2872 4852
414 229 584 293 LIBER
611 229 914 297 SECUNDUS.
1156 234 1217 298 117

197 383 270 448 Sint
283 406 403 469 genere
416 411 425 463 3
447 385 481 449 in
495 386 607 471 primis
622 385 812 451 animalibus
827 385 934 450 indice
947 389 1074 453 mente:
1099 443 1101 447 ,

124 494 186 544 1000
198 483 346 552 Invenies
363 488 408 552 sic
423 489 642 572 montivagum
657 510 761 572 genus
776 509 849 552 esse
865 487 1034 566 Ferarum,

197 587 252 653 Sic
268 588 445 653 Hominum
460 591 601 674 genitam
616 590 752 675 prolem,
769 591 972 675 sic'denique
986 601 1093 656 mutas
1188 613 1190 618 ·
1205 612 1207 620 ’

197 689 443 775 Squamigerum
456 694 612 777 pecudes,
628 703 662 756 et
677 715 815 776 corpora
830 703 948 758 cuncta
963 693 1151 759 Volantum.

201 791 414 878 Quapropter
429 794 556 859 Coelum
572 795 665 859 simili
679 797 803 859 ratione
817 795 984 861 fatendum
1000 796 1051 873 ὀί,

196 892 410 980 Terramque,
427 906 460 960 et
477 896 597 973 Solem,
613 897 752 974 Lunam,
769 896 876 974 Mare,
893 908 1022 975 caetera,
1038 921 1112 982 quae
1128 908 1215 977 sunt,

122 1007 184 1054 1⁰8⁵
196 996 276 1061 Non
290 1019 363 1061 esse
378 999 484 1075 unica,
501 998 561 1062 sed
575 1021 710 1062 numero
725 999 826 1082 magis
842 998 1042 1076 innumemli,

197 1097 472 1183 Quandoquidem
482 1101 556 1163 vitae
572 1100 731 1183 depactus
745 1100 899 1163 terminus
916 1099 980 1164 alte

195 1201 280 1265 Tam
294 1212 403 1265 manet
416 1200 479 1279 his,
494 1212 528 1266 et
543 1212 609 1265 tam
622 1203 731 1266 nativo
745 1202 817 1267 haee
833 1224 969 1286 corpore
984 1214 1145 1282 constant,

196 1303 304 1376 Quam
319 1326 422 1389 genus
439 1326 543 1381 omne,
559 1305 648 1387 qnod
663 1303 715 1367 his
731 1304 909 1387 generatim
925 1305 1025 1368 rebus
1041 1307 1196 1371 abundat.

240 1405 326 1478 Quae
339 1407 423 1469 bene
439 1405 569 1487 cognita
585 1406 612 1468 si
626 1415 756 1482 tenees3
779 1405 911 1469 Natura
924 1407 1053 1471 videtur

124 1518 186 1566 1090
198 1506 321 1571 Libera
335 1508 488 1571 continuo
503 1507 653 1571 Dominis
669 1509 796 1591 privata
812 1508 973 1591 superbis,

195 1607 273 1692 Ipsa
289 1631 422 1693 suaper
438 1631 472 1673 se
489 1620 605 1694 sponte
621 1611 727 1674 omnia
742 1610 816 1673 Diis
833 1632 930 1693 agere
945 1633 1074 1694 expers,
1170 1667 1172 1671 ,
1203 1645 1206 1671 «

195 1710 283 1774 Nam
298 1711 393 1795 (proh
409 1723 520 1776 sancta
536 1711 647 1776 Derim
661 1711 834 1797 tranquilla
848 1722 984 1797 pectora
996 1734 1090 1796 pace,

196 1813 281 1886 Quae
294 1812 458 1898 placidum
473 1815 598 1899 degunt
613 1838 727 1892 aevum,
744 1815 906 1898 vitamque
923 1836 1070 1879 serenam
1079 1815 1102 1898 l)

196 1916 280 1989 Quis
297 1940 410 2001 regere
426 1916 578 1982 Immensi
594 1917 769 1994 Summam,
785 1918 858 2001 quis
873 1916 995 1980 habere
1011 1915 1174 1982 Profundi

117 2030 183 2077 1095
195 2017 280 2083 Indu
295 2042 392 2084 manu
407 2019 529 2084 validas
544 2020 630 2103 potis
646 2030 697 2083 est
712 2019 919 2082 moderanter
932 2017 1102 2084 habenas?

194 2121 416 2205 Quispariter
433 2120 543 2185 Coelos
560 2121 681 2184 omneis
697 2122 912 2184 converteret
936 2130 974 2187 et,
985 2120 1107 2210 omneis
1201 2141 1205 2149 ³

195 2222 330 2306 Ignibus
347 2222 490 2287 aetheriis
506 2232 610 2286 terras
627 2221 736 2311 suffire
752 2221 914 2286 feraceis?

109 2429 262 2491 conjecturis,
274 2430 320 2478 hoc
331 2431 404 2478 modo
415 2430 571 2494 corrigendos
587 2446 645 2479 cen·
679 2440 744 2479 mate
753 2446 826 2494 quem
834 2438 985 2494 argumento,
993 2439 1079 2479 contra
1084 2430 1218 2495 providen-

109 2509 166 2542 seo:
189 2497 263 2542 Unica
273 2512 323 2556 quae
332 2499 452 2558 gignatur,
464 2504 487 2544 et
498 2499 573 2553 σοι’σο,
585 2499 645 2543 ςοίο·
681 2496 740 2543 tiam
751 2505 881 2559 pugnatur.
911 2495 957 2543 Kal
968 2495 1112 2555 μὴνένποῒς
1127 2495 1216 2556 μετεώ-

109 2575 152 2621 que
163 2567 251 2607 creseat
260 2561 433 2622 cujuscunque
443 2560 490 2608 siet
497 2563 561 2609 saeelz‘
567 2579 576 2614 ,·
591 2577 645 2622 per·
679 2578 727 2622 ροις
738 2559 820 2623 φορὰν,
833 2560 872 2608 καί
883 2559 980 2623 τροπὴν,
993 2560 1033 2608 καί
1047 2559 1160 2622 ἔκλειψιν,
1178 2558 1217 2608 καὶ
1296 2609 1297 2613 ,

108 2625 223 2685 multaque
244 2627 318 2672 eodem
336 2626 394 2673 Sunt
408 2642 509 2687 genere:
535 2629 647 2687 imprimis
680 2624 808 2683 ἀνατολὴν,
830 2624 869 2672 καί
887 2623 960 2683 δθσιν,
981 2623 1021 2672 καί
1042 2623 1075 2673 τὰ
1097 2623 1221 2685 σύστοιχαΙ

108 2691 245 2736 animalibus
264 2689 334 2752 injice
352 2697 446 2738 mentem
455 2710 464 2745 ,·
490 2693 595 2738 Invenies
613 2694 647 2737 rte
679 2688 781 2745 τούτοις,
792 2687 854 2749 pirre
865 2691 1062 2753 λειτουργοῦντος
1071 2688 1136 2737 τινὸς
1152 2687 1216 2748 νομί-

110 2756 269 2816 moatt'vagam
280 2761 322 2801 ete.
345 2754 419 2817 Injiee
431 2763 525 2802 mentem
535 2770 549 2802 a
561 2754 647 2818 Lipsio
680 2749 728 2813 ζειν
739 2756 826 2815 χρῆναι
837 2755 933 2811 δεῖσθαι,
946 2752 1007 2814 pirre
1019 2751 1188 2802 διατάττοντος
1201 2753 1217 2811 ἡ

109 2818 191 2880 accepi
203 2837 209 2873 ;
226 2826 293 2866 etex
308 2819 346 2866 bis
363 2819 463 2867 vocibus
479 2819 606 2867 commoda
622 2830 647 2867 et
680 2816 837 2879 διατάξοντος,
850 2817 890 2866 καί
901 2816 950 2879 ἅμα
959 2817 1005 2876 τὴν
1013 2819 1095 2868 πᾶσαν
1105 2815 1215 2880 μνιιαριθ-

108 2881 182 2944 digna
205 2883 319 2931 Lucretio
341 2883 463 2932 sententia
485 2883 568 2947 effingi
590 2892 645 2947 pot·
678 2901 742 2940 τητα
762 2881 862 2944 ἔχοντος
881 2881 944 2942 μέτα
962 2881 1100 2945 ἀφθαρσίας·
1123 2883 1151 2929 οὐ
1170 2881 1218 2944 γὰρ

108 2955 153 2995 est.
679 2949 832 3010 συμφωνοῦσι
845 2949 1011 3011 πραγματεῖαι,
1029 2947 1068 2995 κα1
1085 2946 1217 3009 φροντίδες,

114 3048 116 3052 .
144 3013 213 3060 1081.
237 3015 343 3061 Genitam
359 3012 458 3075 prolem]
481 3013 571 3061 Nescio
591 3013 646 3076 quis
679 3009 958 3074 κα1ὂργαίκα1χιίριτις
971 3010 1133 3075 μακαριότητι,
1151 3010 1218 3059 ἀλλὰ

106 3081 228 3140 geminam,
239 3077 255 3124 i.
269 3093 289 3124 e.
302 3086 432 3140 utrumque
443 3093 536 3126 sexum.
679 3075 795 3140 ἀσθενείᾳ,
808 3076 848 3124 καί
862 3076 937 3139 φόβῳ,
955 3077 994 3124 καί
1010 3076 1154 3139 προσδεήσει
1169 3078 1219 3123 τῶν

143 3143 212 3190 1085.
235 3141 321 3204 Unica]
338 3145 419 3200 Unam,
433 3143 487 3190 MS.
502 3142 586 3200 Nonii,
603 3143 646 3205 qui
678 3139 790 3200 πλησίον.
816 3141 940 3204 Epicurus
951 3141 982 3189 ad
993 3141 1143 3204 Pythoclem.

108 3206 191 3254 laudat
200 3208 265 3254 hunc
275 3222 372 3255 versum
379 3207 405 3254 in
413 3223 473 3256 voce
481 3211 646 3255 innumeratis:
714 3207 784 3254 1095.
801 3204 874 3268 Inda]
893 3206 941 3254 Vel
956 3208 1020 3264 endo,
1040 3205 1056 3253 i.
1075 3221 1095 3253 e.
1116 3209 1156 3253 s'n:
1182 3204 1217 3252 sic

109 3281 135 3319 at
147 3272 201 3319 MS.
213 3272 256 3319 isti
267 3287 298 3319 ne
309 3271 401 3319 eredas.
677 3270 719 3318 lib.
732 3271 777 3318 IV.
790 3286 812 3317 v.
826 3269 880 3320 776.
893 3270 934 3317 lib.
949 3270 994 3317 VI.
1007 3286 1029 3317 v.
1043 3271 1097 3317 890.

144 3337 214 3383 1089.
234 3339 291 3387 Qua
301 3339 353 3383 bene
363 3339 484 3398 cognituri
496 3345 579 3394 teneas,
589 3335 645 3399 eto]
713 3336 783 3382 1096.
803 3333 888 3396 Coelos]
905 3333 970 3391 Quia
986 3333 1096 3381 infinitos
1113 3333 1217 3381 mundos

110 3399 167 3447 Ver.
181 3401 217 3446 15.
231 3415 244 3447 e
256 3399 342 3462 positis
352 3415 397 3460 pro
406 3414 473 3446 more
483 3400 611 3448 Lucretius
621 3400 646 3447 in
679 3400 819 3447 statuebant
835 3397 958 3461 Epicurei,
977 3397 1035 3445 hino
1053 3398 1144 3445 factum
1164 3413 1218 3446 esse

109 3463 293 3511 Providentiam
307 3463 427 3525 impetum
445 3463 518 3510 facit:
542 3479 602 3526 pase
622 3473 648 3512 et
680 3473 708 3511 ut
730 3461 860 3511 Lucretius
881 3462 1018 3524 Epicureus
1033 3461 1063 3510 τδ
1083 3465 1149 3510 οοοίοο
1171 3478 1217 3510 nu·

109 3527 159 3575 atio
172 3529 239 3575 Deos
251 3527 309 3576 olim
320 3527 426 3585 donavit,
443 3527 499 3589 quia
512 3527 574 3575 nihil
589 3529 646 3576 bea·
680 3543 748 3575 mero
756 3526 928 3584 multitudinis,
938 3542 992 3589 quae
1001 3542 1049 3574 vox
1060 3528 1141 3576 ἑνικῶς
1152 3543 1216 3576 sem-

110 3601 161 3640 tum
177 3591 419 3656 quodnegotiosum
440 3594 491 3653 jam
507 3607 565 3640 vero
580 3592 649 3640 foelix
680 3607 725 3655 per
747 3591 845 3649 dicitur,
870 3601 932 3639 teste
956 3592 1080 3640 Frontone
1103 3591 1219 3641 Cornelio

109 3659 255 3720 beatumque
271 3672 362 3704 numen
379 3656 499 3718 aliquibus
516 3657 581 3706 curis
598 3657 647 3705 dis·
680 3657 745 3721 apud
755 3656 869 3714 Gellium,
881 3656 923 3704 lib.
935 3656 1008 3704 XIX.
1018 3673 1070 3720 cap.
1084 3659 1106 3705 8.
1135 3658 1216 3706 Tana·
1237 3685 1240 3693 ·

110 3723 186 3787 tringi
198 3738 269 3785 posse
286 3737 469 3785 supponamus;
494 3737 548 3784 quae
566 3731 648 3770 autem
681 3721 770 3784 quillus
783 3721 862 3769 Faber
873 3721 903 3769 ad
915 3721 1057 3770 Lucretium
1074 3723 1218 3770 observabat

108 3788 145 3839 vis
152 3788 262 3836 infinitos
272 3787 375 3835 mundos
382 3802 474 3850 regere,
484 3803 537 3849 quae
546 3787 645 3844 solibus,
678 3786 817 3850 ingeniose:
839 3788 868 3834 τδ
884 3789 937 3834 coeli
955 3795 1037 3834 tamen
1054 3789 1218 3845 πληθυντικῶς

109 3853 188 3911 terris,
202 3862 247 3901 ete.
260 3851 396 3900 innumeris
407 3851 539 3915 praesidere
549 3853 645 3901 valeat?
679 3851 786 3900 occurrit
802 3850 827 3898 in
844 3852 890 3899 hoc
907 3867 980 3900 versu
996 3851 1155 3900 vetustissimi
1172 3867 1217 3914 po-v

109 3918 204 3966 Infiniti
217 3917 283 3966 enim
293 3917 378 3965 mundi
389 3919 466 3978 maj0r
477 3926 535 3965 sunt
546 3917 646 3981 provin·
679 3920 739 3972 ὅςιος
757 3919 850 3978 Jupiter
861 3920 885 3964 ιό
897 3920 968 3975 eoelis,
982 3920 1061 3965 Cesar
1071 3920 1133 3979 regit
1144 3919 1218 3964 ommia

110 3983 147 4031 cia
159 3999 232 4046 quam
243 3992 271 4030 ut
287 3997 302 4030 a
319 3983 374 4029 Deo
390 3982 429 4030 vel
445 3981 551 4029 maxime
569 3998 645 4045 nego·
679 3986 755 4030 terris.
785 3981 924 4044 Menagius.

108 4047 170 4101 tioso
177 4047 302 4096 commode
309 4045 473 4094 administrari
481 4046 565 4110 possit
584 4048 645 4095 Haec
713 4046 782 4096 1097.
801 4045 894 4109 Saffire]
908 4045 1039 4103 Calfaeere,
1051 4044 1217 4106 suffumigare,

108 4111 198 4175 impius
215 4112 245 4159 de
263 4111 353 4176 pusillo
372 4111 420 4159 isto
438 4112 493 4160 Deo
510 4127 582 4173 quem
600 4112 644 4159 ho·
679 4126 812 4174 vaporare:
831 4110 866 4158 sic
876 4111 918 4158 lib.
933 4111 978 4159 lv.
1012 4113 1044 4159 m
1060 4113 1165 4157 miseram
1183 4115 1218 4154 te-

110 4175 170 4223 mini
181 4176 286 4224 similem
296 4176 397 4224 effinxit.
427 4177 564 4224 Scommate
577 4176 645 4224 deni·
681 4176 952 4224 trissesuffitordorr'bus
964 4181 1021 4236 ipsa
1048 4174 1082 4220 Et
1091 4171 1218 4234 Virgilius,

111 4253 164 4299 que,
187 4256 235 4302 quo
258 4241 332 4289 Athei
353 4241 514 4289 communiter
536 4250 647 4298 utuntur,
681 4242 769 4304 Georg.
784 4241 828 4288 lv.
860 4243 894 4288 Et
910 4240 991 4288 suffire
1011 4242 1092 4300 thymo,
1112 4252 1218 4297 cerasque

112 4303 234 4352 concludit
242 4306 329 4364 omnia,
343 4315 367 4354 et
376 4316 442 4354 certe
454 4306 557 4355 foelicius
569 4322 646 4354 scam·
680 4309 781 4355 recidere
792 4309 878 4353 inanes.
