2872 4852
456 246 628 314 LIBER
661 245 889 314 SEXTUS.
1164 244 1230 316 323

111 475 112 480 γ
209 405 268 470 Nil
283 405 347 470 sint
361 405 404 469 ad
419 404 583 469 Summam
598 405 743 472 Summai
757 406 856 470 totius
872 425 1021 469 omnem..

142 521 192 569 680
248 509 348 574 Nuric
363 518 481 585 tamen,
496 506 550 572 illa
564 509 668 573 modis
684 508 803 592 quibus
818 507 949 571 inritata
963 515 1099 591 repente

207 609 349 674 Flamma
364 610 451 674 foras
465 610 565 674 vastis
580 609 693 675 AEtnae
709 609 894 674 fornacibus
908 608 1009 686 efflet,

207 712 401 797 Expediam.
440 711 585 776 Primum
600 713 700 776 totius
717 713 859 777 subcava
872 711 989 775 montis

145 806 147 809 ’
207 814 271 877 Est
284 824 412 891 natura,
429 813 496 879 fere
513 813 636 879 silicum
652 813 786 879 suffulta
800 813 963 879 cavernis:
1046 830 1051 838 ’

207 916 369 981 Omnibus
384 927 435 981 est
448 938 547 1001 porro
563 917 595 980 in
612 915 774 1000 speluncis
790 916 919 981 Ventus
934 912 1073 979 et·Aiir:

141 1030 189 1077 685
204 1017 333 1084 Ventus
349 1021 433 1083 enim
447 1018 496 1096 fit,
513 1019 571 1083 ubi
584 1029 635 1082 est
649 1018 803 1103 agitando
817 1019 961 1102 percitus
977 1017 1058 1080 Aer.

206 1120 273 1186 Hic
287 1121 345 1184 ubi
359 1119 529 1204 percaluit,
545 1118 757 1205 calefecitque
773 1121 879 1184 omnia
893 1121 1014 1185 circum

206 1222 296 1286 Saxa
310 1221 433 1298 furens,
449 1244 515 1305 qua
530 1222 698 1307 contingit,
714 1222 929 1307 Terramque,
946 1230 980 1286 et
995 1221 1037 1286 ab
1052 1217 1123 1284 ollis

207 1323 366 1387 Excussit
380 1321 518 1386 calidum
533 1323 669 1387 flammis
684 1323 849 1388 velocibus
865 1325 991 1408 ignem3

206 1423 309 1489 Tollit
324 1447 370 1502 se,
387 1447 424 1489 ac
439 1426 536 1490 rectis
551 1427 596 1489 ita
612 1425 759 1490 faucibus
777 1426 865 1510 ejicit
880 1425 956 1502 alte,

142 1539 191 1586 690
205 1526 393 1610 Funditque
409 1527 559 1592 ardorem
573 1526 681 1611 longe,
696 1526 858 1611 longeque
874 1525 1013 1590 favillam

207 1628 341 1706 Differt,
357 1639 391 1693 et
406 1651 516 1694 crassa
530 1628 628 1694 volvit
643 1628 779 1714 caligine
795 1628 940 1707 fumum;

206 1731 429 1815 Extruditque
447 1731 540 1795 simul
554 1733 700 1797 mirando
715 1733 862 1816 pondere
878 1753 979 1796 saxa:

204 1834 259 1899 Ne
274 1835 416 1912 dubites,
433 1835 512 1919 quin
525 1835 596 1900 haec
612 1833 743 1900 Animal
758 1835 891 1898 turbida
907 1835 949 1898 sit
964 1834 1023 1898 vis.

247 1937 424 2016 Praeterea,
440 1960 556 2022 magna
571 1960 613 2003 ex
628 1938 715 2022 parti
730 1937 826 2000 Mare
841 1937 959 2000 montis
976 1935 1019 2000 ad
1033 1936 1105 2020 ejus

140 2052 187 2098 696
202 2038 346 2104 Radices
361 2040 481 2124 frangit
496 2040 628 2116 fluctus,
645 2048 825 2123 aestumque
840 2040 1009 2103 resorbet:

205 2140 260 2204 Ex
274 2140 338 2205 hoc
353 2164 458 2225 usque
473 2142 554 2207 mari
567 2139 740 2225 Speluncas
754 2136 880 2204 Montis
896 2140 940 2204 ad
955 2138 1037 2204 altas

205 2240 406 2306 Perveniunt
421 2244 535 2307 subter
550 2242 690 2320 fauceis3
714 2241 789 2306 Hac
804 2243 852 2306 ire
867 2241 1036 2306 fatendum
1051 2241 1101 2336 'st,

209 2343 289 2407 “Et
301 2355 473 2429 penetrare
488 2345 568 2408 mari
581 2344 712 2427 penitus
728 2365 781 2406 res
797 2344 885 2427 cogit
899 2353 1033 2428 aperto:
1130 2405 1135 2428 ¹

207 2443 320 2529 Atque
335 2444 446 2510 efflare
462 2445 561 2522 foras,
576 2445 718 2529 ideoque
733 2442 891 2508 extollere
906 2444 1062 2518 flammas,

144 2557 192 2609 70⁰
207 2547 360 2630 Saxaque
377 2548 572 2632 subjectare,
589 2556 623 2612 et
637 2569 745 2611 arenae
760 2544 874 2611 tollere
888 2547 1026 2610 nimbos.

207 2649 248 2713 In
264 2671 387 2714 summo
403 2660 479 2714 sunt
493 2649 657 2734 ventigeni
672 2647 837 2726 Crateros,
853 2658 890 2712 ut
905 2648 969 2732 ipsi

156 2835 211 2883 686.
230 2838 300 2884 Nunc
314 2844 396 2895 tumen,
414 2836 613 2900 illustratam]
631 2836 658 2886 Si
691 2854 740 2886 aus.
780 2837 903 2902 Displicet
924 2838 976 2885 haec
998 2835 1078 2894 lectio,
1102 2849 1181 2898 neque
1203 2833 1230 2882 id

121 2897 230 2961 inquiras
243 2915 287 2949 cur
298 2901 406 2949 collecte
422 2901 448 2949 in
465 2902 541 2950 AEtna
554 2902 659 2950 flamme
690 2902 794 2964 injuria;
812 2918 870 2951 nam
879 2918 928 2950 non
937 2902 968 2949 de
979 2900 1062 2959 maris,
1073 2899 1117 2949 sed
1123 2899 1154 2948 de
1161 2898 1229 2948 venti

121 2973 251 3027 erumpant
266 2974 334 3013 tanto
350 2965 451 3029 impetu,
464 2982 485 3014 v.
499 2968 537 3014 al.
550 2966 658 3014 declara·
690 2965 717 3015 in
739 2967 868 3031 speluncas
890 2965 1003 3030 ingressu
1023 2965 1111 3028 agitur.
1150 2964 1230 3012 Faber

121 3036 161 3077 tur
172 3029 242 3077 ratio.
261 3029 381 3089 Breviter,
394 3031 418 3078 vi
429 3031 496 3078 venti
508 3031 537 3079 fit
548 3031 657 3095 eruptiot
691 3031 822 3094 legendum
840 3040 919 3095 putat,
935 3033 970 3080 nt
983 3039 1106 3092 penetrare
1122 3029 1229 3077 animam

120 3092 188 3140 venti
199 3103 281 3141 autem
296 3093 368 3142 istius
384 3094 478 3143 semina
489 3111 520 3144 ex
534 3096 657 3144 Universa
686 3100 781 3157 penitus
791 3113 829 3145 rer
839 3110 927 3158 cogere
938 3103 1025 3156 aperto.
1044 3095 1136 3142 Sensus
1146 3093 1229 3155 itaque

120 3155 218 3205 infinito
228 3157 338 3216 veniunt,
350 3168 376 3206 et
387 3159 413 3206 in
425 3168 508 3207 monte
520 3159 658 3208 AEtnacol·
691 3170 717 3208 et
738 3161 798 3208 ordo
817 3161 948 3209 verborum
964 3160 999 3208 sic
1022 3173 1076 3207 sese
1097 3158 1229 3206 habebunt.

120 3220 191 3277 lecta,
200 3221 309 3270 flammas
321 3222 360 3271 vel
371 3222 475 3271 latentes
486 3223 513 3271 in
525 3223 658 3272 visceribus
691 3226 820 3272 Fatendum
831 3232 866 3273 ert
876 3227 977 3272 animam
989 3220 1114 3298 (ventum)
1131 3225 1174 3269 buc
1185 3224 1228 3278 ire,

121 3286 219 3343 montis,
241 3286 280 3334 vel
301 3302 332 3334 ex
352 3286 407 3349 ipso
426 3296 510 3335 moute
530 3302 658 3351 expressas
690 3295 714 3336 et
725 3305 803 3350 cogere
815 3304 852 3336 rer
863 3285 954 3351 (ignes,
966 3285 1106 3342 scintillam,
1124 3285 1228 3343 cineres,

122 3348 230 3411 ejiciunt,
242 3366 265 3397 v.
285 3351 323 3398 14.
357 3350 409 3398 Aut
420 3359 508 3400 ventus
524 3350 571 3399 iste
587 3350 660 3398 irruit
692 3350 830 3415 saxaetc.)
845 3359 967 3412 penetrare
982 3358 1068 3412 aperto,
1085 3350 1167 3407 idest,
1184 3363 1231 3412 per

121 3427 166 3475 per
174 3413 303 3476 speluncas
312 3430 365 3476 quae
374 3414 577 3463 suntadradices
589 3430 658 3462 mon·
692 3425 811 3478 apertum,
831 3431 875 3463 seu
894 3415 1011 3479 perillus
1028 3414 1117 3462 fauces
1152 3414 1230 3462 Istam

122 3476 161 3534 tis,
174 3487 199 3524 et
214 3492 317 3540 quarum
329 3494 378 3536 ora,
395 3494 451 3526 cum
468 3493 562 3527 marea
578 3478 659 3527 littore
692 3478 920 3542 interpretationem
931 3479 1020 3528 vitiosa
1028 3494 1091 3527 nuce
1103 3493 1153 3526 non
1163 3493 1228 3526 eme-

121 3541 220 3597 recedit,
233 3542 310 3603 (mare
328 3542 394 3590 enim
404 3543 500 3591 radices
516 3543 606 3591 montis
622 3542 658 3591 al·
691 3558 751 3592 rem
786 3543 813 3591 Si
831 3543 912 3607 placet
928 3559 977 3592 vox
994 3543 1231 3606 animabatur

120 3604 211 3666 luit)a
228 3615 280 3654 erta
289 3617 354 3664 sunt,
366 3617 439 3669 atque
450 3607 485 3656 ita
497 3607 563 3655 efflat
573 3607 643 3670 ignes
653 3626 659 3663 ς
693 3612 754 3670 cogit
762 3615 851 3669 aperta,
863 3618 892 3657 ut
902 3607 960 3657 alibi
976 3606 1097 3670 murmura
1111 3609 1176 3656 docet
1185 3625 1229 3657 rer.

122 3686 143 3718 v.
157 3672 179 3721 7.
241 3671 329 3734 enique
340 3672 366 3719 in
377 3671 439 3735 ipsis
448 3672 559 3721 faucibus
570 3671 661 3720 montis
693 3672 734 3720 Ex
744 3675 804 3720 marr·
812 3681 891 3734 aperto
902 3672 944 3721 vix
953 3672 1041 3734 aliquis
1052 3687 1138 3721 sensus
1148 3681 1231 3736 potest

120 3744 270 3799 generantur
281 3735 355 3793 venti,
370 3752 392 3784 v.
406 3738 438 3786 2.,
462 3736 502 3786 Sic
515 3734 659 3801 multaspo·
693 3737 805 3801 exprimi,
826 3737 867 3799 qui
885 3752 944 3786 vero
962 3737 1022 3786 istas
1042 3753 1113 3786 voces
1132 3737 1230 3796 retinet,

121 3799 158 3849 nit
176 3815 269 3858 causas,
291 3811 318 3848 ut
340 3801 463 3850 intereas
481 3816 531 3850 uua
551 3816 616 3858 vera,
635 3810 661 3849 et
692 3801 738 3849 hoc
749 3802 822 3850 modo
838 3802 1021 3865 interpretetur,
1033 3805 1092 3850 mart
1103 3801 1231 3865 aperta-id

120 3874 187 3913 certa
199 3865 329 3922 diceretur,
342 3881 364 3913 v.
378 3867 400 3914 9.
694 3877 738 3924 est,
750 3882 805 3915 cum
818 3882 885 3914 mare
896 3866 989 3915 recedit
1000 3881 1015 3914 a
1025 3866 1147 3916 radicibus
1158 3865 1230 3915 istius

153 3930 209 3979 693.
222 3929 331 3993 Animut]
341 3929 429 3985 Venti;
444 3929 517 3978 alibi:
534 3929 659 3988 Horatius,
693 3931 791 3989 montis,
803 3939 828 3979 et
837 3932 947 3980 resorbet
954 3931 1050 3980 fluctus.

120 3994 428 4056 Impellantanimaelintea
442 3997 554 4042 Thracica.
726 3994 780 4046 700.
804 3999 909 4058 Saxaque
931 3994 1073 4059 subjectare]
1100 3995 1131 4042 ln
1153 3994 1229 4042 altum
1317 4055 1318 4063 ἵ

154 4059 209 4107 698.
222 4061 255 4107 Et
268 4067 391 4120 peremere
406 4063 473 4116 mari,
485 4058 542 4121 eta]
555 4058 614 4117 Alii,
628 4062 660 4107 Et
688 4059 794 4109 tollerer
812 4059 860 4108 vid„
872 4060 913 4109 lib
929 4061 949 4109 1.
961 4077 983 4110 v.
998 4063 1020 4109 8.

121 4130 241 4181 peremere
269 4140 338 4181 mure,
365 4132 388 4172 et
413 4128 506 4186 penitus
533 4140 557 4171 re
585 4128 660 4187 cogier
726 4124 780 4175 701.
797 4123 1049 4188 VentigeniCrattres]
1062 4122 1229 4179 Abiturum·

123 4193 194 4234 arcto.
236 4187 373 4237 Fatendum
397 4198 434 4237 est
457 4203 524 4237 mare
551 4204 596 4252 per
615 4189 660 4236 has
692 4193 950 4239 mematuerttcer'tem
963 4193 1076 4238 crateres.
1099 4185 1170 4234 Prior
1181 4184 1230 4233 lec·

123 4249 251 4311 speluncas
267 4262 403 4314 peuetrare,
416 4262 441 4303 et
456 4253 556 4317 penitus
573 4253 599 4301 in
615 4268 658 4301 an·
693 4253 728 4302 tio
737 4254 826 4367 placet,
836 4252 927 4317 quippe
938 4253 1033 4301 duobus
1043 4250 1110 4298 hisce
1122 4247 1232 4298 versibus

123 4323 222 4375 gustum
233 4315 287 4378 cogi
296 4332 311 4365 ι
321 4317 402 4381 seipso
410 4327 547 4367 coarctato:
566 4320 659 4368 Lumbi·
693 4319 737 4367 dec
747 4327 837 4377 aratur,
847 4327 947 4366 ventum
957 4331 1006 4364 non
1016 4322 1111 4363 tantum
1122 4327 1167 4377 por
1174 4328 1230 4377 spe·
