2872 4852
221 241 285 303 282
603 242 645 306 T.
678 241 948 308 LUCRETII

309 397 428 469 “Quae
442 419 527 460 nunc
542 397 575 460 in
590 399 714 482 magnis
729 399 848 463 florent
863 421 955 464 sacra
970 399 1073 482 rebu',
1086 397 1251 485 locisquet

307 497 406 562 Unde
421 499 519 562 etiam
534 522 619 564 nunc
635 510 687 564 est
702 499 899 566 Mortalibus
915 502 1031 566 insitus
1046 501 1189 581 Horror,

232 611 293 659 1161
307 600 375 672 Qui
389 599 527 664 delubra
541 598 651 664 Derim
666 624 749 666 nova
762 612 832 667 toto
847 604 983 667 suscitat
997 604 1069 667 orbi

306 702 495 780 Terrarum,
511 713 545 767 et
559 703 650 767 festis
666 705 753 788 cogit
768 703 934 770 celebrare
950 706 1085 770 diebus:

305 803 383 868 Non
399 805 444 868 ita
460 805 588 870 difficile
603 805 644 869 ‘st
658 807 815 870 rationem
829 808 969 871 reddere
984 808 1103 871 verbis.

349 906 483 990 Quippe
499 908 617 971 etenim
628 909 696 992 jam
712 919 780 972 tum
796 907 918 972 Divfim
934 907 1090 973 Mortalia
1105 909 1200 974 saecla

306 1008 467 1093 Egregiae
485 1010 590 1073 animo
605 1009 704 1074 facies
719 1009 871 1094 vigilante
887 1011 1052 1088 videbant,

231 1119 293 1170 117⁰
307 1110 353 1173 Et
367 1113 469 1195 magis
484 1113 517 1174 in
531 1113 650 1176 somnis
666 1114 813 1177 mirando
827 1114 973 1197 corporis
988 1124 1098 1178 auctu.

304 1211 368 1275 His
384 1213 482 1296 igitur
498 1200 628 1278 sensum
645 1215 842 1292 tribuebant,
859 1225 1034 1299 propterea
1048 1216 1138 1298 quod

305 1313 456 1379 Membra
470 1337 598 1380 movere
613 1317 818 1393 videbantur,
834 1338 995 1400 vocesque
1012 1318 1171 1401 superbas

304 1415 439 1480 Mittere
454 1438 516 1502 pro
529 1417 611 1483 facie
625 1418 793 1503 praeclara,
810 1429 844 1482 et
859 1419 980 1482 viribus
997 1418 1122 1503 amplis

345 1519 583 1604 AEternamque
599 1521 723 1585 dabant
738 1522 845 1597 vitam,
861 1521 938 1603 quia
952 1542 1080 1605 semper
1094 1542 1207 1586 eorum

229 1629 291 1681 1175
304 1621 585 1704 suppeditabatur
600 1621 710 1700 facies,
726 1633 760 1687 et
775 1622 878 1686 forma
892 1624 1055 1700 manebat,

303 1724 364 1804 (Et
378 1733 486 1787 manet
501 1725 642 1808 omnino)
658 1734 692 1788 et
706 1725 795 1807 quod
811 1725 909 1787 tantis
925 1724 1048 1788 viribus
1063 1734 1176 1789 auctos

302 1824 381 1888 Non
397 1835 518 1889 temere
533 1825 598 1889 ulla
612 1826 644 1889 vi
659 1826 805 1891 convinci
820 1848 918 1910 posse
934 1829 1107 1911 putabant.

344 1925 563 2011 Fortunisque
578 1928 653 1992 ideo
667 1927 764 2012 longe
780 1939 936 2013 praestare
952 1930 1124 2013 putabant,

302 2028 404 2100 Quod
418 2031 530 2094 mortis
545 2030 641 2094 timor
655 2030 746 2095 haud
760 2053 956 2115 quemquam
970 2041 1104 2095 vexaret
1118 2053 1242 2110 eorum,

228 2140 290 2188 1180
304 2131 350 2195 Et
365 2132 459 2195 simul
473 2132 507 2196 in
523 2135 642 2197 somnis
658 2133 735 2218 quia
748 2131 859 2210 multa,
876 2141 910 2196 et
925 2132 1005 2196 mira
1021 2133 1176 2197 videbant

301 2233 454 2311 Efficere,
470 2246 504 2299 et
519 2230 641 2299 nullum
655 2257 774 2319 capere
789 2236 878 2319 ipsos
893 2235 970 2298 inde
982 2233 1137 2299 laborem.

344 2335 521 2414 Praeterea,
540 2335 624 2400 Coeli
638 2337 779 2400 rationes
796 2337 911 2400 ordine
925 2346 1027 2410 certo,

300 2437 348 2502 Et
362 2440 450 2503 varia
465 2460 623 2503 annorum
637 2441 814 2505 cernebant
829 2450 976 2522 tempora
991 2439 1092 2515 verti;

298 2540 374 2604 Nec
387 2551 540 2625 poterant
554 2543 673 2625 quibus
688 2542 723 2606 id
738 2541 834 2606 fieret
848 2562 1046 2626 cognoscere
1062 2539 1188 2605 causis:

225 2652 288 2700 1185
301 2642 393 2726 Ergo
408 2643 593 2728 perfugium
610 2643 671 2707 sibi
685 2643 852 2708 habebant
868 2643 975 2708 omnia
990 2643 1085 2706 Divis

299 2743 460 2821 Tradere,
475 2755 509 2808 et
524 2743 650 2809 illorum
664 2754 747 2808 nutu
761 2744 869 2810 facere
885 2746 991 2808 omnia
1005 2745 1103 2808 flecti.

341 2845 379 2908 In
396 2846 555 2930 Caeloque
571 2845 682 2910 Derim
698 2847 805 2923 sedes,
821 2857 855 2910 et
869 2846 990 2932 templa
1002 2845 1163 2922 locdrunt,

298 2945 365 3008 Per
380 2945 498 3010 coelum
512 2946 596 3010 volvi
611 2948 687 3031 quia
703 2947 771 3024 Sol,
787 2958 821 3011 et
837 2948 935 3012 Luna
948 2950 1119 3013 videntur:

298 3048 405 3126 Luna,
422 3049 515 3126 Dies,
531 3060 564 3114 et
577 3048 668 3126 Nox,
685 3058 719 3112 et
733 3049 836 3113 noctis
852 3050 953 3134 Signa
969 3074 1092 3128 severa,

223 3161 286 3210 1190
297 3150 556 3237 Noctivagaeque
570 3150 658 3216 faces
674 3151 759 3228 coeli,
776 3151 994 3237 Flammaeque
1010 3152 1168 3229 volantes,

295 3253 432 3333 Nubila,
449 3254 533 3332 Ros,
549 3255 687 3332 Imbres,
704 3254 787 3332 Nix,
803 3253 916 3332 Venti,
932 3254 1092 3332 Fulmina,
1109 3254 1261 3332 Grando,

243 3415 312 3464 1163.
329 3419 385 3469 Quae
401 3432 461 3464 mene
477 3419 502 3463 tn
517 3413 681 3479 magalacio]
695 3414 745 3463 Hic
778 3415 850 3463 v.ll.
880 3413 946 3461 Nam
955 3429 1010 3462 cum
1020 3413 1128 3462 siderum
1136 3410 1321 3472 conversiones,

208 3492 292 3528 tersus
304 3480 343 3528 vel
354 3481 452 3544 spurius
464 3488 507 3538 est,
517 3480 556 3529 vel
568 3489 637 3529 extra
648 3496 745 3528 omnem
778 3477 959 3527 vicissitudines
971 3487 1151 3542 tempestatum,
1163 3475 1318 3540 grandinem,

207 3543 322 3592 medendi
334 3561 402 3609 spem
411 3547 489 3606 Jacet3
507 3561 592 3594 seusus
602 3544 668 3593 euim
679 3544 746 3593 illius
778 3544 868 3600 nivem,
885 3554 972 3592 ventos
989 3542 1102 3606 denique,
1120 3542 1260 3604 fulmenque
1277 3542 1316 3590 vi-

208 3621 261 3654 esse
272 3609 396 3666 debuerat,
414 3613 470 3661 Quae
485 3627 546 3658 nune
562 3613 586 3657 tn
602 3613 690 3658 cunctis
699 3609 743 3671 su·
778 3608 860 3656 derint
875 3607 995 3663 homines,
1013 3623 1092 3670 neque
1109 3622 1157 3670 quo
1173 3606 1246 3654 modo
1263 3605 1318 3655 haec

206 3673 496 3735 maturisquefocirqae:
516 3673 601 3722 Faber.
624 3674 743 3722 Atsauus
776 3673 865 3720 fierent
885 3672 1007 3736 explicare
1027 3680 1168 3735 potuerunt,
1189 3670 1318 3734 fugiebant

206 3734 303 3783 videtur
315 3751 399 3784 versus
409 3746 434 3784 11
445 3737 547 3800 integer.
776 3737 808 3785 ad
820 3737 909 3795 Deum,
921 3751 978 3784 nam
990 3746 1131 3785 constantes
1141 3735 1249 3784 siderum
1262 3751 1318 3784 mo.

241 3797 310 3848 1176.
340 3799 385 3861 (Et
407 3809 482 3848 1111111
504 3802 603 3863 manino)
625 3809 649 3849 11
670 3799 743 3862 qaod]
776 3801 866 3849 tuscui
882 3801 964 3865 potius
981 3816 1053 3862 quam
1070 3799 1177 3865 sapienti
1192 3800 1316 3862 guberna·

206 3863 405 3920 Alitacenon
424 3864 742 3926 omniuo,qaor‚·quiquid
776 3865 823 3913 tori
842 3865 1019 3913 attribuerent?
1045 3874 1070 3913 et
1088 3864 1131 3914 ubi
1147 3863 1213 3912 illius
1231 3864 1317 3913 sedem

205 3929 283 3977 velint
297 3928 345 3992 ipsi
356 3927 463 3975 videant.
492 3928 552 3986 Alii,
564 3932 741 3976 1111111111-
775 3928 857 4005 aptius
870 3945 944 3992 quam
960 3929 986 3976 iu
1003 3929 1066 3978 coelo
1081 3930 1237 3988 collocarent,
1248 3929 1317 3978 unde

204 3996 345 4055 1111111111·
362 3991 387 4039 id
397 4002 442 4050 est,
452 4007 551 4040 necesse
563 4002 591 4040 ut
601 4002 700 4040 maneat
710 3993 741 4040 il·
775 4009 826 4052 mx,
838 3995 938 4058 mando,
951 3993 1052 4051 fulmen,
1064 3996 1129 4042 1111

204 4057 283 4107 lorsam
295 4057 372 4105 forma
383 4073 450 4118 quos,
463 4066 508 4104 etc.
809 4059 871 4106 Ibid.
892 4058 1079 4121 veteratione]
1098 4059 1313 4107 3111011111-

218 4125 309 4172 1182.
333 4124 457 4177 Praeterea,
478 4123 536 4169 Coels'
555 4124 663 4178 rationes,
683 4120 740 4184 111]
775 4130 828 4176 terr
852 4138 916 4187 saepe
935 4121 1071 4182 Lucretius,
1090 4133 1116 4171 et
1134 4121 1222 4171 melius
1240 4138 1314 4186 quam

205 4187 232 4236 Si
250 4189 323 4236 eliam
340 4185 466 4250 religionis
483 4184 603 4249 originem
622 4184 740 4246 requiras,
774 4190 826 4235 coelt
837 4191 946 4250 regiones.

205 4268 236 4301 en
252 4267 380 4302 causarum
397 4249 545 4300 naturalium
563 4248 739 4313 ignorantiam!
809 4253 879 4300 1189.
897 4248 1071 4314 Stgucreoera]
1085 4249 1242 4309 1111111111.
