2872 4852
476 241 646 308 LIBER
677 243 899 311 PRIMUS.
1198 250 1241 313 37

218 397 416 476 ConcursuS,
434 398 559 478 Motus,
577 400 684 479 Ordo,
702 401 865 479 Positura,
882 401 1024 486 Figurae,

217 500 374 566 Efficiunt
390 500 500 586 Ignes,
514 512 704 588 mutatoque
720 505 834 568 ordine
849 514 976 568 mutant

216 601 397 681 Naturam;
420 626 526 688 neque
542 615 618 668 sunt
633 605 707 689 Igni
723 605 882 681 simulata,
898 627 1005 690 neque
1020 605 1094 669 ullae

216 703 382 769 Praeterea
398 706 466 782 reii,
483 729 557 790 quae
572 728 711 790 corpora
725 707 853 771 mittere
867 708 972 790 possit

150 817 197 865 690
216 805 385 884 Sensibus,
401 818 435 871 et
448 818 579 873 nostros
594 810 726 894 adjectu
742 820 876 894 tangere
892 820 1009 874 tactus.

259 909 380 974 Dicere
394 932 493 994 porro
509 912 624 996 Ignem
639 934 691 977 res
707 914 829 977 omneis
844 935 929 988 esse,
945 934 1052 997 neque
1067 914 1166 979 ullam

215 1011 301 1076 Rem
315 1035 424 1077 veram
438 1014 471 1077 in
485 1037 621 1079 numero
636 1038 746 1080 rerum
760 1026 921 1091 constare,
938 1015 1000 1079 nisi
1013 1015 1138 1100 Ignem,

217 1113 317 1186 Quod
333 1113 411 1179 facit
425 1114 496 1179 Hrc
512 1116 614 1193 Innn,
630 1117 828 1201 perdelirum
843 1139 916 1181 esse
931 1118 1071 1182 videtur.

214 1215 303 1280 Nam
319 1227 431 1281 contra
447 1217 571 1282 Sensus
586 1222 627 1284 ab
642 1219 800 1294 Sensibus
814 1221 885 1303 ipse
901 1232 1074 1306 repugnat,
1125 1210 1131 1217 ³

150 1329 197 1377 695
216 1318 264 1382 Et
278 1318 453 1384 labefactat
466 1343 535 1399 eos,
548 1324 636 1387 unde
653 1325 758 1387 omnia
772 1324 896 1387 credita
908 1324 1072 1406 pendent3

216 1419 315 1484 Unde
329 1419 383 1485 hic
399 1423 547 1506 cognitus
561 1434 613 1487 est
627 1424 702 1508 ipsi,
718 1446 815 1508 quem
829 1425 972 1487 nominat
987 1424 1111 1508 Ignem.
1123 1507 1126 1509 Ι

215 1522 330 1587 Credit
343 1524 429 1587 enim
444 1524 697 1610 Sensuslgnem
713 1548 911 1610 cognoscere
926 1549 1013 1603 vere,

215 1624 343 1689 Caetera
358 1649 423 1690 non
438 1628 553 1704 credit,
568 1627 670 1691 nihilo
685 1651 759 1711 quae
774 1627 862 1692 clara
876 1628 981 1692 minus
997 1639 1091 1692 sunt:

215 1726 316 1799 Quod
331 1727 409 1791 mihi
424 1751 498 1792 cum
513 1752 641 1806 vanum,
659 1739 728 1792 tum
743 1728 882 1792 delirum
896 1752 969 1794 esse
983 1730 1123 1795 videtur.

151 1837 198 1888 700
218 1828 295 1901 Quo
310 1829 488 1894 referemus
504 1830 611 1894 enim?
646 1830 737 1903 Quid
753 1831 847 1895 nobis
863 1832 983 1896 certius
998 1832 1078 1915 ipsis

214 1930 371 1996 Sensibus
386 1954 459 1996 esse
474 1942 594 2016 potest,
611 1955 677 2017 quo
693 1955 770 1997 vera
785 1954 823 1996 ac
838 1932 919 1996 falsa
934 1937 1104 1998 notemus?

256 2032 434 2110 Praeterea,
451 2056 553 2118 quare
568 2035 741 2119 quisquam
755 2035 858 2119 magis
874 2031 994 2100 Omnia
1008 2033 1112 2112 tollat,

129 2219 130 2223 Ἰ
214 2134 261 2199 Et
275 2135 352 2200 velit
367 2135 507 2200 Ardoris
523 2147 672 2200 naturam
687 2137 833 2221 linquere
849 2136 961 2215 solam,

215 2237 324 2310 Quam
336 2247 435 2321 neget
449 2259 522 2301 esse
538 2238 639 2321 Ignis
657 2238 822 2302 Summam
837 2249 944 2302 tamen
958 2260 1032 2302 esse
1046 2237 1231 2323 relinquat?

51 2342 55 2355 '
151 2348 198 2399 705
217 2337 331 2421 AEqua
346 2338 475 2401 videtur
489 2338 575 2400 enim
590 2339 753 2402 dementia
768 2339 877 2402 dicere
892 2348 1077 2422 utrumque.

260 2439 474 2523 Quapropter
489 2439 546 2522 qui
561 2436 736 2502 Materiem
749 2461 858 2503 rerum
874 2461 946 2503 esse
960 2437 1119 2522 putarunt

130 2528 133 2532 ⁴
212 2541 340 2626 Ignem,
357 2551 455 2624 atque
470 2564 512 2604 ex
527 2540 601 2624 Igni
617 2540 782 2606 Summam
796 2543 973 2607 consistere
989 2563 1105 2626 posse-3

161 2759 216 2807 691.
233 2762 319 2809 Dicere
324 2776 395 2821 porro
406 2761 490 2822 Ignem,
502 2757 558 2820 etc]
570 2757 620 2807 His
639 2760 666 2806 ll
701 2757 802 2808 molitus
822 2767 904 2807 autem
923 2757 965 2820 qui
984 2773 1071 2806 sensus
1092 2773 1145 2806 esse
1162 2768 1242 2807 certos

129 2838 150 2870 v.
162 2824 287 2872 criterium
296 2840 383 2872 sensus
392 2824 500 2882 advocat,
511 2833 538 2871 ut
547 2839 597 2871 non
609 2839 668 2871 con·
701 2823 805 2882 dIcebat,
821 2821 963 2887 planissime
979 2831 1065 2871 contra
1080 2838 1167 2871 sensus
1183 2839 1240 2885 age-

129 2896 193 2936 stare
204 2889 286 2936 omnia
298 2905 329 2936 ex
340 2889 413 2951 ignea
429 2897 515 2936 natura
531 2888 667 2946 confirmet,
701 2889 750 2947 bat,
773 2904 829 2936 cum
849 2888 943 2936 dIceret
960 2886 1043 2934 omnia
1059 2902 1113 2936 esse
1137 2888 1240 2950 Ignemr

128 2951 218 3000 fatetur
230 2952 373 3001 Heraclitus
386 2953 473 3015 Ignem
485 2951 531 3000 sihi
548 2968 595 3016 ope
610 2968 668 3000 sen·
701 2967 758 3000 nam
779 2952 805 3001 id
823 2951 842 3002 si
862 2968 947 3000 verum
966 2951 1037 3008 foret,
1057 2967 1144 3000 sensus
1164 2951 1241 3000 nostri

129 3032 200 3065 suum
221 3027 306 3066 notum
330 3033 397 3066 esse:
426 3027 509 3064 monet
530 3017 667 3073 Lucretius,
702 3017 790 3080 Ignem
802 3016 930 3075 sentirent,
941 3032 1014 3079 quem
1026 3025 1108 3064 tamen
1120 3016 1146 3064 in
1159 3031 1240 3079 pomo,

130 3096 216 3130 sensus
227 3098 277 3129 non
288 3082 370 3130 minus
386 3080 513 3145 percipere
531 3081 603 3145 plura
620 3081 668 3129 alia
700 3097 828 3140 marmore,
842 3081 917 3143 ligno,
932 3091 978 3129 etc.
993 3095 1044 3128 nou
1056 3080 1173 3128 sentiunt
1193 3083 1241 3129 Fa·

128 3145 232 3194 diversae
243 3146 343 3194 omnino
354 3148 385 3194 ab
398 3146 460 3208 Igne
476 3154 577 3200 naturae,
595 3161 668 3207 quam
702 3149 748 3194 ber.

128 3210 209 3272 ipsum
222 3212 310 3273 Ignem
320 3231 330 3266 ;.
344 3210 446 3258 eandem
463 3219 545 3258 autem
563 3225 667 3273 semper,
734 3209 789 3260 701.
808 3209 870 3272 Quo]
885 3210 938 3267 out,
950 3207 1071 3258 Gilanius.

128 3283 172 3322 aut
182 3275 274 3323 nullam
286 3291 394 3338 unquam
407 3275 480 3322 fidem
497 3274 578 3322 sensui
596 3275 667 3322 ahhi-
734 3274 789 3325 702.
807 3277 933 3332 Praeterea,
950 3290 1021 3336 quare
1036 3276 1162 3335 quitquam,
1182 3271 1240 3337 etc]

128 3340 233 3388 bendum
242 3355 308 3395 esse;
325 3348 350 3387 et
359 3338 449 3387 deinde
456 3338 559 3403 Epicuri
567 3347 667 3386 senten·
701 3339 732 3386 V.
748 3341 770 3386 4.
786 3338 910 3402 supponit,
927 3338 955 3385 Si
972 3353 1067 3399 aquam,
1086 3337 1108 3385 si
1125 3337 1174 3385 alia
1192 3344 1242 3386 tam

129 3403 188 3451 tiam
200 3404 231 3451 de
242 3403 341 3451 criterio
352 3403 460 3451 breviter
469 3402 578 3465 exponit
701 3402 779 3450 multa
789 3401 978 3465 inspexerImus,
990 3400 1182 3464 tetigerimusve,
1194 3400 1239 3449 eli-

162 3468 217 3516 692.
235 3470 292 3515 Rem
305 3465 394 3528 ueram]
412 3469 536 3514 Naturam.
570 3465 669 3529 Quippe
701 3465 829 3528 amplane
845 3465 916 3513 nobis
934 3475 1047 3514 naturam
1067 3464 1241 3529 apparituram,

129 3531 198 3579 istud
204 3531 322 3592 concoqui
331 3546 380 3578 non
389 3539 477 3593 potest,
487 3531 562 3577 Nulla
570 3546 607 3578 res
616 3547 670 3578 vera
702 3545 774 3592 quam
784 3530 871 3592 Ignem
881 3548 887 3585 ς
905 3529 971 3578 unde
979 3531 1051 3579 docet
1062 3545 1112 3578 non
1122 3546 1176 3596 esse
1187 3546 1239 3582 mar

128 3599 344 3644 annumeraret-um
359 3602 454 3643 emetat.
488 3594 585 3642 Faberr
609 3592 670 3642 deli·
699 3596 779 3656 jorem
798 3594 925 3651 rationem,
943 3610 987 3643 cur
1005 3610 1142 3645 asseramus
1159 3595 1242 3644 omnia

129 3660 180 3708 cias
191 3660 323 3708 stomachi!
341 3663 389 3709 Iter
399 3676 465 3708 ueras
476 3657 608 3720 uosjejuni
619 3673 669 3706 non
702 3674 755 3706 esse
768 3659 863 3722 Ignem,
875 3674 948 3721 quam
959 3670 1048 3724 negato
1065 3660 1128 3722 Igne
1144 3659 1242 3722 quidvis

128 3724 315 3773 contemnImus.
361 3725 412 3772 Res
423 3723 517 3786 aliquas
525 3723 668 3788 praeterlg·
702 3722 775 3771 aliud
805 3725 943 3772 Garsendus.

129 3805 187 3838 nem
202 3807 314 3852 apparere
329 3804 455 3851 nunquam
470 3787 570 3851 negavit
586 3788 667 3836 Hera-
734 3788 789 3839 706.
810 3791 955 3850 Quapropter
974 3792 1014 3852 qut
1031 3791 1162 3845 atumem,
1182 3786 1240 3850 etc]

128 3854 208 3912 clitus,
221 3865 247 3902 at
254 3857 312 3903 Essa
320 3868 444 3916 nunquam
453 3852 586 3902 concessit:
605 3853 668 3901 hanc
701 3853 817 3916 Demque
832 3869 854 3902 v.
873 3852 895 3903 7.
913 3863 963 3902 tam
980 3855 1011 3902 de
1032 3853 1101 3917 Igne,
1119 3853 1241 3916 quamde

127 3919 271 3983 opinionem
282 3918 399 3967 convellit
410 3917 547 3975 Lucretius,
563 3916 668 3980 ideoque
701 3918 787 3979 quovis
802 3917 850 3965 alio
866 3916 985 3980 singulari
998 3918 1128 3976 elemento,
1146 3916 1177 3964 de
1193 3932 1241 3978 quo

128 3985 233 4046 probare
244 3983 330 4032 debuit
341 3984 391 4031 Res
406 3997 459 4030 esse
475 3999 548 4039 ueras,
565 3991 591 4030 et
608 3997 668 4045 quas
701 3982 786 4031 eadem
797 3981 846 4030 dici
857 3982 1016 4046 proportione
1027 3982 1132 4038 valeant,
1141 3979 1240 4028 conclu-

129 4064 217 4097 sensus
227 4065 277 4096 uere
288 4055 443 4111 cognoscant,
455 4063 478 4094 v.
492 4045 547 4098 697.
701 4047 752 4102 (ἰίῑς
771 4061 856 4094 omnes
867 4046 913 4095 via.
925 4045 1032 4095 delirant
1041 4046 1083 4108 qui
1096 4045 1134 4093 vel
1150 4044 1240 4107 ignem,

163 4114 218 4161 694.
231 4110 623 4173 NamcontraSeususobSeusibur]
630 4110 670 4160 Sic
702 4120 731 4159 ut
743 4110 893 4170 Heraclitus,
905 4110 944 4158 vel
955 4113 1060 4169 afirussut
1074 4108 1242 4158 Anaximenes

130 4177 280 4225 hunclocum
287 4176 459 4240 explicandum
466 4185 540 4239 puto;
551 4191 669 4239 pugnare,
704 4175 825 4233 Milesius,
842 4175 882 4223 vel
899 4190 995 4236 aquarn,
1013 4183 1042 4222 ut
1057 4173 1147 4220 Thales
1166 4168 1240 4218 Mile-

131 4256 174 4288 seu
194 4250 258 4289 stare
279 4243 309 4290 ab
329 4239 419 4302 aliquo,
438 4249 475 4288 est
493 4255 604 4304 ‚pugnare
625 4255 670 4304 pro
703 4239 761 4298 sius,
774 4239 813 4288 vel
825 4248 923 4296 terram,
937 4247 966 4287 ut
981 4236 1141 4299 Pherecydes,
1158 4249 1241 4298 rerum

128 4304 218 4366 ,aIIquo‚
237 4315 318 4367 partes
331 4305 434 4366 aliquus
446 4304 518 4362 tueri,
535 4313 580 4352 etc.
615 4304 669 4352 He·
703 4304 811 4353 omnIum
823 4302 1148 4367 prinpriumstutuerunt.⁴
1190 4357 1194 4364 Ι
