2872 4852
425 227 595 292 LIBER
623 227 900 301 QUARTUS.

200 382 455 452 Immemorabile
470 405 529 466 per
545 384 684 466 spatium
699 394 921 456 transcurrere
932 409 1035 471 posse
1072 390 1074 392 ’

138 521 140 525 v
198 485 371 569 Temporis
385 486 417 548 in
432 487 571 569 puncto:
584 487 734 569 primum
749 488 836 570 quod
853 488 986 572 parvola
1001 511 1100 553 eausa

136 598 181 646 195
200 586 265 650 Est
280 586 394 670 procul
409 610 428 649 a
443 598 536 670 tergo
550 610 624 670 quae
639 587 810 670 provehat,
827 599 925 672 atque
941 590 1119 674 propellat:

201 688 342 761 Deinde,
358 689 447 772 quod
462 712 566 772 usque
582 690 665 753 adeo
680 701 811 754 textura
826 693 964 774 praedita
979 714 1054 755 rara

199 791 389 866 Mittuntur,
405 789 497 854 facile
513 801 551 854 ut
563 789 693 875 quasvis
709 809 881 876 penetrare
896 803 1018 876 queant
1033 815 1097 871 res,
1195 817 1201 825 ·

198 891 245 955 Et
261 893 355 975 quasi
368 914 558 976 permanare
574 914 634 976 per
649 893 748 956 Aeris
763 894 977 958 intervallum.

241 993 419 1070 Praeterea,
436 994 474 1070 si,
491 1017 565 1077 quae
580 995 710 1078 penitus
726 996 930 1079 Corpuscula
946 1004 1053 1061 rerum

133 1106 181 1152 200
200 1094 256 1157 Ex
271 1094 336 1158 alto
352 1095 384 1156 in
399 1105 503 1157 terras
519 1097 702 1171 mittuntur,
719 1095 804 1174 Solis
820 1098 868 1160 uti
881 1096 950 1174 lux,

197 1196 249 1260 Ac
265 1218 376 1280 vapor,
392 1196 464 1260 haec
479 1208 601 1280 puncto
617 1208 795 1263 cernuntur
809 1197 901 1282 lapsa
916 1199 981 1262 diei
1078 1242 1080 1245 ψ

199 1299 266 1362 Per
281 1308 384 1364 totum
400 1299 474 1362 coeli
489 1300 629 1382 spatium
644 1299 828 1364 diffundere
845 1323 934 1379 sese3

198 1400 328 1482 Perque
343 1399 451 1464 volare
466 1423 566 1477 mare,
582 1423 620 1465 ac
636 1411 751 1479 terras,
768 1401 950 1486 coelumque
965 1404 1071 1487 rigare
1125 1410 1126 1413 ’

199 1500 300 1572 Quod
316 1522 436 1584 supera
450 1501 507 1578 'st3
532 1502 588 1565 ubi
604 1512 669 1565 tam
683 1502 806 1566 volucri
820 1503 891 1567 haec
906 1502 1035 1568 levitate
1052 1504 1218 1570 feruntur:

133 1614 180 1660 205
199 1602 313 1675 Quid?
337 1624 411 1685 quae
428 1612 502 1665 sunt
516 1603 615 1686 igitur
625 1604 693 1687 jam
708 1598 811 1687 prima
825 1605 858 1666 in
873 1604 980 1668 fronte
996 1617 1110 1689 parata

199 1706 282 1768 Cum
293 1705 469 1789 jaciuntur,
486 1715 519 1769 et
535 1706 686 1769 emissum
701 1728 753 1771 res
768 1706 857 1772 nulla
872 1719 1029 1784 moratur,

196 1808 317 1871 Nonne
333 1806 424 1870 vides
440 1806 534 1870 citius
550 1807 683 1885 debere,
699 1818 733 1871 et
746 1807 875 1891 longius
890 1809 956 1873 ire:

196 1908 437 1994 Multiplexque
452 1908 515 1973 loci
531 1911 671 1994 spatium
687 1921 910 1976 transcurrere
926 1912 1043 1976 eodem

194 2011 371 2096 Tempore,
386 2034 451 2094 quo
467 2010 551 2074 Solis
566 2009 758 2096 pervolgant
771 2010 891 2074 lumina
906 2010 1046 2076 coelumi

130 2126 178 2172 210
236 2113 311 2176 Hoc
327 2114 423 2176 etiam
438 2113 471 2175 in
486 2113 597 2195 primis
614 2114 777 2197 specimen
793 2135 905 2177 verum
919 2135 991 2177 esse
1008 2114 1148 2191 videtur,

194 2215 304 2287 Quam
319 2213 416 2277 celeri
430 2223 520 2276 motu
535 2235 643 2277 rerum
659 2213 837 2277 Simulaora
852 2213 1009 2290 ferantur,

198 2316 300 2388 Quod
316 2313 409 2377 simul
424 2336 462 2377 ac
476 2315 615 2397 primum
630 2315 691 2377 sub
707 2315 781 2376 divo
798 2312 952 2397 splendor
966 2315 1078 2398 Aquai

197 2417 348 2491 Ponitur,
363 2414 538 2499 externplo,
555 2415 638 2478 eoelo
654 2414 813 2490 stellante,
830 2437 945 2478 serena

198 2519 314 2583 Sidera
329 2516 529 2599 respondent
543 2517 576 2580 in
591 2517 690 2600 Aqua
705 2516 865 2581 radiantia
879 2517 1001 2580 mundi.

134 2634 181 2680 215
199 2620 315 2685 damna
330 2619 421 2682 vides
437 2619 546 2704 igitur,
563 2640 661 2703 quam
675 2628 798 2700 puncto
813 2629 959 2702 ternpore
973 2619 1080 2703 imago

147 2859 200 2907 194.
220 2861 286 2911 Quod
293 2860 389 2920 parvola
400 2856 482 2919 eausa]
500 2857 585 2914 Faber,
595 2861 645 2919 pri·
714 2858 769 2904 203.
795 2859 924 2919 Coelumque
946 2850 1037 2920 rigare]
1062 2857 1109 2904 Per
1129 2856 1218 2904 coelum

112 2940 171 2971 mam
187 2927 246 2985 qaod
261 2922 367 2986 plurima
383 2939 453 2970 eausa
469 2925 521 2978 Est,
537 2925 618 2982 procul
633 2939 648 2970 a
680 2920 791 2979 diffundi,
804 2932 829 2970 et
843 2922 905 2970 illud
921 2921 1056 2985 complere:
1074 2921 1115 2968 Sic
1131 2921 1173 2968 lib.
1186 2921 1217 2969 V.

112 2996 236 3051 tergoque
245 2991 361 3049 provebat.
391 2986 492 3034 Videbit
506 2986 647 3050 lectoripse
680 3003 701 3034 v.
716 2988 770 3035 593.
804 2989 916 3035 Tantalus
933 2990 972 3035 ille
989 2994 1057 3048 queat
1074 2994 1162 3034 tannim
1179 2988 1219 3034 Sol

114 3053 184 3114 (quid
197 3053 262 3100 enim
273 3052 385 3116 pluribus
397 3067 458 3115 opus
471 3050 538 3111 esti)
556 3061 647 3113 quanta
679 3055 769 3099 mittere
782 3054 863 3110 lumen,
875 3054 941 3104 Quod
951 3054 1033 3109 maria,
1044 3068 1071 3099 ae
1083 3059 1159 3098 terras
1170 3067 1216 3098 om-

111 3117 151 3164 hic
168 3118 303 3165 absurditas
320 3126 392 3164 antea
408 3117 502 3173 lateret,
519 3118 648 3163 Monstrum
680 3120 738 3175 neta,
750 3119 873 3178 coelumque
884 3119 982 3179 rigando
994 3115 1129 3178 Compleat,
1141 3124 1164 3164 et
1177 3132 1217 3163 ea·

111 3184 253 3241 horrendum,
272 3185 358 3244 ingena,
376 3190 418 3228 ete.
453 3181 486 3228 Et
504 3190 584 3228 tamen
602 3181 648 3228 hoo
681 3183 727 3228 lida
740 3180 868 3242 perfundat
883 3190 964 3228 cancta
982 3197 1071 3242 vapore.
1105 3179 1147 3226 Sic
1164 3188 1217 3227 ato·

110 3244 173 3293 illud
193 3256 230 3294 est
251 3246 315 3308 quod
336 3261 421 3293 omues
442 3244 563 3319 legebant,
577 3245 648 3319 'quod
681 3260 776 3292 morum
797 3245 951 3306 trajectiones
973 3245 1097 3326 'Epicurus
1117 3244 1148 3290 ad
1168 3244 1216 3306 Py-

112 3309 647 3435 idliipillbllialltlisinii&
681 3309 1216 3434 lattlttttdtrlttm,m

112 3447 205 3499 gauter.
235 3439 293 3485 Non
305 3453 366 3500 opus
378 3446 459 3485 autem
471 3436 519 3484 ista
535 3436 649 3484 ernenda-
682 3436 780 3494 tionem,
793 3434 916 3499 ἀποῤῥοήν.

112 3502 187 3558 tione,
200 3501 219 3550 si
230 3504 325 3563 parvola
336 3517 386 3549 uon
397 3500 451 3548 voci
468 3517 544 3559 eausa,
557 3500 600 3548 sed
616 3504 649 3548 si·
715 3503 770 3548 208.
794 3499 975 3562 Multiplerque]
990 3499 1049 3558 Alii,
1065 3503 1216 3562 Multiplieir-

112 3568 334 3629 mulaehraJ'ungas.
364 3564 455 3613 Vidv.
469 3565 507 3612 66.
680 3582 731 3627 que.

147 3633 200 3680 199.
224 3634 350 3688 Praeterea,
367 3633 395 3688 ai,
410 3646 460 3691 quoe
472 3632 572 3691 penitus,
591 3627 647 3690 eto]
714 3630 768 3678 209.
786 3627 938 3693 Pervolgant]
952 3629 993 3678 sic
1004 3628 1069 3687 alibi,
1080 3639 1105 3678 et
1125 3629 1131 3640 '

113 3697 189 3745 Modo
200 3695 313 3760 probavit
323 3695 442 3758 imagines
453 3695 507 3757 pari
523 3693 648 3742 celeritate
680 3711 703 3742 v.
716 3694 730 3745 7
733 3696 755 3741 5.
768 3703 793 3743 et
804 3694 845 3742 lib.
858 3695 889 3742 V.
901 3710 924 3742 v.
937 3696 992 3742 428.
1002 3697 1102 3757 volgata.

111 3778 167 3810 curn
184 3761 243 3810 solis
258 3760 334 3809 radiis
350 3759 415 3818 ferri,
428 3761 479 3821 jam
496 3761 613 3822 maj0rem
626 3774 647 3807 ν.
714 3761 768 3807 210.
794 3761 846 3807 Hoc
865 3763 935 3807 etiam
955 3763 979 3807 in
996 3763 1079 3820 prioris
1097 3763 1216 3821 specimen,

113 3829 150 3875 ll.
171 3826 220 3874 illis
242 3825 366 3881 attribuit;
396 3824 487 3889 quippe
509 3823 649 3872 subtiliores
680 3823 735 3886 eta]
749 3824 800 3872 Sibi
812 3824 839 3872 in
854 3823 989 3872 subsidium
1000 3833 1071 3873 vocat
1087 3825 1216 3888 experien-

110 3901 169 3949 sunt
182 3891 309 3954 imagines,
322 3898 353 3947 et,
366 3889 430 3952 quod
446 3890 477 3938 ad
493 3889 590 3937 illarum
607 3905 647 3936 ee·
681 3889 747 3948 tiam,
759 3906 783 3937 v.
800 3889 822 3939 7.
852 3889 940 3938 Omnis
951 3888 1012 3937 visio
1028 3904 1073 3952 per
1089 3888 1217 3951 imagines,

111 3957 231 4004 leritatem
244 3956 402 4004 vehementer
413 3954 477 4012 facit,
489 3954 593 4002 fluunta
608 3969 647 4002 re·
680 3962 706 4002 at
717 3954 842 4018 speculum
854 3953 892 4001 vel
909 3969 996 4016 aquam
1013 3954 1059 4001 sub
1075 3952 1116 4001 dio
1132 3969 1216 4016 ponas,

112 4036 166 4068 rurn
175 4020 311 4084 superficie,
323 4029 343 4067 et
358 4035 411 4067 sese
423 4019 493 4066 facile
505 4017 647 4082 expediunt,
681 4027 705 4066 et
714 4027 837 4066 momento
848 4019 964 4082 temporis
974 4017 1082 4066 omnium
1092 4017 1218 4066 stellarum

112 4084 170 4139 dum
186 4086 252 4133 calor
268 4094 293 4132 et
308 4085 352 4132 lux
368 4086 398 4132 ab
416 4083 572 4131 interioribus
590 4083 648 4130 solis
681 4083 799 4146 imagines
811 4099 825 4131 a
837 4083 936 4147 speculo
947 4083 995 4131 isto
1006 4093 1049 4130 aut
1059 4097 1121 4143 aqua
1137 4081 1217 4128 resili-

113 4149 222 4210 partibus
244 4149 381 4197 mittuntur.
422 4148 527 4203 Quidam
555 4147 647 4209 legunt,
681 4156 750 4196 entes
760 4148 786 4197 in
795 4148 877 4196 oeulos
886 4148 1029 4196 incurrunt:
1042 4154 1132 4208 quanta
1143 4145 1218 4206 igitur

116 4215 172 4263 Qua
182 4217 274 4274 panitur
290 4215 423 4275 corpuscula
439 4229 515 4260 rerum
533 4215 570 4260 Ex
586 4207 647 4259 alto·
681 4212 830 4274 trajectionia
850 4213 952 4261 istarum
974 4211 1108 4272 imaginum
1131 4208 1217 4256 celeri·

114 4291 161 4338 que
172 4276 235 4324 foras
246 4281 375 4326 mittuntur.
407 4277 440 4324 Et
450 4276 531 4325 forsan
543 4275 641 4324 rectius.
681 4279 737 4338 tart
