2872 4852
205 233 270 320 258
591 231 634 298 Τ.
665 229 934 297 LUCRETII

228 399 276 445 sao
294 387 334 451 Id
349 388 452 453 doceo
465 414 473 466 ;
495 386 683 472 plureisque
699 410 818 472 sequor
833 387 1008 472 disponere
1022 401 1138 452 causas

295 489 444 555 Motibus
460 500 632 568 astrorum,
648 513 723 574 quae
738 491 864 575 possint
880 513 953 555 esse
968 512 1030 573 per
1044 490 1163 554 Omne.

297 589 329 653 E
342 592 461 675 quibus
475 614 540 657 una
555 603 662 657 tamen
678 593 720 656 sit
733 604 768 657 et
781 592 853 656 haec
865 614 996 677 quoque
1010 614 1108 656 causa
1120 612 1256 657 necesse
1267 590 1322 670 'st,

297 694 383 767 Quae
398 705 513 779 vegeat
527 706 650 760 motum
665 696 783 780 signis:
809 696 867 759 sed
880 718 954 779 quae
970 695 1011 759 sit
1025 717 1137 759 earum

297 794 492 880 Praecipere,
507 797 598 862 haud
613 820 775 883 quaquam
791 798 831 861 ’st
846 796 1046 882 pedetentim
1065 782 1322 882 progredientis.

231 909 279 956 tat
337 897 508 983 Terraque
523 892 561 964 ut
576 901 608 963 in
622 900 729 965 media
744 898 865 963 Mundi
879 900 1012 984 regione
1027 901 1185 984 quiescat,

298 999 505 1065 Evanescere
520 1000 698 1086 paullatim,
714 1012 748 1065 et
762 1000 953 1066 decrescere
968 1001 1098 1086 pondus

298 1100 477 1166 Convenit:
502 1113 601 1186 atque
615 1102 710 1168 aliam
725 1113 874 1167 naturam
889 1104 1004 1167 subter
1018 1102 1141 1167 habere

299 1203 354 1268 Ex
366 1205 499 1268 ineunte
513 1226 583 1268 aevo
599 1204 816 1288 conjunctam,
833 1215 931 1289 atque
947 1205 1054 1268 uniter
1068 1214 1179 1289 aptam

298 1304 453 1370 Partibus
468 1303 579 1369 Atriis
595 1305 727 1383 Mundi,
744 1306 863 1390 quibus
877 1306 975 1370 insita
990 1306 1076 1370 sidit.

233 1418 281 1466 tao
297 1406 480 1491 Propterea
493 1430 558 1472 non
574 1417 625 1472 est
640 1409 741 1485 oneri,
757 1430 863 1492 neque
879 1408 1032 1492 deprimit
1046 1430 1162 1485 auras3

299 1508 347 1572 Et
361 1532 421 1574 sua
435 1510 554 1594 cuique
569 1508 704 1573 Homini
717 1509 807 1574 nullo
823 1519 898 1575 sunt
912 1511 1059 1595 pondere
1075 1504 1246 1574 Membra:

300 1609 376 1675 Nee
390 1611 499 1695 Caput
514 1621 565 1676 est
580 1612 671 1676 oneri
685 1611 789 1689 Collo,
804 1634 865 1677 nec
881 1613 1021 1696 denique
1036 1622 1140 1677 totum

302 1711 459 1796 Corporis
474 1714 507 1776 in
523 1712 669 1778 Pedibus
684 1715 815 1798 pondus
831 1715 985 1780 sentimus
1001 1715 1118 1779 inesse.

300 1813 349 1878 At
363 1837 565 1900 quaecunque
581 1814 659 1880 foris
673 1817 817 1892 veniunt,
833 1817 1037 1902 impdstaque
1053 1817 1148 1882 nobis

237 1928 285 1974 545
301 1915 455 1981 Pondera
470 1927 557 1994 sunt,
574 1916 699 1982 laedunt
712 1917 874 2002 permulto
891 1941 978 2004 saepe
992 1921 1133 1983 minora:

300 2017 501 2102 Usqueadeo
515 2020 624 2105 magni
637 2019 750 2098 refert,
767 2020 820 2084 cui
834 2043 908 2104 quae
924 2020 1073 2105 adjaceat
1087 2041 1152 2084 res.

301 2118 356 2183 Sic
370 2120 471 2204 igitur
484 2118 598 2185 Tellus
614 2132 745 2186 nonest
760 2120 864 2186 aliena
875 2132 1011 2205 repente
1040 2116 1043 2120 “

301 2220 435 2300 Adlata‚
451 2233 551 2308 atque
565 2224 653 2289 auris
666 2223 798 2289 aliunde
810 2224 940 2308 objecta
955 2222 1087 2288 alienis:

302 2323 371 2389 Sed
386 2326 508 2410 pariter
522 2327 626 2411 prima
641 2336 799 2412 concepta
813 2327 855 2391 ab
872 2326 996 2410 origine
1011 2324 1151 2403 Mundi;

237 2439 286 2486 tto
301 2427 465 2512 Certaque
479 2450 556 2513 pars
571 2430 655 2514 ejus,
671 2430 765 2514 quasi
778 2429 873 2494 nobis
889 2427 1053 2504 Membra,
1068 2427 1208 2492 videtur.

345 2531 513 2595 Praeterea
527 2530 644 2614 grandi
659 2533 781 2596 tonitru
796 2551 955 2596 concussa
969 2539 1106 2613 repente

303 2631 422 2710 Terra,
439 2655 539 2717 supra
554 2656 589 2697 se
603 2655 677 2717 quae
694 2644 780 2712 sunt,
797 2633 941 2705 concutit
956 2631 1063 2697 omnia
1077 2640 1185 2697 motu:

304 2733 406 2806 Quod
421 2733 529 2798 faeere
543 2732 634 2797 haud
650 2732 714 2797 ulla
728 2744 842 2819 posset
855 2734 992 2811 ratione,
1008 2733 1070 2796 nisi
1084 2743 1175 2798 esset

305 2834 459 2899 Partibus
476 2835 572 2899 atriis
587 2833 711 2912 mundi,
728 2834 876 2920 coeloque
890 2836 1056 2902 revincta:

251 3071 307 3118 553.
327 3073 384 3122 Qaae
398 3078 479 3134 vegeat
494 3077 578 3119 motam
592 3070 678 3134 rigate]
695 3071 755 3130 Alii,
788 3069 918 3118 minimum
945 3071 1042 3134 pondus
1069 3069 1159 3119 nostris
1183 3068 1329 3134 corporibus

221 3137 278 3188 Qua
287 3139 469 3199 aegeatmotata
480 3139 560 3199 rigate.
592 3137 664 3199 Veget
674 3145 756 3185 autem
789 3135 894 3184 sentitur
911 3135 931 3184 si
949 3136 1101 3184 extrinsecus
1112 3143 1257 3199 apponatur,
1269 3149 1328 3183 cum

217 3208 316 3264 vegetat,
328 3199 409 3264 erigit,
419 3199 516 3249 excitat.
541 3200 645 3249 Ennius.
653 3204 758 3264 Epaora
790 3209 872 3248 tamen
892 3215 937 3248 nec
954 3209 1034 3264 caput,
1052 3215 1097 3248 nec
1113 3208 1201 3247 catera
1217 3200 1329 3248 membra

217 3268 281 3314 eaba
291 3281 365 3329 reges
376 3269 506 3329 ingentibus
516 3269 597 3314 acatia.
789 3265 837 3314 sibi
846 3274 932 3313 mutuo
943 3265 993 3313 sint
1003 3264 1094 3327 gravia,
1106 3264 1171 3326 qnod
1182 3263 1229 3313 sibi
1240 3272 1329 3313 mutuo

251 3332 306 3378 535.
322 3334 438 3393 Terraque
449 3340 475 3379 at
492 3334 516 3379 ta
527 3334 610 3389 medic,
621 3328 679 3393 eta]
697 3331 753 3379 Me·
787 3346 912 3393 congenea
925 3329 982 3386 sint,
994 3328 1165 3391 communique
1179 3331 1236 3390 Jure
1247 3328 1327 3377 vinci·

216 3394 266 3444 rito
277 3405 358 3444 autem
370 3396 458 3459 aliquis
469 3396 583 3459 inquirat,
593 3412 649 3444 cum
661 3395 755 3444 telluris
787 3405 867 3444 antur.
897 3395 1020 3458 Epicurus
1033 3394 1065 3442 ad
1084 3394 1238 3443 Herodotum
1254 3393 1327 3452 dixit,

217 3474 292 3522 grave
303 3461 399 3524 pondus
409 3461 481 3510 toties
489 3470 609 3510 memorat
617 3461 754 3518 Lucretius,
787 3460 834 3518 τὴν
843 3462 892 3521 γῆν
901 3459 1010 3522 τῷἈερι
1021 3460 1162 3520 ἐποχεῖσθαι
1170 3459 1201 3508 bs
1209 3459 1328 3518 σιηγενῆ.

216 3539 262 3572 cur
283 3524 310 3571 in
332 3525 414 3573 medio
433 3529 488 3574 aere
506 3527 621 3589 quiescat,
642 3541 686 3574 cur
706 3541 755 3574 non
789 3525 863 3573 Hanc
880 3540 937 3572 vero
954 3524 1048 3573 telluris
1059 3526 1116 3572 cuin
1127 3526 1182 3572 aire
1193 3522 1329 3571 connexio·

215 3599 359 3651 perrumpat
375 3598 400 3636 et
416 3589 443 3637 in
458 3591 584 3639 infinitum
600 3591 675 3639 inane
691 3606 753 3654 pra·
787 3604 844 3638 nem
862 3591 956 3653 probat,
977 3605 999 3638 v.
1018 3589 1039 3636 a
1061 3588 1119 3651 quia
1134 3587 1244 3647 fulmine,
1261 3587 1329 3650 quod

215 3667 275 3716 ceps
294 3651 433 3701 descendat
467 3655 612 3718 Respondet
631 3655 713 3711 Poeta,
732 3670 753 3701 v.
787 3653 907 3702 violentos
916 3653 942 3701 in
951 3657 1006 3701 atre
1016 3653 1331 3711 motusexcitat,concussa

219 3718 257 3764 16.
270 3717 334 3780 quod
344 3717 454 3778 quamvis
471 3719 554 3767 telluri
566 3722 607 3767 adr
623 3718 690 3766 solus
706 3718 754 3765 cir·
788 3718 878 3766 tremit.
907 3717 1012 3776 Deinde,
1022 3733 1053 3767 ne
1062 3718 1116 3780 quis
1126 3717 1230 3766 miretur
1237 3719 1329 3775 alireni,

215 3781 341 3830 cumfusus
363 3795 417 3828 esse
438 3783 571 3846 contingat,
594 3781 652 3844 quia
672 3791 755 3830 tamen
788 3781 829 3844 qui
846 3782 879 3831 sit
891 3797 931 3830 res
949 3783 1010 3831 adeo
1027 3783 1116 3841 tennis,
1135 3782 1257 3832 sustinere
1273 3797 1329 3830 mo-

216 3857 267 3896 tam
284 3848 325 3893 air
341 3859 413 3907 quam
432 3854 496 3894 terra
512 3847 657 3910 cognatione
673 3845 756 3894 vincta
787 3846 837 3895 lem
854 3856 981 3910 tantopere
993 3862 1107 3905 crassam,
1122 3846 1255 3910 subjungit,
1267 3863 1291 3896 v.
1304 3849 1329 3895 8.

216 3920 339 3966 tenentur,
357 3909 513 3971 ejusdemque
534 3911 608 3959 totius
625 3919 709 3974 partes
725 3913 755 3959 ab
789 3910 957 3960 tenuissimam
968 3928 1027 3970 rem,
1040 3912 1147 3960 animam
1156 3912 1202 3960 viz.
1211 3920 1329 3970 nostram,

214 3977 270 4042 ipsa
281 3974 319 4024 sui
326 3972 421 4036 origine
429 3985 493 4032 sunt,
506 3974 561 4023 ideo
568 3974 618 4022 adri
630 3984 696 4022 terra
706 3990 755 4023 non
788 3975 910 4025 sustinere
919 3993 1007 4041 corpus
1018 3977 1190 4041 ponderosum,
1202 3976 1252 4024 imo
1263 3976 1330 4026 saltu

216 4051 254 4092 est
264 4037 341 4096 oneri,
353 4037 396 4085 sed
405 4037 474 4100 quasi
483 4039 550 4086 omni
559 4038 679 4100 gravitate
688 4055 754 4087 com·
787 4040 814 4088 in
826 4041 903 4089 altum
915 4042 1000 4091 tollere
1011 4042 1100 4090 valere.

216 4104 391 4172 pressioneque
402 4101 514 4165 deposita
526 4102 561 4150 illi
579 4103 676 4151 insidet
712 4105 755 4152 Se-
821 4107 876 4154 539.
894 4109 970 4154 Insita
980 4105 1050 4167 sidit]
1067 4106 1167 4170 Optime
1185 4105 1330 4165 Lambinus,

218 4187 263 4222 cus
270 4166 578 4219 autemforetsiterrahaec
586 4182 617 4214 ex
625 4167 673 4215 alio
683 4183 754 4216 mun·
788 4171 891 4218 sednon
902 4170 938 4218 ita
948 4170 1069 4228 Gifanius,
1081 4172 1131 4233 qui,
1143 4175 1207 4220 uiuit.

218 4237 250 4286 do
266 4233 434 4290 adveheretur,
452 4231 486 4280 sic
503 4232 570 4280 enim
586 4247 631 4280 suo
647 4233 756 4296 pondere
821 4235 876 4282 546.
890 4237 934 4283 θαι·
946 4252 997 4297 aaa
1013 4235 1121 4297 adjaceat
1136 4235 1187 4299 ree]
1205 4234 1330 4296 Gitanas,

218 4304 299 4351 adrem
312 4299 387 4348 istum
403 4306 536 4362 premerem
551 4296 756 4359 quemadmodum
788 4301 845 4360 qaid
854 4315 905 4360 qua
915 4299 1024 4361 edacem
1035 4315 1079 4348 res.
