2872 4852
411 227 581 291 LIBER
609 226 915 293 SECUNDUS.
1176 226 1220 293 93

198 383 374 464 Sublimem
389 382 421 445 in
436 404 535 447 curru
550 383 679 468 bijugos
696 385 819 468 agitare
835 384 964 449 leones:

198 485 295 549 Aeris
310 485 343 547 in
357 485 462 567 spatio
476 507 624 568 magnam
639 486 783 568 pendere
800 487 955 551 docentes

196 587 228 652 T
230 586 380 664 ellurem;
405 608 511 670 neque
526 608 623 669 posse
639 587 672 649 in
687 587 793 652 Terra
809 590 923 654 sistere
940 587 1088 654 Terram.

197 690 389 774 Adjunxere
404 686 518 764 Ferae,
535 688 611 770 qnia
626 690 771 772 quamvis
786 689 889 754 effera
902 689 1011 775 proles

132 803 179 850 605
198 790 323 855 Officiis
340 791 439 854 debet
453 789 569 853 molliri
583 791 667 854 victa
680 801 862 875 parentum.

197 891 384 977 Muralique
399 902 498 976 caput
514 906 671 957 summurn
685 895 817 958 cinxere
834 894 980 972 Corona;

196 994 333 1058 Eximiis
348 994 472 1059 munita
485 992 564 1058 locis
580 995 668 1078 quod
686 997 823 1059 sustinet
838 996 978 1062 Urbeis:

197 1098 274 1170 Quo
290 1120 375 1162 nunc
390 1097 508 1180 insigni
523 1118 582 1180 per
596 1119 729 1181 magnas
744 1098 884 1182 praedita
899 1109 1003 1163 terras

197 1198 362 1262 Horrifice
377 1198 482 1262 fertur
496 1198 613 1261 divinae
628 1198 748 1262 Matris
763 1201 880 1284 imago.
895 1272 896 1275 Ἴ

133 1312 181 1358 610
198 1299 296 1364 Hanc
311 1300 408 1363 variae
423 1308 538 1383 gentes
554 1301 687 1382 antiquo
703 1301 792 1365 more
809 1324 975 1366 sacrorum

197 1402 319 1465 Idaeam
336 1402 478 1465 vocitant
491 1411 636 1479 matrem,
654 1401 879 1489 Phrygiasque
895 1415 1041 1469 catervas

198 1502 290 1566 Dant
304 1504 448 1580 comiter,
464 1504 541 1587 quia
555 1505 694 1587 primum
708 1528 751 1570 ex
765 1505 826 1570 illis
842 1506 962 1572 finibus
978 1508 1081 1572 edunt

197 1604 264 1670 Per
278 1615 438 1670 terrarum
453 1607 565 1670 orbem
578 1606 705 1692 Fruges
721 1611 860 1694 coepisse
876 1613 988 1676 creari.

198 1706 313 1772 Gallos
329 1709 521 1787 attribuunt,
538 1711 613 1792 quia
628 1733 747 1775 numen
762 1714 819 1796 qui
833 1712 982 1778 violarint

133 1821 179 1869 615
198 1810 330 1889 Matris,
346 1822 379 1875 et
394 1812 512 1896 ingrati
528 1810 742 1877 Genitoribns
759 1815 881 1878 inventi
898 1817 972 1893 sint,

197 1913 388 1997 significare
403 1915 515 1978 volunt
528 1915 679 1999 indignos
695 1938 768 1980 esse
783 1919 960 2001 putandos,

196 2014 313 2079 Vivam
329 2018 516 2100 progeniem
531 2019 634 2101 quiin
650 2040 723 2081 oras
738 2017 866 2082 luminis
883 2021 993 2084 edant.

197 2116 368 2200 Tympana
384 2128 473 2182 tenta
488 2129 602 2182 tonant
617 2118 743 2202 palmis,
760 2131 793 2185 et
808 2121 965 2205 Cymbala
980 2122 1100 2187 circum

198 2218 359 2296 Concava,
375 2221 610 2304 raucisonoque
626 2223 788 2285 minantur
803 2222 936 2286 Cornua
951 2234 1060 2300 cantu,

133 2332 181 2380 620
196 2319 244 2383 Et
259 2319 404 2404 Phrygio
420 2320 562 2384 stimulat
576 2343 711 2384 numero
727 2344 805 2385 cava
818 2324 917 2388 Tibia
931 2325 1085 2401 menteis3

197 2421 345 2506 Telaque
360 2431 562 2507 praeportant
578 2421 708 2486 violenti
724 2425 816 2508 signa
831 2423 962 2503 furoris,

144 2608 199 2656 601.
212 2611 335 2657 Sublimem
346 2613 371 2657 in
383 2626 459 2667 curru,
470 2608 526 2670 ete]
545 2612 649 2669 Sedibus,
682 2624 726 2658 seu
738 2619 823 2660 torrere
835 2609 952 2660 solebant.
981 2609 1122 2659 Notandum
1133 2609 1219 2673 impri-

111 2672 179 2720 codd.
198 2672 325 2721 Gifanius:
347 2677 441 2732 ceditur,
459 2676 539 2732 seduli,
558 2673 597 2722 vel
613 2691 649 2722 se·
682 2674 729 2723 mis
740 2675 805 2737 quod
820 2675 855 2723 ait
870 2674 1007 2732 Lucretius,
1020 2690 1061 2723 eas
1077 2673 1219 2738 appellatio·

111 2738 193 2794 dalem,
206 2737 355 2786 Palmerius:
373 2739 416 2786 sed
428 2738 529 2786 istorum
540 2738 649 2787 omnium
683 2754 726 2787 nes
738 2755 770 2787 ex
781 2740 881 2802 antiquo
893 2739 941 2787 ritu
951 2755 1075 2788 sacrorum
1086 2739 1219 2802 profectas:

110 2800 180 2849 libris
200 2802 238 2850 vel
259 2804 406 2863 conjecturis
425 2804 591 2866 praeferendus
612 2815 650 2851 est
682 2804 745 2851 addo
762 2805 866 2867 amplius
884 2820 915 2852 ex
931 2803 1018 2866 virgil.
1031 2811 1056 2851 et
1071 2803 1133 2861 aliis,
1144 2803 1220 2851 ritum

111 2865 294 2927 antiquissimus
306 2867 420 2916 Lambini
431 2867 515 2915 codex.
681 2867 751 2916 illum
774 2884 818 2917 seu
840 2868 945 2926 τελετὴν
967 2885 999 2916 ex
1021 2869 1094 2918 Crete
1117 2868 1143 2915 in
1166 2883 1221 2916 oras

144 2930 198 2980 667.
216 2930 329 2994 Erimiis]
351 2932 409 2989 Alii,
431 2935 547 2980 Extremis
556 2951 566 2987 ,·
587 2932 649 2980 nihil
683 2932 839 2997 Hellesponti
850 2934 1020 2996 deportatum
1038 2934 1082 2982 sed
1094 2934 1179 2980 Cretes
1194 2932 1220 2981 id

111 2993 229 3042 interest:
248 2996 296 3054 alii,
315 3000 353 3045 Er
371 3001 440 3044 imis:
457 2997 571 3045 Gifanins
587 3000 647 3045 Em'·
681 3013 754 3044 omne
771 3012 785 3045 a
802 2997 870 3060 Syris
886 2998 1022 3046 habebant:
1050 2998 1135 3045 Faber.
1171 2996 1220 3045 His

111 3062 161 3116 mis,
173 3061 237 3120 quod
250 3076 294 3108 nec
306 3061 383 3123 magis
395 3076 494 3109 necesse
506 3071 549 3109 est.
681 3062 773 3123 aliquid
789 3071 950 3125 reponeretur
967 3062 988 3110 si
1000 3061 1076 3110 otium
1092 3061 1185 3119 suisset,
1196 3071 1222 3110 at

144 3125 199 3171 609.
212 3124 338 3187 Horrtfiee]
352 3125 391 3173 Sic
405 3142 426 3173 v.
439 3127 494 3182 623,
506 3127 560 3173 624.
573 3128 649 3187 Impia
681 3126 740 3187 quid
757 3126 839 3173 damni
856 3126 877 3174 si
894 3142 964 3175 veras
981 3126 1091 3176 omniurn
1111 3127 1220 3175 Deorum

108 3196 203 3249 pectora
218 3190 435 3252 volg100nterrere
451 3200 519 3237 metu
531 3207 581 3251 qam
595 3207 648 3251 pos·
681 3190 799 3238 Gentium
811 3190 977 3254 Etymologias
988 3190 1154 3238 nesciremus?

111 3256 159 3300 sint
170 3257 260 3301 numine
272 3257 345 3301 Diva.
359 3255 416 3301 Non
427 3263 509 3317 potest
519 3254 578 3302 satis
594 3255 647 3302 lau·
714 3256 769 3302 615.
782 3254 882 3317 Matris]
901 3255 927 3302 si
939 3255 1032 3303 fabulas
1044 3269 1157 3302 enarrare
1169 3254 1220 3302 vel-

112 3317 165 3364 dari
188 3317 253 3365 istud
281 3321 410 3378 Horrifice:
439 3318 493 3379 quis
517 3318 583 3365 enim
607 3318 649 3379 (de
682 3319 731 3366 lem
748 3318 779 3366 de
793 3321 875 3375 Gallis,
888 3322 915 3366 de
934 3321 1065 3380 Tympana,
1078 3319 1108 3365 de
1122 3320 1220 3380 Cymba-

112 3381 186 3443 vulgo
197 3380 294 3443 loquor)
306 3397 356 3428 non
372 3382 428 3429 imis
439 3381 552 3429 medullis
563 3383 648 3428 cohor·
684 3386 720 3439 lis,
737 3382 871 3445 proferrem
883 3381 974 3437 multa;
994 3381 1037 3430 sed
1053 3382 1105 3429 lraec
1117 3382 1179 3430 nibil
1190 3382 1221 3430 ad

112 3454 198 3502 rescat,
222 3461 278 3492 cum
300 3445 403 3508 pulsatis
422 3445 560 3492 aeramentis
580 3461 651 3507 nugae
684 3445 840 3494 Lucretium:
874 3455 969 3493 tanturn
993 3448 1097 3494 monebo
1120 3446 1220 3511 Fayum,

113 3508 235 3572 prodeunt
246 3508 401 3570 huJusmodit
684 3511 785 3558 Potitum
803 3509 833 3557 de
845 3513 935 3572 Magna
951 3513 993 3558 tua
1007 3513 1081 3558 Datim
1096 3519 1176 3570 matre,
1193 3511 1220 3560 in

146 3575 200 3620 611.
213 3575 300 3620 Idaeam
311 3577 411 3621 vocitant
422 3581 524 3630 matrem,
533 3581 574 3621 etc.
599 3574 650 3621 Ve-
683 3575 813 3622 hocversu
830 3574 1035 3638 nihilcogitfrsse3
1056 3584 1153 3634 matres,
1166 3575 1220 3638 qui-

113 3654 165 3686 ram
184 3638 354 3701 etymologiam
373 3653 425 3686 esse
444 3636 555 3695 arbitror,
587 3637 651 3700 quod
683 3641 729 3688 bus
747 3653 791 3686 nos
803 3638 914 3687 homines
925 3640 1008 3702 pusilli
1020 3640 1068 3689 orti
1079 3656 1170 3698 sumus,
1183 3641 1220 3689 di·

113 3703 168 3751 dico
180 3703 234 3751 aliis
246 3703 365 3750 indictum
378 3701 435 3763 est)
453 3718 586 3764 nonquam
599 3703 649 3750 Lu·
684 3703 787 3751 vinitate
799 3703 880 3761 donat,
893 3713 918 3753 et
928 3705 1017 3768 impios
1034 3706 1150 3754 adversus
1166 3705 1221 3754 illas

112 3768 210 3826 cretius,
223 3777 247 3815 et
256 3783 341 3815 omnes
350 3767 391 3815 alii
401 3767 511 3824 attulere,
521 3767 563 3815 sed
573 3768 649 3814 hanc:
684 3767 767 3815 liberis
778 3783 877 3830 prorsus
888 3768 1002 3832 indignos
1014 3785 1067 3817 esse
1079 3770 1172 3818 asserit

111 3833 160 3880 lom
187 3841 245 3881 sunt
275 3841 378 3890 montes,
407 3843 432 3880 et
464 3832 518 3881 loca
544 3832 651 3879 saltuosa
716 3833 771 3880 620.
789 3831 904 3896 Phrygia]
913 3834 1034 3897 Phrygius
1043 3850 1166 3892 numerus,
1177 3850 1220 3882 en-

113 3897 274 3960 (Hesychius,
315 3896 466 3954 Eustathius,
500 3897 649 3954 Herodotus,
684 3897 854 3960 thusiasticns;
873 3907 898 3946 et
906 3898 937 3946 ad
946 3898 1052 3947 furorem
1064 3899 1221 3947 excitandum

113 3961 178 4009 unde
190 3970 215 4009 et
226 3962 267 4019 ἴδη
283 3978 327 4026 pro
344 3961 418 4024 ligno,
431 3977 475 4009 seu
486 3960 588 4008 materia
600 3970 650 4008 tec·
683 3961 789 4010 maxime
800 3962 910 4010 idoneus.

82 4080 85 4085 ¹
113 4027 194 4074 tonica
202 4027 267 4089 apud
276 4026 407 4088 eundem);
425 4037 450 4073 at
458 4025 651 4089 primihomines
717 4027 772 4074 621.
794 4029 893 4088 Telaque
913 4027 1068 4090 praeportant]
1083 4027 1151 4076 Telis
1167 4027 1221 4075 istis

113 4089 201 4152 glande
212 4092 378 4148 vescebantur,
391 4099 416 4139 et
426 4091 453 4138 in
464 4105 555 4152 quercu
570 4105 648 4153 penu·
682 4105 732 4137 non
748 4100 843 4139 tantum
860 4093 985 4141 terrebant
1000 4093 1095 4155 vulgus,
1113 4091 1156 4139 sed
1173 4090 1220 4138 sibi

114 4153 192 4203 arium
201 4154 232 4202 iis
240 4165 307 4211 erat;
325 4155 382 4203 hinc
391 4156 473 4217 itaque
482 4163 559 4202 mater
569 4155 649 4202 Datim
681 4154 784 4203 lacertos
815 4157 960 4220 quandoque
991 4155 1221 4208 conscribillrbant;

116 4219 196 4265 ldaea:
216 4220 258 4267 sed
274 4228 329 4283 post
346 4219 473 4268 inductum
490 4219 565 4267 tritici
578 4235 650 4267 usum
682 4219 740 4267 inde
762 4236 784 4267 v.
809 4221 863 4268 631.
885 4225 914 4270 In
934 4237 1093 4282 numerumque
1115 4221 1221 4267 exultant

116 4281 204 4343 ppuyla
214 4282 279 4331 dicta
291 4283 345 4342 fuit,
358 4300 414 4334 nam
426 4284 534 4334 triticum
551 4282 651 4346 φρύγειν
683 4284 802 4348 sanguine
813 4285 870 4333 laeti.
