2872 4852
217 234 279 299 130
596 231 639 295 T.
672 231 943 296 LUCRETII

296 405 376 471 'Nec
392 403 506 468 Tellus
521 404 640 478 obstat,
658 403 737 487 quin
752 405 857 467 omnia
873 405 1097 488 dispiciantur,

304 508 374 571 Sub
389 506 529 590 pedibus
545 526 748 588 quaecunque
763 504 847 568 infra
861 527 921 589 per
937 505 1037 570 Inane
1054 518 1222 591 geruntur.

304 609 368 673 His
385 609 444 672 tibi
459 630 508 670 me
523 608 622 670 rebus
638 608 788 690 quaedam
805 608 913 671 divina
929 607 1092 693 Voluptas

305 710 459 794 Percipit‚
477 718 575 792 atque
592 708 732 784 Horror,
747 709 836 792 quod
854 709 899 772 sic
916 709 1046 773 Natura
1061 723 1118 775 tua
1133 714 1164 776 vi

256 829 287 874 80
306 814 391 878 Tam
405 811 575 875 manifesta
589 820 681 894 patet
696 833 738 874 ex
754 812 840 873 omni
854 820 948 894 parte
963 823 1096 877 retecta.

347 917 393 978 Et
408 915 559 998 quoniam
574 913 681 989 docui,
697 924 886 977 cunctarum
902 914 1038 977 exordia
1053 937 1161 979 rerum

306 1017 425 1091 Qualia
441 1017 521 1092 sint3
545 1024 578 1078 et
593 1037 690 1097 quam
704 1015 800 1078 variis
816 1015 970 1078 distantia
984 1014 1096 1079 formis

305 1122 430 1204 Sponte
446 1140 504 1181 sua
518 1117 653 1181 volitent
667 1116 791 1182 alterno
806 1118 931 1202 percita
944 1130 1045 1195 motu,

306 1224 448 1306 Quoque
463 1221 561 1284 modo
575 1220 702 1304 possint
717 1242 759 1284 ex
773 1220 825 1283 his
840 1242 893 1284 res
909 1243 1048 1305 quaeque
1064 1224 1184 1286 creari:

258 1338 288 1383 85
306 1326 417 1389 Hasce
433 1323 611 1387 secundum
626 1344 679 1386 res
696 1322 809 1386 Arum
824 1332 941 1386 natura
955 1323 1095 1400 videtur,

305 1428 417 1512 Atque
433 1424 563 1489 Aur-mn
579 1423 732 1489 claranda
744 1425 823 1488 meis
835 1425 902 1509 jam
918 1425 1065 1488 versibus
1080 1447 1171 1489 esse:

306 1532 352 1594 Et
367 1541 472 1593 metus
489 1526 541 1591 ille
557 1527 644 1591 foras
660 1549 808 1612 praeceps
824 1524 1025 1590 Acheruntis
1041 1529 1189 1611 agendus

305 1631 479 1706 Funditus,
495 1628 667 1692 humanam
683 1628 738 1711 qui
753 1628 851 1690 vitam
865 1629 977 1691 turbat
992 1630 1033 1692 ab
1048 1630 1128 1706 imo;

220 1776 223 1781 -
306 1731 425 1796 Omnia
441 1729 631 1794 suffundens
648 1729 760 1792 mortis
774 1729 916 1812 nigrore,
933 1751 1039 1814 neque
1055 1729 1153 1793 ullam

248 1845 289 1915 po
308 1833 393 1897 Esse
408 1831 607 1916 voluptatem
621 1831 776 1915 liquidam
791 1853 970 1917 puramque
987 1832 1149 1918 relinquit.

347 1936 446 2012 Nam,
462 1935 551 2019 quod
564 1956 652 2018 saepe
666 1934 812 1998 homines
823 1935 954 1998 morbos
966 1937 1069 2020 magis
1081 1957 1153 2000 esse
1165 1936 1326 2000 timendos

305 2037 524 2120 Infamemque
539 2035 649 2099 ferunt
662 2036 770 2112 vitam,
786 2058 883 2118 quam
899 2035 1040 2101 Tartara
1055 2037 1147 2116 lethi,

305 2141 352 2204 Et
367 2163 401 2204 se
418 2140 499 2204 scire
514 2138 624 2202 Animi
639 2149 787 2202 naturam
803 2139 967 2222 sanguinis
984 2161 1068 2216 esse,

253 2303 291 2351 26.
299 2305 350 2352 Nec
358 2304 435 2351 Tellus
443 2299 531 2363 obstat]
541 2299 614 2348 Ratio
624 2299 689 2349 enim
700 2316 752 2348 orn-
819 2299 857 2347 36.
872 2299 1002 2362 claranda]
1021 2300 1073 2349 Lib.
1092 2301 1137 2349 IV.
1155 2317 1177 2350 v.
1195 2299 1250 2360 779,
1268 2300 1322 2352 780.

219 2368 261 2416 nia
271 2367 393 2417 obstantia
403 2366 522 2431 pervadit
539 2369 622 2414 Faber.
787 2367 907 2426 Multaque
924 2369 948 2412 in
960 2369 996 2412 hia
1007 2369 1074 2414 rebus
1086 2374 1227 2428 quaeruntur,
1239 2370 1323 2414 multa-

252 2435 291 2480 28.
304 2435 351 2481 His
362 2435 405 2480 ts‘bs'
416 2448 450 2479 me
460 2434 534 2488 rebus,
545 2428 603 2492 οἱα]
622 2429 692 2477 Istud
704 2432 753 2486 libi,
787 2445 830 2491 que
841 2433 905 2477 notis
917 2429 1065 2478 Claraudum
1078 2431 1114 2478 ’st

219 2507 248 2545 ut
264 2497 309 2554 ool,
328 2495 364 2553 ul,
381 2513 423 2552 me,
443 2504 472 2551 te,
492 2495 584 2558 passim
603 2495 668 2558 apud
685 2495 753 2541 Grae-
821 2495 859 2540 39.
880 2497 961 2541 Omnia
977 2496 1108 2556 suffundens
1124 2498 1203 2543 mortis
1219 2494 1323 2557 nigrore]

219 2577 268 2619 cos,
291 2561 383 2625 passim
408 2560 473 2623 apud
501 2559 610 2614 Latinos,
633 2555 754 2619 παρέλιπον
785 2557 881 2613 Quibus
891 2573 1077 2620 nemounquam
1085 2559 1177 2620 aliquid
1185 2559 1322 2607 venustius:

220 2635 269 2674 est:
284 2628 367 2681 Faber.
394 2623 530 2680 Lucretius,
543 2622 583 2670 lib.
598 2622 633 2670 II.
646 2637 668 2669 v.
684 2623 753 2672 1037.
787 2622 869 2669 omnia
885 2637 1034 2684 quacunque
1051 2623 1092 2670 alii
1108 2624 1264 2686 protulerunt
1280 2639 1323 2671 ex-

222 2693 293 2742 onam
316 2688 360 2736 tibi
378 2688 430 2751 jam
449 2704 512 2734 nemo
524 2685 603 2747 sessus
619 2690 703 2734 satiate
719 2690 753 2733 oi·
786 2687 871 2744 cotias,
884 2702 1008 2749 nunquam
1020 2687 1144 2751 pulchrior
1154 2687 1242 2751 imago.

220 2756 296 2810 dandi,
308 2761 350 2800 etc,
379 2755 426 2799 His
437 2755 484 2808 ubi,
497 2751 616 2808 Gifanius‚
636 2758 661 2797 et
677 2750 753 2797 inter·
819 2752 858 2798 41.
872 2753 941 2808 Nam,
954 2755 1014 2813 qaod
1023 2769 1083 2813 sape
1093 2755 1198 2808 homines,
1209 2751 1265 2814 etc]
1277 2752 1322 2800 Di-

219 2826 330 2881 pretatur
346 2819 386 2863 ubi
405 2816 488 2876 inqua
500 2830 533 2870 re,
550 2815 636 2876 inqua
652 2815 754 2871 ratione,
787 2823 826 2862 cat
833 2815 913 2862 forsan
922 2815 1016 2878 aliquis,
1024 2816 1089 2864 idem
1096 2815 1157 2864 alios
1164 2816 1323 2880 philosophos

237 2881 356 2944 sareptis,
371 2879 417 2936 via,
440 2878 608 2942 philosophia;
633 2878 753 2942 imperite.
787 2880 1323 2944 praestitissequodLucretiuspromittitnec

219 2898 379 3008 l'ayusvero,
395 2948 442 3000 ubi,
460 2951 596 3007 postquam,
613 2959 677 3000 cum,
694 2959 754 3005 quo·
787 2944 865 2992 solum
888 2945 1023 3007 Epicurum
1041 2954 1132 2994 metum
1148 2946 1224 2994 istum
1242 2946 1322 2993 Ache·

218 3010 293 3066 niam,
307 3009 408 3058 relative
419 3008 450 3056 ad
462 3023 545 3055 vocem
557 3011 668 3069 quoniam,
680 3024 702 3055 v.
716 3009 754 3055 31.
787 3009 867 3056 runtis
883 3010 1034 3073 precipitem
1048 3011 1134 3073 egisse,
1151 3026 1206 3059 cum
1223 3011 1323 3074 plurimi

220 3074 354 3124 Lambinus
369 3074 430 3137 legit
446 3075 562 3136 Tibisup.
574 3072 660 3134 fateor.
694 3073 755 3128 Quae
787 3073 915 3121 docuerint
939 3075 1032 3123 animas
1059 3075 1168 3134 interire,
1197 3075 1323 3138 nullasque

219 3141 388 3189 demonstrant
403 3137 565 3187 sacrificulum
582 3136 656 3185 istum
671 3152 703 3185 ne
719 3137 753 3185 le·
787 3147 843 3201 post
867 3147 971 3188 mortem
999 3155 1084 3203 poenas
1110 3141 1229 3188 timendas
1253 3155 1322 3194 esse;

213 3215 276 3270 'gere
288 3204 386 3268 quidem
399 3202 545 3252 Lambinum
556 3202 671 3265 potuisse.
788 3202 956 3266 Empedocles,
978 3220 999 3252 v.
1020 3221 1043 3267 g.
1065 3205 1128 3254 dixit
1147 3205 1253 3253 animam
1270 3220 1323 3252 esse

252 3267 425 3332 aasrucspa]
443 3268 501 3326 Alii,
519 3269 615 3316 Pereiit,
649 3266 755 3322 Quidam
786 3267 1155 3332 cordisuffusumsanguinem;
1179 3280 1252 3333 atque
1267 3270 1323 3316 ideo

218 3336 310 3398 legunt,
326 3335 624 3388 ouoasstNaturataavt
638 3334 694 3380 Tam
704 3349 753 3380 ma·
788 3331 923 3396 Epicurum
945 3349 995 3381 non
1018 3342 1098 3382 tantas
1120 3335 1209 3382 mereri
1231 3333 1323 3391 laudes,

214 3399 682 3462 'nisestapatenseaomniparteretorta.
706 3399 753 3446 Re-
787 3412 832 3444 nec
851 3397 991 3445 Lucretium
1008 3401 1086 3460 majus
1102 3399 1248 3448 beneficium
1264 3414 1322 3446 con-

219 3471 280 3511 torta
292 3473 373 3511 autem
385 3473 423 3512 est
431 3463 535 3520 evoluta,
543 3478 597 3525 quae
608 3461 676 3526 prius
685 3461 754 3524 quasi
787 3461 850 3510 ferra
868 3462 1017 3520 mortalibus,
1035 3478 1107 3524 quam
1128 3464 1169 3512 alii
1190 3464 1248 3512 olim
1264 3480 1322 3511 con·

216 3536 335 3584 contorta,
348 3537 373 3576 et
384 3527 493 3576 involuta
504 3528 638 3576 videbatur.
787 3526 895 3575 tulerint.
919 3528 1064 3591 Respondet
1075 3528 1157 3585 Poeta,
1170 3544 1191 3576 v.
1207 3531 1243 3575 14.
1262 3529 1322 3575 Om-

251 3593 289 3638 81.
310 3595 344 3639 Et
364 3597 468 3654 quoniam
487 3591 567 3654 docui]
587 3591 617 3639 In
633 3591 714 3655 primo
730 3600 755 3639 et
788 3606 832 3639 nes
855 3592 915 3640 istos
940 3590 1100 3654 philosophos
1127 3592 1200 3640 fortia
1224 3592 1323 3653 quidem

218 3655 325 3704 secundo
337 3656 400 3703 libro¹
411 3656 488 3703 multa
499 3656 529 3704 de
540 3655 674 3703 seminibus
685 3655 753 3719 ipsis,
788 3657 861 3703 verba
877 3655 951 3718 loqui,
968 3656 1012 3703 sed
1027 3665 1131 3704 mortem
1151 3655 1238 3703 timere
1254 3670 1323 3717 aeque

216 3721 249 3768 de
269 3735 353 3766 eorum
371 3719 456 3782 figuris
477 3728 501 3766 et
518 3720 640 3768 motibus:
655 3722 714 3781 jam,
730 3735 752 3767 v.
786 3736 814 3768 ac
826 3719 913 3783 vulgus
926 3719 1068 3767 hominum:
1086 3719 1151 3766 inter
1162 3718 1264 3775 dolores,
1282 3721 1320 3767 in-

220 3785 257 3833 10.
274 3792 411 3831 accuratam
423 3783 454 3830 de
470 3788 547 3831 anima
563 3783 753 3846 disputationem
787 3784 892 3842 famimn,
915 3784 1048 3846 angustias,
1065 3781 1141 3830 vitam
1159 3782 1278 3840 tolerant;
1298 3795 1322 3832 et

216 3847 345 3914 promittit,
363 3857 390 3895 ut
405 3846 517 3894 homines
533 3857 600 3895 metu
617 3848 709 3905 mortis,
728 3857 753 3895 et
785 3862 841 3896 cum
868 3847 991 3911 periculis,
1015 3846 1113 3904 morbis,
1138 3858 1184 3895 etc.
1208 3864 1322 3912 preman-

217 3927 344 3978 poenarum
355 3921 411 3975 post
422 3920 525 3958 mortem
536 3911 657 3958 liberaret
785 3922 832 3970 tur,
850 3927 975 3975 nunquam
991 3910 1103 3960 invenies
1119 3912 1197 3975 magis
1217 3913 1323 3962 humiles

250 3980 288 4026 33.
306 3975 415 4037 Alteras]
434 3976 492 4038 Leg.
510 3983 611 4023 aterno:
632 3976 752 4037 quomodo
785 3975 887 4035 animos,
910 3987 952 4025 aut
977 3975 1145 4040 superstitioni
1173 3977 1250 4041 magis
1278 3981 1320 4026 ob-

217 4042 283 4091 enim
294 4041 387 4089 semina
395 4043 483 4087 alterno
491 4048 559 4087 motu
570 4039 663 4102 percita
674 4050 752 4101 sponte
785 4040 879 4089 noxios

217 4124 259 4155 area
270 4105 415 4154 volitarentl
434 4104 487 4152 Lib.
503 4104 537 4152 ll.
551 4119 572 4151 v.
588 4105 657 4151 1054.
670 4113 694 4152 et
709 4104 750 4153 lib.
816 4107 856 4152 43.
866 4108 900 4154 Et
909 4110 1000 4154 rescire
1009 4108 1095 4162 Animi,
1104 4104 1161 4168 etc]
1171 4107 1239 4156 Duos
1248 4109 1322 4155 hosce

219 4171 263 4220 IV.
276 4187 297 4219 v.
311 4173 350 4219 28.
363 4170 403 4218 ubi
414 4169 441 4216 bi
454 4184 537 4217 versus
548 4178 700 4231 repetuntur.
784 4185 868 4218 versus
879 4168 944 4217 delet
963 4171 1055 4226 Fabam
1072 4171 1130 4233 quia
1140 4173 1247 4236 primum
1260 4172 1321 4220 nibil

216 4248 221 4255 ·
250 4233 512 4297 36.Secundum]Post;
526 4231 749 4293 ἐπομένωςτούνοις,
783 4249 845 4298 opus
856 4233 905 4282 illis
916 4242 966 4291 est,
984 4235 1042 4283 dein
1052 4250 1163 4298 quaenam
1175 4237 1259 4286 isthac
1274 4238 1320 4285 La·

217 4301 276 4362 1ξῆς.
306 4303 387 4350 Faber.
784 4297 1252 4365 tinitas,Nataraam'ms'estsangus'm's?
1271 4303 1321 4350 Iste
