2872 4852
208 231 269 295 160
585 221 628 286 Τ.
662 220 929 284 LUCRETII

291 382 357 446 Sed
374 378 509 443 velutin
524 399 633 453 cavea,
651 399 710 460 per
726 399 761 439 se
777 377 839 439 sibi
852 377 958 439 vivere
975 373 1074 437 solam

225 495 272 541 685
292 482 462 556 Convenit,
479 490 515 543 ut
532 502 629 543 sensu
644 479 773 562 Corpus
789 487 895 541 tamen
911 476 1022 539 affluat
1037 477 1154 539 Omne.

292 584 405 655 Quare
420 582 516 645 etiam
532 591 629 664 atque
645 581 741 644 etiam
757 602 816 644 nec
832 580 963 665 originis
979 600 1052 642 esse
1066 577 1248 661 putandum
1262 577 1302 640 'st

290 684 467 769 Experteis
483 681 630 758 Animas,
647 703 707 745 nec
721 679 801 744 lethi
814 680 886 764 lege
904 680 1036 744 solutas.
1077 707 1079 710 ⁴

291 786 379 850 Nam
395 807 501 867 neque
517 794 687 866 tantopere
704 783 834 846 adnecti
848 783 994 865 potuisse
1009 780 1191 865 putandum
1206 779 1246 843 'st

290 888 491 972 Corporibus
507 886 625 948 nostris
642 885 844 964 extrinsecus
860 885 1052 947 insinuatas:

225 1000 273 1047 090
293 988 393 1061 Quod
409 987 481 1051 fieri
496 997 600 1050 totum
615 998 728 1050 contra
742 985 912 1048 manifesta
926 985 1023 1048 docet
1038 1006 1101 1047 res.

290 1090 442 1172 Namque
458 1089 503 1151 ita
519 1110 665 1152 connexa
680 1087 719 1150 ’st
735 1109 794 1171 per
810 1087 934 1163 Venas,
951 1087 1099 1162 Viscera,
1117 1085 1258 1163 NervoS,

291 1193 455 1274 Ossaque,
471 1190 518 1253 uti
535 1189 663 1252 Dentes
679 1211 810 1272 quoque
826 1211 922 1251 sensu
939 1189 1191 1271 participantum

291 1292 432 1356 Morbus
448 1302 484 1354 ut
498 1291 630 1367 indicat,
647 1301 680 1354 et
695 1290 814 1374 gelidai
830 1292 972 1374 stringor
987 1293 1094 1373 aquai,

291 1394 338 1457 Et
352 1393 435 1478 lapis
451 1413 629 1476 oppressus
645 1393 707 1454 sub
722 1392 820 1469 dente
836 1415 854 1456 e
870 1391 1019 1475 frugibus
1035 1411 1148 1475 asper:

226 1508 274 1554 695
294 1496 368 1560 Nec
384 1505 449 1558 tam
465 1503 627 1559 contextae
642 1516 716 1558 cum
731 1494 805 1570 sint,
822 1495 910 1557 exire
927 1494 1077 1557 videntur

229 1614 232 1620 ’
294 1596 475 1661 Incolumes
492 1617 600 1681 posse,
617 1605 651 1658 et
667 1595 770 1659 salvas
786 1595 952 1660 exsolvere
969 1617 1041 1659 sese

297 1699 458 1763 Omnibus
474 1719 492 1760 e
507 1697 640 1773 Nervis,
656 1706 754 1779 atque
772 1696 925 1773 Ossibus,
943 1694 1174 1779 Articulisque.
1192 1697 1193 1700 ’

337 1800 438 1871 Quod
455 1800 482 1862 si
496 1799 580 1863 forte
595 1808 692 1882 putas
708 1798 912 1862 extrinsecus
926 1799 1120 1862 insinuatam

294 1901 491 1965 Permanare
508 1899 659 1964 Animam
673 1899 766 1963 nobis
782 1921 841 1986 per
854 1901 997 1963 membra
1012 1889 1127 1977 solere,

229 2015 277 2064 700
296 2003 407 2067 Tanto
422 2024 560 2085 quaeque
573 2002 675 2084 magis
691 2023 764 2064 cum
779 2021 915 2085 corpore
931 2000 1004 2064 fusa
1019 2002 1157 2085 peribit3

295 2105 396 2178 Quod
413 2114 581 2188 permanat
596 2105 691 2179 enim,
708 2103 912 2167 dissolvitur:
937 2104 1046 2167 interit
1062 2125 1152 2187 ergo.

295 2206 500 2289 Dispertitur
515 2206 599 2270 enim
613 2229 673 2290 per
687 2205 795 2270 caulas
812 2205 968 2290 Corporis
983 2207 1124 2270 omneis:

296 2309 344 2373 Ut
359 2309 450 2372 cibus
466 2309 499 2371 in
513 2310 656 2372 membra
671 2318 770 2391 atque
785 2317 875 2371 artus
891 2330 964 2372 cum
979 2305 1102 2371 diditur
1118 2307 1251 2383 omneis,

296 2411 464 2495 Disperit3
488 2419 586 2494 atque
602 2408 696 2473 aliam
711 2420 859 2472 naturam
875 2408 992 2472 sufficit
1007 2431 1048 2472 ex
1066 2430 1118 2472 se:

232 2522 279 2572 705
300 2511 353 2575 Sic
370 2509 498 2587 Anima,
515 2522 612 2594 atque
629 2509 767 2575 Animus
783 2512 927 2595 quamvis
941 2512 1067 2593 integra
1082 2532 1196 2575 recens
1210 2511 1243 2573 in

297 2613 426 2696 Corpus
442 2623 531 2689 eunt,
549 2624 655 2677 tamen
670 2614 703 2676 in
718 2614 879 2677 manando
894 2611 1134 2689 dissolvuntur;

297 2714 388 2777 Dum
402 2715 496 2797 quasi
509 2737 569 2798 per
585 2715 694 2779 caulas
710 2715 831 2779 omneis
847 2715 1004 2778 diduntur
1018 2715 1051 2778 in
1067 2725 1156 2778 artus

296 2814 482 2890 Particulae,
499 2817 616 2898 quibus
630 2816 701 2880 haec
717 2814 826 2878 Animi
841 2827 957 2879 natura
972 2826 1112 2893 creatur,

298 2916 384 2987 Quae
399 2937 484 2979 nunc
499 2916 532 2978 in
547 2928 658 2979 nostro
674 2917 858 2981 dominatur
872 2917 1019 3001 Corpore
1035 2928 1112 2982 nata

233 3030 281 3080 710
300 3017 355 3080 Ex
369 3016 433 3093 illa,
449 3039 523 3100 quae
539 3028 614 3081 tunc
630 3019 749 3101 peritat
763 3021 884 3102 partita
898 3041 958 3102 per
974 3029 1074 3083 artus.

244 3235 299 3283 685.
317 3235 432 3292 Convenit,
443 3233 499 3298 etc]
510 3235 585 3284 Hunc
593 3250 691 3283 versum
703 3236 745 3283 de·
779 3234 857 3284 flexus
877 3244 902 3284 et
920 3245 1013 3285 meatus
1032 3237 1148 3301 Corporis
1169 3235 1265 3287 diffusa
1276 3235 1317 3293 sit,

210 3299 246 3348 let
262 3299 403 3358 Lambinus,
420 3301 568 3358 Gasscndus,
586 3299 641 3347 alii:
665 3299 748 3363 plures
780 3316 880 3349 necesse
898 3310 936 3350 est
953 3310 981 3349 ut
998 3309 1112 3358 mutetur,
1131 3300 1193 3349 situs
1213 3311 1239 3348 et
1257 3299 1317 3348 ordo

210 3363 325 3412 retinent.
353 3365 411 3413 Sine
419 3365 462 3414 illo
470 3365 568 3428 quidem
578 3373 748 3427 argumentum
780 3365 886 3428 partium
899 3375 1014 3424 mutetur,
1025 3375 1076 3414 tota
1087 3365 1192 3427 denique
1204 3366 1317 3413 substan·

212 3436 250 3475 est
266 3428 325 3476 satis
343 3429 498 3491 explicatum,
518 3439 543 3477 et
563 3429 651 3486 forsan,
669 3432 749 3489 affluat
782 3429 815 3478 tia
827 3430 982 3478 distrahatur.
1011 3431 1132 3485 Qualibet
1147 3430 1213 3478 enim
1225 3444 1264 3477 res
1281 3437 1318 3476 tot

211 3507 365 3553 omsccmpur
376 3511 442 3543 sensa
454 3494 552 3542 Latium
564 3510 613 3542 non
624 3493 741 3556 agnoscit.
782 3495 882 3552 fistulas,
904 3504 939 3543 tot
960 3504 1054 3543 meatus
1074 3504 1098 3543 et
1118 3493 1237 3542 foramina
1259 3505 1319 3556 quot

245 3555 300 3603 693.
329 3559 436 3619 Stra‘agor
458 3557 541 3620 aquai]
566 3558 654 3620 Frigus
680 3574 749 3620 aquae
781 3559 807 3606 in
835 3574 936 3622 corpore
964 3568 1028 3616 sunt,
1053 3568 1187 3623 permanet,
1216 3573 1319 3620 eamque

212 3633 260 3679 quo
280 3619 366 3667 dentes
385 3622 591 3684 perstringuntur,
611 3637 667 3669 000
687 3637 750 3685 aqua
782 3623 865 3671 multis
881 3622 960 3670 modis
978 3622 1118 3672 distractam
1140 3622 1247 3672 senties?
1271 3621 1316 3669 ali-

212 3681 301 3744 frigida
312 3681 415 3731 bibatur.
782 3696 891 3735 mentum
918 3686 1053 3743 considera,
1081 3689 1140 3736 dum
1167 3702 1211 3752 per
1236 3701 1319 3745 venas,

245 3746 301 3794 694.
318 3748 351 3792 Et
368 3749 428 3807 Iapis
443 3747 637 3809 oppressuaetc]
656 3749 749 3798 Omnes
781 3750 889 3812 aliosque
911 3750 999 3798 ductus
1020 3752 1051 3799 ad
1078 3752 1175 3815 singula
1202 3751 1320 3814 Corporis

212 3810 282 3859 codd.
295 3825 413 3869 oppressas
423 3815 507 3860 rabitis
517 3830 529 3861 s
539 3810 668 3874 frugibus.-
686 3814 752 3862 unde
783 3815 892 3863 membra
903 3813 1016 3871 delemur,
1029 3815 1139 3879 deposita
1150 3816 1227 3879 priori
1242 3816 1321 3863 forms

213 3873 312 3936 quidam
323 3877 399 3922 sabito
412 3878 440 3923 de
449 3875 569 3950 frugibus.
599 3876 684 3933 Faber,
696 3881 750 3925 aab·
783 3878 856 3926 aliam
864 3893 963 3941 prorsus
972 3878 1095 3928 &versam
1103 3881 1197 3929 induit:
1216 3880 1318 3930 creden·

214 3942 255 3987 s'ts's
271 3939 410 3999 anfractibus.
439 3940 500 4003 Legi
518 3949 598 3988 tamen
615 3948 703 4002 potest,
719 3945 752 3990 Et
784 3943 841 3991 dum
852 3942 907 3990 ideo
919 3942 1035 3991 Animam
1051 3960 1147 4007 quoque
1162 3961 1247 4009 parem
1264 3959 1319 3992 mu·

215 4006 275 4065 lapis
286 4017 415 4064 expressu
426 4007 501 4052 subito
513 4008 540 4052 de
547 4001 659 4066 frugibus
675 4022 749 4066 asper.
784 4007 900 4055 tationem
922 4007 1058 4056 subituram
1080 4025 1140 4067 esse,
1164 4019 1189 4057 et
1216 4009 1320 4073 proinde

221 4101 224 4106 ·
247 4069 302 4115 698.
324 4071 390 4120 Quod
402 4071 422 4116 ss'
432 4066 496 4130 forte
511 4075 587 4130 putas,
600 4066 657 4130 stc]
676 4069 749 4117 Deci·
783 4072 918 4120 mortalem.

215 4147 283 4181 mum
297 4141 416 4191 octavum,
428 4149 451 4181 v.
466 4134 502 4180 16.
532 4133 661 4180 Formetur
676 4131 751 4194 igitur
816 4135 871 4186 700.
903 4138 976 4184 Tasta
997 4138 1105 4199 qaaeqas]
1134 4141 1207 4187 Tanto
1234 4155 1321 4199 nempe,

215 4206 286 4246 extra
301 4199 403 4261 Corpus,
416 4206 443 4245 ut
458 4197 500 4246 isti
512 4196 603 4254 solunt,
616 4196 713 4254 Anima,
726 4208 752 4247 ct
785 4199 869 4248 Faber.

215 4261 314 4310 demum
336 4262 491 4318 infundatur,
520 4261 578 4309 dum
604 4276 649 4323 per
671 4261 751 4311 varios
817 4263 870 4314 710.
889 4264 1135 4328 Peritst]Al.pertit.
