2872 4852
214 225 253 286 18
595 220 638 284 Τ.
670 217 940 282 LUCRETII

298 376 347 442 At
362 397 479 460 neque,
496 399 562 460 quo
577 386 675 460 pacto
690 375 874 459 persederit
890 372 1007 435 humor
1022 372 1119 453 aquai

300 479 388 543 Visu
403 479 452 555 'st,
468 500 529 542 nec
544 500 673 541 rursum
689 499 754 561 quo
769 486 866 560 pacto
881 474 1002 558 fugerit
1016 482 1118 536 aestu:

237 595 284 641 310
303 581 342 645 In
357 604 474 665 parvas
490 581 588 665 igitur
603 580 725 664 parteis
742 578 941 662 dispergitur
957 575 1098 650 Humor,

302 683 396 756 Quas
412 681 497 745 oculi
511 680 599 744 nulla
613 688 752 765 possunt
766 680 890 743 ratione
906 678 1027 741 videre.
1108 687 1111 694 '

346 784 437 858 Quin
452 785 548 847 etiam
562 783 670 846 multis
687 781 772 845 Solis
786 781 998 846 redeuntibus
1015 778 1108 842 annis

305 885 456 950 Annulus
472 887 505 948 in
521 886 624 969 digito
640 886 906 949 subtertenuatur
920 881 1092 945 habendo:

305 987 456 1053 Stillicidi
470 1010 565 1052 casus
581 987 721 1071 lapidem
737 996 846 1050 cavat:
871 1007 974 1049 uncus
989 984 1089 1047 aratri

241 1102 288 1148 315
307 1090 448 1154 Ferreus
465 1088 591 1154 occulte
607 1088 768 1152 decrescit
782 1087 905 1152 Vomer
919 1087 951 1149 in
968 1085 1070 1149 arvis:

307 1191 482 1274 Strataque
493 1191 562 1274 jam
577 1189 663 1274 volgi
678 1189 818 1273 pedibus
835 1188 954 1252 detrita
969 1187 1092 1250 viarum

306 1295 414 1359 Saxea
429 1294 662 1377 conspicimus:
688 1302 756 1355 tum
770 1301 882 1375 portas
897 1301 1033 1375 propter
1048 1289 1155 1353 ahena

306 1397 406 1481 Signa
420 1419 534 1460 manus
550 1396 683 1459 dextras
700 1395 878 1458 ostendunt
892 1393 1053 1457 attenuari

305 1499 402 1583 Saepe
419 1498 616 1563 salutantum
631 1508 732 1574 tactu,
749 1507 934 1581 praeterque
949 1505 1130 1559 meantum:

243 1612 290 1658 320
310 1600 394 1664 Haec
409 1602 509 1685 igitur
523 1601 633 1677 minui,
651 1622 724 1663 cum
738 1600 803 1662 sint
817 1598 947 1671 detrita,
963 1598 1110 1661 videmus
1123 1623 1131 1673 3

306 1709 386 1786 sed,
402 1731 476 1792 quae
491 1707 639 1793 Corpora
655 1708 816 1771 decedant
831 1709 864 1770 in
879 1719 1024 1792 tempore
1037 1729 1180 1791 quoque,

307 1811 423 1874 Invida
437 1810 603 1894 praeclusit
618 1811 759 1894 speciem
775 1810 906 1875 Natura
919 1810 1061 1874 videndi.

351 1912 534 1990 Postremo,
551 1935 754 1997 quaecunque
769 1913 852 1978 Dies
869 1913 1065 1997 Naturaque
1080 1913 1179 1977 rebus

309 2014 481 2079 Paullatim
496 2016 620 2092 tribuit,
636 2017 827 2080 moderatim
842 2038 989 2081 crescere
1005 2038 1136 2100 cogens,

243 2130 290 2176 aas
308 2117 410 2181 Nulla
425 2128 535 2202 potest
551 2117 717 2181 oculorum
732 2119 817 2181 acies
833 2129 986 2182 contenta
1001 2119 1101 2195 tueri;

309 2221 384 2284 Nec
398 2243 498 2305 porro
513 2243 717 2304 quaecunque
732 2243 801 2284 aevo
816 2223 983 2304 macieque
1000 2230 1188 2284 senescunt:

229 2334 231 2339 '
309 2322 382 2387 Nec
397 2345 485 2386 mare
501 2346 575 2407 quae
589 2322 778 2407 impendent
793 2345 889 2387 vesco
906 2323 972 2393 sale
988 2323 1076 2386 Saxa
1092 2345 1218 2406 peresa,

255 2546 310 2591 alr.
336 2547 397 2596 Quin
420 2547 489 2592 etiem
513 2547 591 2592 multis
615 2546 680 2600 Solis,
705 2542 761 2605 ete]
795 2559 834 2592 res
851 2543 1003 2601 describitur,
1016 2551 1045 2591 ut
1055 2541 1155 2589 minime
1170 2539 1245 2589 dubia
1254 2539 1338 2589 videri

222 2610 331 2665 Multum,
345 2607 473 2655 Marullus.
505 2610 658 2665 Mattianum,
676 2607 763 2655 Faber.
795 2608 889 2656 debeat.
918 2609 969 2656 Cur
981 2617 1062 2656 autem
1074 2608 1184 2654 dextram
1195 2604 1279 2669 potius
1295 2620 1338 2654 os·

223 2671 299 2719 Varia
307 2687 327 2719 v.
339 2671 494 2733 ll.congerit
501 2671 626 2735 exempla:
648 2671 763 2719 Annulus
795 2672 936 2721 cularentur
952 2687 1024 2734 quam
1041 2671 1133 2730 laevam,
1151 2671 1226 2718 habes
1242 2669 1339 2718 Varro·

222 2735 268 2783 via.
276 2735 303 2782 iu
310 2735 394 2797 digito,
402 2736 495 2782 Vomer
501 2735 527 2782 in
536 2735 601 2798 agris
608 2743 762 2791 attenuatur:
796 2751 852 2784 nem
864 2736 906 2799 qui
918 2737 1003 2785 doceat
1010 2736 1044 2788 jn
1061 2734 1183 2799 excerptis
1199 2750 1231 2782 ex
1249 2733 1340 2783 Servio

222 2801 300 2847 Gutta
311 2799 417 2862 lapidem
430 2807 514 2854 cavat:
535 2800 680 2848 ‘Pavimenta
698 2810 760 2848 atte-
794 2800 820 2848 iu
834 2801 855 2848 Ι.
872 2801 970 2849 AEneid.
1004 2804 1093 2849 lintres
1108 2799 1206 2848 veroin
1222 2797 1338 2862 margine

223 2872 328 2925 rantur:
344 2878 468 2926 aereasque
480 2863 553 2910 etiam
567 2864 664 2911 Statuas
677 2865 761 2912 crebro
794 2865 896 2928 apponit
908 2864 1029 2923 Gifanius,
1041 2866 1122 2913 forsan
1134 2880 1179 2928 pro
1190 2872 1281 2912 euertat
1292 2873 1340 2913 aut

223 2937 291 2976 tactu
299 2927 400 2975 detritas
409 2927 580 2990 conspicimus.
609 2928 649 2976 Ab
658 2929 697 2976 his
709 2945 760 2977 om·
794 2929 975 2994 prominentes:
994 2930 1028 2978 ric
1044 2930 1108 2993 apud
1125 2927 1274 2986 Lucretium,
1291 2927 1337 2977 lib.

224 2993 297 3040 nibus
319 2992 355 3040 ita
377 2991 473 3040 detritis
500 3008 624 3056 corporeae
651 2994 761 3056 quaedam
796 2995 841 3043 IV.
853 3011 875 3043 v.
888 2994 943 3046 278.
977 2998 1091 3043 lirtrariu
1108 2994 1158 3053 lux,
1172 3008 1218 3057 pro
1231 3000 1338 3052 eetema,

223 3056 350 3120 particulae
366 3056 497 3111 recedunt:
520 3057 632 3120 quivero
648 3057 761 3122 istasvvi-
795 3060 834 3108 vel
843 3064 978 3108 extrinseca.
1008 3060 1113 3107 Versum
1123 3067 1265 3120 sequentem
1285 3073 1339 3106 non

224 3121 295 3178 derit,
319 3121 402 3170 oculos
423 3121 523 3169 habebit
544 3122 616 3184 longe
642 3122 763 3171 acutiores
795 3124 945 3187 agnoscitB.

224 3201 297 3248 quam
305 3189 393 3248 Aquila
403 3193 444 3233 aut
455 3203 546 3247 serpens
555 3189 704 3247 Epidaurius.
828 3191 883 3236 320.
901 3187 966 3250 Sint]
980 3189 1019 3236 Ex
1030 3187 1143 3237 omnibus
1153 3185 1223 3234 libris
1237 3184 1340 3260 scripsit

256 3253 311 3299 313.
329 3250 454 3313 Habenda]
474 3252 540 3299 Dum
556 3259 672 3314 gestatur.
702 3253 760 3300 Pas·
796 3253 937 3301 Lambinus.
969 3256 1035 3309 Sunt,
1052 3268 1083 3300 ex
1100 3254 1246 3314 conjectura,
1265 3250 1338 3298 Grin-

223 3316 282 3365 sivae
294 3316 495 3380 significationis:
514 3315 601 3379 Virgil.
630 3319 711 3364 Aditur
727 3319 761 3364 ui-
795 3318 858 3376 nius,
876 3327 904 3365 ut
920 3328 945 3365 et
958 3320 1083 3379 praecludit
1102 3332 1147 3380 pro
1165 3318 1292 3377 praelusit,
1312 3332 1336 3364 v.

224 3385 281 3428 tium
291 3386 391 3445 aluitque
407 3382 518 3444 tegendo.
551 3381 580 3429 Id
592 3390 636 3440 est,
648 3382 708 3429 dum
719 3390 760 3430 te·
796 3384 850 3430 322.

224 3445 297 3506 gitur.
332 3447 429 3493 Lucret
442 3447 456 3492 l.
472 3447 517 3494 1v.
530 3463 553 3494 v.
567 3446 637 3495 1062.
671 3449 762 3495 Invete-
828 3449 882 3495 323.
900 3443 1336 3509 Postremo,quaecunque‚etc.]Deni-

224 3512 296 3555 reecit
307 3509 401 3557 alendo.
432 3510 461 3557 Id
473 3520 517 3568 est,
530 3511 588 3558 dum
600 3511 679 3560 alitur.
795 3528 842 3575 que
854 3523 937 3561 monet
947 3530 970 3561 v.
984 3512 1005 3562 7.
1035 3513 1119 3560 Rebus
1134 3509 1252 3574 paulatim
1268 3524 1336 3558 cres-

258 3573 312 3618 316.
331 3575 411 3621 Strata
417 3574 519 3636 uiarum]
527 3575 562 3621 Ut
568 3579 643 3635 primu
654 3579 761 3633 uirorum,
795 3577 906 3624 centibus
915 3577 1005 3641 apponi
1015 3576 1131 3638 quasdam
1140 3574 1272 3638 particulas
1279 3589 1336 3622 cor·

224 3634 265 3682 lib.
281 3637 300 3683 1.
314 3651 335 3683 v.
349 3637 387 3686 87.
422 3640 507 3686 Clausa
523 3641 643 3696 domorum,
661 3656 684 3687 v.
706 3642 761 3687 355.
794 3656 888 3702 pareas,
901 3642 931 3688 ab
941 3641 972 3688 iis
982 3641 1072 3689 iterum
1083 3638 1279 3687 decrescentibus
1291 3639 1336 3686 de·

227 3700 470 3757 cinerariorumlib.
486 3701 530 3748 IV.
543 3718 566 3749 v.
579 3702 633 3750 616.
648 3712 694 3751 etc.
729 3703 763 3751 Et
794 3703 874 3759 trahi:
897 3720 938 3755 eas
954 3719 1013 3752 vero
1029 3701 1161 3766 particulas
1184 3702 1282 3752 oculum
1302 3719 1336 3752 ne

224 3764 290 3827 apud
306 3764 393 3826 virgil.
413 3764 454 3811 lib.
480 3765 500 3812 I.
524 3765 622 3813 AEneid.
657 3769 763 3829 Miratur
795 3767 892 3829 quidem
902 3767 1069 3816 acutissimum
1079 3765 1182 3816 intueri:
1202 3768 1336 3818 etdemum

221 3837 309 3890 pertas,
321 3831 491 3889 strepitumque,
502 3836 526 3876 et
537 3837 612 3876 strata
623 3829 725 3877 viarum.
795 3831 919 3880 concludit
929 3847 1001 3895 posse
1013 3846 1066 3878 esse
1081 3831 1190 3892 quaedam
1209 3831 1337 3896 Principia

257 3895 311 3940 318.
329 3896 402 3955 Signa
413 3909 493 3940 manue
504 3896 605 3949 dextras,
615 3893 671 3956 etc]
683 3895 760 3943 Intel·
795 3895 931 3958 Corporum
943 3911 996 3957 quae
1008 3894 1083 3943 aciem
1097 3896 1221 3944 oculorum
1231 3896 1337 3959 fugiant:

224 3956 280 4020 tigit
297 3958 405 4005 Deorum
417 3956 557 4004 tutelarium
569 3956 646 4020 signa,
659 3974 761 4020 quorum
796 3960 858 4008 Haec
870 3959 951 4007 omnia
962 3959 1069 4009 breviter
1081 3960 1203 4025 Epicurus
1215 3961 1241 4008 in
1253 3960 1335 4024 Epist.

223 4037 323 4069 manum
332 4021 443 4068 dextram
455 4021 496 4082 qui
509 4021 605 4068 exirent
615 4037 646 4069 ex
658 4024 724 4079 urbe,
737 4033 762 4072 et
795 4024 825 4072 ad
839 4023 991 4072 Herodotum
1001 4043 1007 4080 ;
1024 4026 1072 4073 πᾶν
1081 4043 1109 4073 τε
1120 4023 1222 4086 μέγεθος
1231 4025 1265 4086 μὴ
1276 4023 1336 4075 εἷναι

223 4086 265 4150 qui
276 4085 470 4148 ingrederentur,
480 4085 584 4133 osculari
595 4086 712 4144 solebant,
722 4087 759 4135 id·
793 4087 846 4150 περὶ
854 4085 961 4148 ἀτόμους.
977 4090 1256 4138 Democritusmaximas
1261 4106 1335 4154 posse

224 4166 271 4213 que
288 4149 345 4200 boni
363 4147 452 4197 ominis
470 4165 556 4196 causa:
581 4165 660 4211 neque
679 4160 760 4200 temen
794 4168 848 4200 esse
868 4153 970 4201 Atomos
991 4154 1152 4211 existimabat,
1170 4163 1201 4212 et,
1219 4153 1335 4205 οὐδέποτε

223 4215 295 4274 ullus,
303 4215 366 4278 quod
374 4213 761 4277 sciam,veterisScriptorislocus
794 4219 855 4278 γοῦν
866 4217 953 4277 ἄτομος
965 4220 1031 4281 ὤφθη
1044 4218 1159 4275 αἰσθήσει

224 4280 291 4328 adid
304 4277 518 4328 demonstrandum
536 4278 649 4334 affertur:
668 4280 710 4328 sed
726 4279 761 4328 ita
828 4280 882 4332 327.
901 4285 951 4330 Nec
971 4300 1032 4332 mere
1053 4300 1103 4345 qne
1122 4281 1263 4345 impendent]
1285 4283 1335 4332 Pro
