2872 4852
210 243 276 306 272
356 231 359 235 ’
591 237 634 300 Τ.
667 233 940 299 LUCRETII

297 396 388 460 Inter
404 418 438 458 se
455 413 593 477 quorum
609 393 772 456 discordia
787 392 931 455 membra
946 388 1110 453 videmus:

297 499 383 572 Quae
399 519 505 581 neque
520 495 698 558 florescunt
712 495 846 577 pariter,
863 515 969 577 neque
985 493 1104 555 robora
1119 502 1250 555 sumunt

298 599 511 683 Corporibus,
528 619 634 680 neque
651 597 825 680 projiciunt
841 606 937 659 aetate
954 605 1104 671 senecta3

234 718 282 764 895
300 703 375 766 Nec
392 698 485 764 simili
500 699 630 763 Venere
646 699 832 776 ardescunt,
851 721 910 762 nec
925 697 1069 761 moribus
1084 697 1157 760 unis

300 802 515 877 Conveniunt,
533 823 592 864 nec
609 810 685 864 sunt
700 802 814 865 eadem
824 800 972 884 jucunda
987 821 1046 882 per
1062 808 1170 862 artus:
1197 851 1200 854 .

301 906 435 988 Quippe
451 904 561 966 videre
576 902 651 966 licet
666 903 879 986 pinguescere
896 923 983 984 saepe
995 900 1112 964 Cicuta

301 1007 498 1089 Barbigeras
514 1004 669 1088 pecudes,
687 1003 821 1067 Homini
835 1026 909 1087 quae
925 1004 965 1066 'st
981 1025 1055 1067 acre
1070 1003 1255 1066 Venenum.

343 1107 487 1172 Flamma
503 1106 635 1190 quidem
649 1128 728 1169 vero
743 1129 815 1169 cum
832 1127 969 1189 corpora
985 1104 1072 1168 fulva
1086 1103 1216 1168 leonum

234 1224 284 1272 900
302 1211 388 1274 Tam
403 1209 505 1273 soleat
521 1221 655 1284 torrere,
672 1217 771 1291 atque
786 1230 893 1284 urere,
910 1229 1006 1291 quam
1022 1228 1125 1290 genus
1141 1229 1235 1270 omne

300 1312 459 1388 Visceris,
476 1313 508 1374 in
524 1311 618 1374 terris
634 1310 852 1393 quodcunque
868 1320 901 1373 et
918 1308 1083 1391 sanguinis
1099 1319 1207 1382 extet3

302 1413 372 1488 Qut
385 1414 457 1477 fieri
472 1413 590 1497 potuit,
607 1410 725 1495 triplici
740 1433 813 1475 cum
827 1432 964 1494 corpore
979 1423 1015 1473 ut
1030 1433 1095 1474 una

302 1517 413 1580 Prima
429 1515 510 1591 Leo,
527 1527 692 1599 postrema
708 1513 830 1588 Draco,
848 1513 954 1576 media
969 1513 1040 1595 ipsa
1056 1511 1219 1577 Chimaera

304 1620 373 1682 Ore
389 1618 475 1681 foras
492 1639 599 1681 acrem
614 1616 739 1680 efflaret
755 1617 797 1680 de
813 1636 950 1698 corpore
966 1614 1148 1678 flammam?

236 1732 285 1778 905
346 1720 458 1791 Quare
473 1720 569 1782 etiam
585 1716 719 1781 Tellure
734 1739 828 1793 nova,
846 1715 1005 1800 Caeloque
1018 1718 1141 1780 recenti

303 1820 398 1884 Talia
413 1821 469 1903 qui
483 1819 578 1903 fingit
593 1819 740 1902 potuisse
756 1816 903 1881 animalia
918 1819 1018 1902 gigni,

303 1923 412 1986 Nixus
428 1923 461 1983 in
477 1920 539 1984 hoc
556 1943 620 1984 uno
635 1921 786 1984 novitatis
801 1921 929 1983 nomine
945 1920 1050 1997 inani3

303 2024 412 2089 Multa
426 2023 502 2089 licet
518 2024 610 2088 simili
626 2025 750 2088 ratione
766 2023 893 2087 effutiat
908 2046 983 2087 ore:

305 2125 418 2190 Aurea
434 2138 503 2191 turn
518 2127 606 2191 dicat
620 2149 680 2210 per
696 2137 799 2190 terras
815 2124 965 2189 Flumina
980 2125 1076 2209 volgo

237 2241 286 2286 910
304 2227 466 2306 Fluxisse,
483 2240 517 2293 et
533 2227 679 2292 Gemmis
694 2227 812 2292 florere
827 2226 976 2292 Arbusta
992 2249 1121 2292 suesse:

304 2330 376 2396 Aut
391 2331 565 2396 Hominem
580 2341 671 2395 tanto
685 2332 902 2395 membrorum
917 2352 990 2394 esse
1005 2331 1125 2414 impete
1141 2340 1265 2407 natum,

304 2434 413 2497 Trans
428 2435 529 2498 maria
543 2433 608 2497 alta
623 2434 745 2517 pedum
760 2434 849 2496 nisus
866 2442 903 2495 ut
918 2454 1040 2516 ponere
1056 2441 1189 2516 posset3

227 2532 230 2536 ’
306 2536 353 2598 Et
368 2537 515 2600 manibus
532 2547 636 2600 totum
652 2536 772 2599 circum
788 2557 823 2598 se
838 2544 965 2598 vertere
981 2533 1110 2598 coelum.

304 2636 392 2701 Nam
407 2640 497 2722 quod
512 2637 612 2701 multa
627 2637 719 2701 fuere
735 2637 768 2699 in
784 2636 879 2700 terris
896 2637 1017 2700 semina
1032 2659 1152 2713 rerum,

238 2749 288 2795 915
306 2738 471 2824 Tempore
487 2762 552 2824 quo
567 2740 706 2823 primurn
723 2737 836 2802 Tellus
854 2737 1016 2801 Animalia
1030 2738 1132 2815 fudit;

306 2840 365 2903 Nil
379 2852 485 2904 tamen
501 2854 552 2906 est
568 2843 661 2927 signi,
676 2842 786 2905 mistas
802 2843 948 2924 potuisse
964 2843 1068 2905 creari

306 2941 397 3005 Inter
412 2965 446 3006 se
460 2943 616 3025 pecudes,
633 2953 865 3026 compactaque
880 2944 1024 3007 membra
1038 2944 1254 3007 animantum:

306 3044 487 3128 Propterea
502 3045 578 3129 quia
593 3067 666 3128 quae
680 3045 723 3108 de
738 3045 833 3108 terris
849 3068 934 3109 nunc
950 3067 1081 3130 quoque
1093 3047 1264 3111 abundant

305 3145 494 3211 Herbarum
510 3168 641 3231 genera,
658 3169 696 3210 ac
711 3145 849 3230 Fruges,
866 3145 1079 3232 Arbustaque
1094 3147 1178 3225 laeta,

239 3262 288 3308 920
306 3249 385 3313 Non
401 3260 508 3313 tamen
524 3250 607 3313 inter
623 3271 658 3312 se
673 3248 799 3333 possint
814 3248 983 3334 complexa
997 3251 1111 3315 creari.

306 3353 376 3417 Res
393 3353 438 3417 sic
454 3375 592 3437 quaeque
609 3374 668 3415 suo
683 3351 748 3415 ritu
763 3354 930 3435 procedit3
954 3363 987 3416 et
1002 3375 1112 3417 omnes

303 3455 444 3519 Foedere
459 3467 584 3518 naturae
600 3466 689 3519 certo
706 3455 890 3518 discrimina
906 3465 1045 3518 servant.

349 3556 396 3620 Et
410 3579 513 3642 genus
528 3559 704 3622 humanum
719 3555 820 3620 multo
834 3556 896 3621 fuit
909 3556 988 3621 illud
1004 3558 1037 3621 in
1052 3557 1136 3621 arvis

251 3789 307 3836 892.
329 3789 465 3852 Discordia]
485 3791 545 3854 Legi
562 3800 644 3854 potest
661 3793 754 3838 Dissor·
822 3793 877 3839 923.
895 3794 1148 3854 &gerasaenorum
1160 3789 1217 3854 ata]
1237 3792 1329 3841 Homi-

218 3857 260 3900 tia.
290 3851 331 3899 Sic
347 3852 457 3912 Ovidius,
475 3856 516 3902 lib.
530 3856 607 3902 v111.
620 3872 642 3902 v.
658 3857 710 3903 133.
725 3856 755 3902 de
789 3871 848 3903 num
865 3872 879 3903 e
896 3865 961 3904 terra
977 3866 1090 3905 natorum
1107 3857 1190 3914 vitam,
1207 3856 1329 3916 habitum,

220 3917 369 3975 Minotauro,
390 3918 575 3981 Dissortemque
593 3928 657 3966 utero
670 3919 755 3981 foetam
788 3920 922 3983 ingenium,
931 3936 1011 3970 mores
1020 3923 1073 3970 fuse
1083 3922 1205 3979 describit,
1213 3931 1239 3970 et
1246 3922 1330 3986 primo

218 3984 288 4030 tulit:
306 3991 330 4029 et
341 3982 367 4029 in
378 3982 458 4044 prima
470 3983 581 4046 Epistola
600 3983 691 4040 Sabini,
705 3986 755 4032 Nec
788 3986 893 4047 quidem,
912 4003 934 4034 v.
955 3989 993 4034 20.
1013 3988 1084 4035 docet
1101 3987 1193 4050 primos
1214 3987 1330 4036 homines

218 4050 243 4094 tn
254 4064 297 4094 uno
308 4063 399 4107 corpore
410 4047 502 4094 dissors
514 4050 664 4108 Parthenope.
787 4050 906 4107 validiori,
928 4050 1000 4113 quam
1020 4067 1093 4109 nunc,
1112 4051 1251 4100 constitisse
1272 4067 1328 4100 cor·

251 4112 305 4160 899.
324 4114 427 4159 Flamma
438 4115 528 4174 quidem
538 4111 603 4174 vero]
615 4112 673 4170 Alii,
686 4117 755 4175 ignea
786 4131 853 4178 pore,
864 4116 895 4163 ob
903 4115 1013 4163 innatam
1022 4116 1145 4173 duritiem,
1155 4132 1228 4178 quarn
1240 4131 1254 4164 e
1266 4116 1330 4165 dura

212 4179 307 4236 flamma
317 4179 413 4239 quidem.
787 4189 852 4227 terra
867 4179 944 4242 geniti
961 4189 1135 4229 contraxerant
1140 4200 1147 4238 ς
1167 4180 1226 4229 inde
1244 4180 1329 4230 minus

250 4243 305 4290 912
322 4243 410 4291 Pedum
420 4240 610 4303 nisan—ponere]
623 4241 682 4299 Alii,
692 4260 751 4304 pau·
786 4244 885 4291 obnoxii
918 4244 1009 4291 morbis
1042 4255 1120 4301 erant,
1155 4255 1180 4294 et
1212 4245 1328 4309 longavi.

215 4307 277 4355 dere.
786 4308 866 4356 Nemo
880 4317 962 4356 autern
979 4324 1050 4371 agros
1067 4309 1151 4368 coluit,
1168 4310 1212 4359 sed
1228 4309 1327 4373 glandi·
