2872 4852
468 227 642 292 LPBER
671 227 934 302 QUINTUS.
1190 232 1257 298 269

164 393 214 441 555
230 382 318 447 Nam
333 385 557 449 communibus
572 384 657 449 inter
671 406 707 449 se
721 381 886 450 radicibus
901 385 1028 451 haerent

227 485 284 552 Ex
297 486 430 552 ineunte
446 509 516 550 aevo
531 487 716 571 conjuncta,
731 496 830 571 atque
845 488 955 552 uniter
968 499 1057 572 apta.

227 586 348 653 Nonne
366 589 455 653 vides
470 589 578 666 etiam,
595 610 692 672 quam
706 610 824 673 magno
838 590 985 674 pondere
1001 591 1096 656 nobis

229 688 397 754 Sustineat
410 712 530 774 corpus
545 691 734 754 tenuissima
748 691 796 754 vis
812 688 955 769 Animal,

228 789 410 876 Propterea
424 793 501 877 quia
515 803 581 856 tom
595 793 780 876 conjuncta,
796 804 895 877 atque
910 794 1019 858 uniter
1033 805 1111 879 apta
1126 795 1189 860 ’stt

162 903 211 950 560
226 891 380 980 Denique
391 895 460 979 jam
476 894 562 959 saltu
577 895 702 979 pernici
717 893 830 959 tollere
846 894 976 980 Corpus

229 993 313 1067 Quis
328 995 414 1080 potis
429 1006 492 1073 est,
507 996 571 1059 nisi
585 996 632 1059 vis
648 993 788 1072 Animae,
804 1018 878 1079 quae
892 998 1036 1061 membra
1050 1000 1237 1083 gubernati

196 1153 198 1162 .
226 1094 344 1161 domne
359 1096 450 1162 vides
465 1107 622 1182 quantum
637 1097 744 1160 tenuis
758 1108 875 1162 natura
889 1097 996 1164 valere

227 1197 350 1275 Possit,
366 1199 424 1262 ubi
438 1208 489 1264 est
505 1198 678 1284 conjuncta
691 1199 783 1283 gravi
797 1220 871 1263 cum
885 1221 1034 1284 corpore,
1050 1213 1088 1267 ut
1101 1200 1174 1268 Aiir

229 1298 432 1384 Co'njunctus
449 1300 558 1377 terris,
573 1310 608 1364 et
621 1300 715 1364 nobis
728 1311 780 1364 est
791 1298 903 1365 Animi
916 1302 987 1366 vis?
1134 1295 1137 1299 ’

164 1412 212 1459 555
270 1400 345 1466 Ν55
358 1402 455 1467 nimio
471 1401 557 1466 Solis
572 1403 674 1487 major
689 1412 771 1480 rota,
788 1424 849 1468 neo
863 1404 967 1469 minor
982 1405 1080 1470 ardor

230 1501 316 1567 Esse
331 1513 452 1587 potest,
468 1503 588 1596 nostris
603 1524 700 1586 quam
715 1504 865 1568 sensibus
880 1526 954 1570 esse
969 1507 1109 1572 videtur.

228 1603 316 1668 Nam
332 1605 450 1689 quibus
466 1626 485 1669 e
500 1604 614 1690 spatiis
628 1626 756 1688 cunque
772 1604 871 1689 Ignes
886 1605 1008 1672 lumina
1021 1621 1161 1695 possunt

227 1705 394 1792 Adjioere,
410 1717 444 1772 et
457 1706 597 1772 calidum
612 1707 762 1772 membris
777 1707 901 1774 adflare
917 1733 1082 1795 vaporem,

230 1807 290 1871 Illa
300 1809 372 1892 ipso
387 1807 554 1873 intervalla
569 1808 649 1873 nihil
664 1808 706 1874 de
721 1831 860 1894 corpore
874 1808 987 1877 limant

161 1921 211 1975 575
225 1910 452 1990 Flammarum,
466 1909 568 1976 nihilo
583 1911 626 1975 ad
641 1912 783 1996 speeiem
798 1911 838 1976 ’st
853 1915 1054 2001 contractior.
1062 1914 1163 1999 Ignis.

225 2012 369 2078 Proinde
383 2011 471 2078 calor
484 2013 638 2097 quoniam
652 2013 749 2091 Solis,
762 2012 937 2098 lumenque
952 2015 1122 2101 profusum

226 2115 428 2180 Perveniunt
441 2125 571 2179 nostros
587 2115 630 2179 ad
646 2137 773 2192 sensus,
789 2126 823 2179 et
837 2114 908 2181 1555
923 2118 1073 2200 tingunt:

223 2216 343 2282 Forma
356 2238 487 2301 quoque
502 2217 578 2282 hine
595 2217 680 2283 Solis
695 2218 796 2283 debet
809 2216 965 2303 filumque
981 2219 1095 2296 videri,

225 2316 286 2382 Nil
299 2319 383 2383 adeo
397 2328 435 2382 ut
448 2319 556 2403 possis
570 2317 656 2403 plus,
673 2329 731 2383 aut
745 2319 849 2383 minus
865 2318 988 2385 addere
1003 2342 1090 2386 vere.

164 2430 213 2483 575
272 2418 430 2503 Lunaque
447 2419 514 2484 sive
529 2419 631 2484 notho
647 2418 751 2485 fertur
764 2419 838 2484 loeo
850 2419 969 2486 lumine
983 2420 1137 2500 lustrans,

227 2521 304 2585 Sive
320 2543 411 2585 suam
426 2520 560 2606 proprio
570 2521 676 2605 jactat
692 2521 735 2584 de
750 2542 887 2606 corpore
901 2521 1018 2600 lucem,

174 2745 229 2795 561.
250 2749 308 2800 Quis
326 2752 387 2810 potis
404 2748 452 2814 ert]
472 2750 512 2799 Ita
529 2750 680 2826 seripserunt
711 2749 769 2816 igne
781 2751 925 2810 recedimus,
938 2751 1003 2816 ignis
1013 2749 1091 2799 nihilo
1102 2747 1251 2798 contractior

139 2808 218 2884 acioli,
230 2811 286 2873 quia
303 2813 476 2864 dubitaverunt
491 2831 523 2864 55
539 2816 587 2865 dict
604 2816 680 2865 latine
712 2827 822 2881 apparet,
840 2818 982 2880 quemdum
999 2831 1076 2880 prope
1089 2829 1181 2863 sumus.
1195 2877 1201 2889 ι
1216 2813 1251 2862 At

139 2883 226 2936 possit,
243 2879 330 2925 nullum
349 2881 436 2927 animal
453 2883 516 2941 potis
532 2888 568 2929 ert
586 2884 679 2942 efficere.
712 2880 796 2930 lumen
807 2882 960 2944 caloremque
975 2880 1034 2931 solis
1050 2878 1176 2935 sentimus,
1193 2877 1250 2926 ideo

141 2937 220 3000 idque
228 2955 257 2987 eo
265 2940 417 3004 acciditquia
427 2943 544 3002 Ennium,
556 2945 679 3003 Plautum,
713 2946 798 2994 eadem
805 2956 843 2995 est
852 2947 918 2994 illius
927 2962 981 3008 quae
989 2953 1091 3008 apparet
1098 2941 1251 3005 magnitudo.

138 3001 292 3062 Terentium,
304 3005 365 3054 alios
375 3021 426 3054 non
435 3007 552 3071 legerant,
565 3009 624 3071 quin
634 3025 679 3057 nee
713 3010 818 3067 Deinde,
830 3026 853 3058 v.
868 3012 905 3058 10.
916 3010 946 3058 de
958 3010 1017 3058 1555
1026 3009 1101 3066 addit,
1113 3022 1158 3055 nos
1167 3015 1248 3054 extre-

140 3065 250 3115 Lucretii
269 3068 415 3118 latinitatem
436 3086 543 3134 unquam
564 3073 677 3120 observt·
711 3088 777 3122 mam
794 3073 861 3122 illius
877 3089 952 3131 oram,
973 3089 1002 3121 55
1022 3086 1143 3120 summam
1163 3069 1250 3118 faciem

138 3140 211 3186 runtt
239 3131 293 3196 ipse
313 3133 379 3182 enim
398 3134 500 3190 alicubi;
529 3137 679 3199 Uonjunetum
711 3137 827 3185 distinete
843 3153 960 3192 cernere;
978 3144 1005 3184 at
1020 3135 1120 3184 confuse
1136 3149 1249 3183 eernere·

138 3203 175 3243 est
197 3199 229 3254 ut,
253 3200 314 3259 quod
338 3215 452 3260 nunquam
479 3203 528 3248 5155
553 3203 679 3260 perniciali
712 3201 1037 3264 tur,‘sitnmlongeditaret
1045 3208 1073 3247 ut
1081 3198 1173 3260 aliquid
1182 3197 1250 3246 illius

138 3261 245 3308 Discidit
277 3261 342 3325 potis
375 3272 413 3311 est
447 3263 597 3327 seium—in
634 3264 677 3313 lib.
711 3265 887 3328 magnitudinis
899 3263 1077 3327 longinquitate
1089 3262 1248 3310 detereretur.

140 3323 186 3370 lv.
217 3327 292 3374 Tenue
304 3329 422 3388 15515ᾳαί5
433 3342 484 3376 555
494 3327 559 3392 potis
571 3338 608 3377 est
619 3332 677 3390 555-
712 3330 826 3386 Demum,
848 3346 870 3377 v.
888 3327 910 3380 7.
927 3329 958 3376 de
977 3327 1098 3376 sideribus
1115 3325 1248 3388 subjungit,

136 3392 324 3450 gereodltaesum.
353 3391 407 3439 Lib.
417 3393 448 3439 V.
460 3395 546 3453 Corpru
554 3408 604 3440 non
614 3392 679 3457 potis
712 3409 741 3440 55
752 3408 801 3440 555
813 3393 890 3440 multo
901 3393 997 3440 minora
1012 3404 1091 3453 neque
1102 3389 1180 3438 multo
1196 3405 1248 3438 ma·

139 3460 177 3500 est
198 3454 351 3503 cerat—ideo
373 3455 434 3518 lege,
461 3460 525 3508 Quid
545 3460 608 3518 potis
635 3465 677 3506 ert.
708 3459 763 3519 jora
774 3472 835 3514 esse,
847 3457 886 3504 vel
903 3464 970 3504 tanta
982 3470 1035 3502 esse
1046 3463 1137 3516 quanta
1148 3453 1248 3503 videan-

139 3515 229 3565 Faber.
711 3531 759 3579 tur,
777 3520 834 3583 qnia
854 3520 901 3567 ista
920 3519 1038 3568 varietate
1059 3518 1207 3567 exhibentur
1224 3528 1250 3568 et

171 3581 227 3630 565.
246 3584 296 3631 Nee
307 3586 376 3632 nimio
389 3583 448 3632 Solis
463 3585 537 3647 major
548 3593 607 3644 rota,
619 3585 677 3648 555]
710 3585 781 3648 ignes
787 3584 829 3647 qui
838 3584 904 3648 apud
910 3600 955 3632 nos
964 3599 995 3632 ex
1003 3582 1133 3631 intervallo
1140 3583 1250 3632 interdiu

138 3644 179 3693 De
195 3647 364 3708 magnitudine
378 3649 437 3696 solis
449 3657 474 3697 et
489 3649 597 3697 siderum
614 3649 676 3713 Epi·
710 3659 832 3712 noctuque
843 3657 992 3712 spectantur.
1016 3648 1078 3696 Haeo
1090 3647 1143 3712 ipse
1155 3647 1248 3713 Epicu-

137 3724 211 3758 curus
224 3710 251 3759 in
263 3712 366 3774 epistola
377 3713 408 3761 ad
426 3713 582 3776 Pythoclem
606 3716 677 3777 Mog-
709 3729 752 3763 rus
762 3714 794 3762 ad
806 3713 955 3778 Pythoclem.

137 3777 218 3823 ttt'tudo
233 3778 296 3833 solis,
310 3784 334 3824 et
348 3779 486 3839 reliquorum
499 3781 607 3836 siderum,
619 3781 679 3840 qnod
743 3779 798 3827 569.
810 3781 858 3826 1115
869 3782 921 3840 ipso
931 3777 1068 3840 intervalla]
1084 3779 1129 3826 Nil
1138 3781 1200 3826 51555
1210 3781 1247 3827 15-

137 3841 170 3886 ad
179 3843 321 3902 mquidem
331 3845 416 3889 attinet
428 3849 494 3889 55555
505 3849 546 3899 est,
559 3850 646 3904 quante
653 3851 678 3890 et
709 3846 813 3891 tertullo.
831 3841 952 3891 Gilanius.

137 3911 248 3963 55555515
265 3907 326 3967 quod
335 3909 368 3953 ad
378 3909 451 3966 ipsam
462 3922 513 3954 vero
524 3923 572 3954 rem
581 3914 676 3968 spectat,
742 3907 797 3958 572.
811 3910 843 3956 Et
856 3910 905 3955 1555
916 3906 1021 3970 tingunt]
1034 3907 1093 3966 Alii,
1105 3914 1128 3956 et
1140 3909 1189 3955 1555
1193 3905 1247 3970 sal·

136 3974 179 4013 555
191 3971 272 4029 paullo
289 3969 371 4032 major,
388 3978 430 4017 aut
443 3973 522 4030 paullo
538 3974 619 4028 minor,
635 3980 677 4019 out
706 3980 770 4033 gent.
805 3973 838 4019 Et
848 3987 921 4021 versu
933 3972 1044 4034 sequenti
1052 3975 1162 4033 filumque
1175 3972 1248 4019 Lam·

133 4036 232 4091 praeite
244 4041 317 4092 tanto,
329 4042 416 4097 quanta
427 4037 519 4082 videtur
529 4043 571 4093 est,
581 4043 606 4082 ut
618 4038 677 4083 oralt'
709 4035 795 4085 binus:
813 4036 861 4084 vid.
874 4053 896 4086 v.
915 4038 970 4085 681.
983 4036 1041 4085 dum
1053 4036 1118 4099 vulg.
1134 4038 1248 4089 sublimet

136 4104 179 4143 ont
200 4100 260 4145 51151
281 4106 323 4146 555
344 4116 388 4146 555
410 4102 505 4147 multum
526 4102 674 4148 mentiantur.
707 4110 733 4149 et
753 4100 874 4158 Gisanius,
894 4103 1003 4163 t'llt'mque,
1023 4100 1049 4149 id
1069 4101 1247 4159 555111155555.

137 4159 208 4208 idem
220 4161 307 4210 asserit
323 4163 405 4221 Petita,
417 4180 440 4212 v.
455 4165 492 4211 1⁰.
504 4172 676 4226 argumentum
709 4165 817 4214 Frustra.
852 4168 952 4213 Subltme
975 4176 1057 4213 antem
1079 4162 1138 4211 terri
1159 4170 1248 4224 potest,

136 4238 237 4273 asensu
247 4227 394 4276 desumens:
413 4228 491 4276 donec
503 4227 587 4276 lumen
598 4229 675 4276 calor·
709 4245 765 4278 cum
776 4244 850 4278 versu
862 4231 917 4277 584.
932 4228 1043 4292 legimus,
1058 4229 1134 4276 Tanta
1149 4227 1202 4273 ltine
1213 4228 1248 4274 51-

136 4303 184 4350 que
200 4289 266 4353 ignis
282 4307 297 4339 5
313 4291 384 4341 uobis
401 4293 545 4352 sentiantur,
563 4292 623 4342 dum
647 4294 677 4343 ab
709 4297 793 4343 deutur
804 4297 829 4342 in
840 4296 895 4341 alto.
