2872 4852
204 232 271 296 216
591 225 633 290 T.
665 223 932 290 LUCRETII

293 381 491 447 Clarandum
505 382 555 458 ’st,
573 379 669 465 plane
685 382 712 443 si
727 403 779 443 res
795 400 960 463 exponere
975 400 1117 442 avemus

228 497 276 548 780
334 485 502 558 Quaeritur
515 484 549 546 in
564 483 686 568 primis,
703 504 815 565 quare,
832 482 921 564 quod
936 482 1078 565 quoique
1091 481 1194 546 libido

258 643 262 650 ,
292 586 441 661 Venerit,
457 583 620 668 extemplo
637 583 734 646 Mens
750 583 871 666 cogitet
885 584 956 666 ejus
971 583 1005 645 id
1020 583 1142 666 ipsum:

292 686 389 751 Anne
405 684 603 750 voluntatem
617 694 760 748 nostram
777 683 956 747 Simulacra
970 687 1126 748 tuentur?

292 788 341 852 Et
354 786 487 852 simulac
502 785 661 862 volumus,
678 787 770 849 nobis
787 786 927 850 occurrit
942 783 1078 869 Imago?

294 890 330 954 Si
346 890 452 967 Mare,
469 891 497 953 si
512 888 647 952 Terram
664 889 754 952 cordi
770 888 820 965 ’st,
838 890 865 951 si
881 888 1021 971 denique
1037 887 1176 966 Coelum,

229 1005 276 1056 ⁷85
292 991 480 1056 Conventus
495 991 670 1067 hominum,
688 991 856 1074 Pompam,
874 989 1040 1066 Convivia,
1057 988 1202 1074 Pugnae,

294 1094 413 1157 Omnia
430 1094 490 1157 sub
506 1094 648 1156 verbone
664 1102 753 1156 creat
767 1091 909 1167 Natura,
925 1094 1109 1175 paratque?

295 1194 403 1276 Quom
418 1196 599 1279 praesertim
614 1193 682 1256 aliis
699 1194 813 1257 eadem
827 1193 859 1255 in
875 1194 1018 1276 regione,
1034 1192 1171 1278 locoque

338 1398 428 1471 Quid
444 1420 555 1482 porro,
571 1399 605 1461 in
618 1418 787 1460 numerum
802 1397 980 1480 procedere
996 1419 1094 1480 quom
1109 1395 1289 1460 Simulacra

229 1509 277 1561 790
295 1499 465 1564 Cernimus
479 1501 513 1562 in
528 1500 658 1575 somnis,
674 1510 707 1563 et
721 1497 828 1561 mollia
841 1499 985 1562 membra
999 1520 1139 1574 movere,

143 1610 147 1614 “
214 1667 216 1670 ,
294 1601 410 1665 Mollia
423 1600 584 1665 mobiliter
598 1623 696 1685 quom
712 1599 842 1664 alternis
858 1599 991 1663 brachia
1005 1601 1147 1676 mittunt,

295 1703 342 1766 Et
356 1713 510 1786 repetunt
524 1702 624 1766 oculis
640 1712 768 1786 gestum
783 1703 868 1786 pede
884 1704 1105 1780 convenienti3

296 1804 426 1869 Scilicet
440 1815 509 1868 arte
524 1804 656 1868 madent
671 1803 859 1880 Simulacra‚
876 1814 909 1867 et
925 1805 1022 1869 docta
1035 1817 1204 1888 vagentur,

294 1907 468 1972 Nocturno
483 1905 589 1971 facere
604 1916 641 1970 ut
656 1907 783 1990 possint
796 1906 830 1969 in
845 1915 992 1989 tempore
1005 1904 1124 1970 ludos?

230 2022 278 2073 795
296 2008 354 2074 An
368 2009 469 2093 magis
483 2007 563 2073 illud
579 2009 640 2074 erit
655 2030 777 2085 verum,
793 2008 869 2092 quia
884 2018 1030 2091 tempore
1044 2009 1077 2070 in
1092 2030 1157 2071 uno

295 2112 378 2177 Cum
393 2112 547 2175 sentimus
563 2111 608 2188 id,
624 2120 661 2174 ut
676 2133 748 2174 cum
762 2132 826 2173 vox
841 2110 998 2174 emittitur
1014 2132 1088 2186 una,

294 2215 461 2298 Tempora
473 2211 574 2277 multa
587 2211 700 2288 latent,
717 2212 800 2276 ratio
815 2234 890 2295 quae
904 2213 1061 2295 comperit
1076 2232 1167 2276 esse:

283 2316 475 2400 *Propterea
488 2315 538 2392 fit,
554 2315 602 2379 uti
616 2315 730 2398 quovis
745 2315 938 2397 intempore
953 2335 1092 2396 quaeque

294 2416 422 2481 Praesto
438 2418 502 2482 sint
518 2415 696 2480 Simulacra
710 2414 789 2479 locis
805 2414 838 2477 in
854 2413 1011 2497 queisque
1026 2417 1162 2498 parata?

229 2532 277 2580 800
296 2520 405 2583 Tanta
420 2530 471 2584 est
485 2518 656 2596 mobilitas,
673 2529 706 2582 et
721 2539 832 2582 eorum
847 2517 941 2598 copia
956 2524 1056 2579 tanta.

338 2621 385 2685 Et
399 2622 475 2705 quia
488 2623 598 2685 tenuia
611 2631 698 2696 sunt,
714 2621 777 2684 nisi
793 2640 827 2682 se
844 2619 1021 2695 contendit,
1038 2628 1132 2683 acute

295 2721 438 2786 Cernere
452 2746 517 2787 non
528 2724 615 2807 potis
628 2732 679 2786 est
690 2721 828 2784 Animus
840 2746 848 2797 3
871 2720 1009 2803 proinde
1021 2721 1138 2797 omnia,
1151 2742 1225 2804 quae
1238 2732 1316 2785 sunt

296 2823 472 2900 Praeterea,
489 2833 639 2908 pereunt,
654 2823 716 2886 nisi
731 2822 777 2886 sic
793 2844 864 2886 sese
880 2823 950 2906 ipse
965 2823 1101 2906 paravit.

295 2925 372 3011 lpse
388 2936 483 3009 parat
498 2947 569 2990 sese
584 2946 694 3010 porro,
712 2933 886 3008 speratque
902 2923 1058 3002 futurum,

229 3040 278 3088 805
298 3026 346 3092 Ut
361 3028 479 3105 videat,
496 3029 585 3112 quod
601 3027 810 3110 consequitur
822 3047 890 3089 rem
905 3048 1084 3109 quamque3
1108 3025 1146 3089 fit
1160 3047 1250 3109 ergo.

337 3130 458 3194 Nonne
474 3130 576 3206 videS,
594 3127 717 3192 Oculos
733 3127 840 3205 etiam,
857 3149 965 3212 quom,
982 3128 1092 3191 tenuia
1106 3150 1180 3211 quae
1197 3127 1272 3203 sint,

295 3231 439 3297 Cernere
455 3241 638 3317 coeperunt,
653 3230 850 3295 contendere
866 3251 912 3306 se,
929 3240 1026 3313 atque
1041 3251 1169 3313 parare,

295 3334 368 3399 Nec
385 3335 452 3399 sine
467 3357 507 3400 eo
522 3333 594 3400 fieri
608 3354 716 3419 posse,
733 3342 770 3395 ut
785 3354 953 3397 cernamus
970 3333 1086 3397 acute?

210 3518 291 3558 motus
313 3511 443 3560 didicisset
475 3513 526 3560 Ista
551 3510 659 3575 prolecto
682 3519 746 3559 esset
778 3519 829 3558 tare
841 3508 940 3573 placuit
966 3509 1027 3556 Haeo
1038 3507 1135 3569 quidem
1145 3503 1205 3553 mihi
1216 3503 1316 3553 videtur

209 3573 284 3636 digna
294 3575 439 3640 philoopho
450 3576 571 3640 cogitatio.
604 3575 747 3638 Respondet
777 3575 850 3636 hujus
860 3574 908 3621 loci
919 3573 1047 3621 sententia.
1136 3577 1138 3582 ’

211 3638 348 3695 Lucretius,
365 3656 387 3688 v.
405 3642 443 3687 21.
467 3649 556 3705 praesto
572 3640 657 3687 edesse
674 3654 745 3686 omne
811 3637 865 3690 779.
884 3636 1015 3699 Exponere]
1034 3637 1083 3685 Seu
1102 3637 1231 3696 expandere
1246 3633 1316 3696 legas

209 3716 287 3765 genus
303 3703 455 3760 simulachra,
473 3705 516 3752 sed
531 3719 587 3752 cum
604 3702 746 3750 tenuissima
777 3702 880 3765 perinde
892 3710 936 3749 ert

209 3765 267 3824 sint,
279 3765 388 3814 animum
404 3768 531 3831 percipere
543 3784 591 3815 non
606 3782 685 3829 posse,
698 3766 745 3814 uisi
811 3767 865 3818 792.
883 3768 998 3826 Repetam
1009 3763 1092 3826 00070]
1104 3765 1185 3812 Abeet
1195 3777 1243 3811 vox
1260 3779 1314 3811 eeu·

209 3846 236 3879 se
247 3830 385 3888 contendat,
396 3847 451 3879 nam
463 3832 628 3894 negligentem
637 3831 745 3878 animum
778 3834 814 3888 lis,
833 3839 859 3879 et
874 3830 988 3877 succedat
1003 3832 1062 3886 0170,
1079 3828 1185 3877 brachiis
1202 3826 1246 3876 viz.
1261 3842 1315 3876 me·

208 3910 278 3958 aeque
298 3911 326 3942 ec
346 3894 511 3957 negligentem
531 3895 629 3943 oculum
649 3893 745 3956 fugiunt
777 3893 905 3956 liorijme.

210 3959 299 4009 tenuia
326 3957 423 4006 Deinde
434 3958 460 4005 in
472 3959 574 4021 singulis
585 3958 623 4014 iis,
636 3973 689 4020 quae
701 3973 745 4006 uos
811 3958 866 4010 793.
883 3961 943 4005 Arte
951 3956 1055 4021 madent]
1070 3957 1109 4005 lta
1117 3956 1187 4006 codd.
1197 3966 1222 4005 et
1232 3963 1314 4004 recte:

208 4033 330 4088 putamus,
360 4023 476 4086 temporie
504 4022 641 4079 momentis,
669 4021 746 4071 multa
778 4023 1015 4080 antemuralem.

208 4097 268 4138 eunt
286 4096 415 4144 momente,
438 4087 474 4134 ita
491 4095 519 4134 ut
540 4086 646 4150 plurima
667 4087 742 4135 simu·
809 4087 864 4138 796.
884 4091 940 4136 Cum
950 4089 1059 4134 0000000
1070 4089 1102 4144 id,
1114 4084 1170 4148 eta]
1184 4084 1241 4142 Alii,
1254 4087 1315 4133 Con-

208 4153 298 4212 lechre,
309 4168 364 4216 quer
379 4160 437 4200 sunt
448 4151 553 4199 maxime
565 4150 671 4207 mobilia,
683 4166 742 4213 quo-
776 4156 892 4210 0000000,
904 4152 930 4200 id
946 4160 991 4208 est,
1006 4168 1056 4198 eum
1072 4168 1114 4200 000
1130 4154 1243 4198 emittitur
1259 4166 1314 4198 000.

209 4218 270 4267 libet
286 4225 409 4267 momento
429 4216 546 4279 temporis
563 4224 697 4273 accurrant,
720 4224 745 4263 et
777 4217 887 4279 Ejiciunt
903 4216 1050 4280 interpretes
1067 4215 1187 4274 meliores,
1204 4229 1250 4262 nec
1268 4229 1316 4277 ego

208 4282 274 4332 inter
289 4282 331 4331 illa
346 4282 427 4344 imago
443 4281 514 4330 istius
524 4281 561 4330 rei
573 4281 602 4328 de
614 4295 662 4341 qua
677 4279 757 4342 cogi·
776 4296 871 4329 revoco.
