2872 4852
511 211 683 324 urana
714 259 937 326 paruus

252 411 326 475 Nec
341 411 466 476 miserae
480 405 637 497 prodesse
652 417 686 478 in
700 415 758 479 tali
772 426 918 500 tempore
933 415 1061 500 quibat,

204 524 235 571 95
255 512 355 586 Quod
373 513 485 578 Patrio
500 516 651 600 princeps
668 515 806 581 donarat
821 519 949 582 nomine
965 519 1104 604 Regem}

250 614 338 678 Nam
354 615 481 679 sublata
496 608 599 680 viriim
614 619 762 683 manibus
778 622 1057 704 tremebundaque
1073 622 1115 685 ad
1131 645 1203 687 aras

250 715 405 780 Deducta
420 717 470 794 ’st,
486 740 551 781 non
567 728 614 794 ut,
631 718 754 783 solenni
769 719 858 785 more
874 744 1039 786 sacrorum

250 816 414 895 Perfecto,
431 830 543 903 posset
558 819 645 884 claro
660 818 806 886 comitari
821 822 1020 906 Hymenaeo:

250 918 318 984 Sed
332 931 422 984 casta
436 915 720 988 inc'este'nubendi
734 935 879 1008 tempore
895 926 928 988 in
943 927 1014 1010 ipso

186 1033 231 1080 100
250 1021 370 1086 Hostia
385 1024 572 1089 concideret
587 1036 729 1091 mactatu
743 1037 860 1091 moesta
875 1030 1029 1112 parentis,

249 1121 368 1187 Exitus
384 1134 421 1188 ut
436 1125 530 1190 classi
546 1126 634 1205 felix,
650 1127 841 1213 faustusque
858 1130 1010 1194 daretur.¹

248 1224 393 1290 Tantum
408 1227 550 1312 Relligio
565 1230 672 1314 potuit
688 1231 826 1296 suadere
840 1231 1007 1297 malorum.

290 1327 446 1392 Tutemet
461 1352 480 1393 a
494 1331 588 1393 nobis
597 1331 665 1415 jam
680 1330 795 1414 quovis
811 1342 957 1417 tempore
973 1334 1097 1399 Vatum

248 1428 450 1513 Terriloquis
466 1431 570 1494 victus
587 1432 683 1496 dictis
698 1433 880 1498 desciscere
896 1445 1045 1518 quaeres?

184 1544 229 1590 105
250 1531 384 1616 Quippe
398 1533 517 1596 etenim
533 1555 630 1616 quam
645 1533 746 1598 multa
760 1536 819 1599 tibi
829 1536 1038 1620 jam'fingere
1053 1560 1186 1621 possum

247 1634 389 1710 Somnia,
406 1657 480 1718 quae
495 1635 569 1698 vitae
584 1637 726 1701 rationes
743 1641 868 1702 vertere
883 1640 1020 1723 possint,

245 1736 473 1820 Fortuna'sque
489 1746 562 1800 tuas
579 1739 701 1802 omneis
717 1740 849 1802 turbare
865 1740 978 1804 timore
988 1744 1005 1805 l·

245 1839 292 1903 Et
306 1840 439 1904 merito:
463 1861 537 1902 nam
553 1839 580 1903 si
595 1850 717 1904 certam
732 1840 830 1904 finem
845 1863 917 1905 esse
933 1843 1081 1907 viderent

164 1957 166 1962 '
243 1940 479 2006 AErumnarum
492 1941 651 2019 homineS,
668 1940 775 2025 aliqua
791 1943 915 2006 ratione
931 1942 1076 2008 valerent

181 2057 227 2103 110
246 2043 497 2128 Religionibus,
514 2055 612 2128 atque
628 2044 721 2107 minis
735 2044 894 2121 obsistere
910 2044 1052 2109 Vatum:

243 2147 344 2210 Nunc
359 2149 442 2211 ratio
457 2145 545 2210 nulla
560 2146 600 2208 ’st
614 2146 770 2221 restandi,
786 2144 875 2209 nulla
889 2145 1038 2223 facultas,

244 2248 403 2312 AEtemas
418 2249 570 2332 quoniam
584 2270 698 2331 poenas
714 2247 747 2310 in
762 2257 866 2330 morte
881 2248 1068 2311 timendum.

247 2350 423 2434 Ignoratur
437 2351 521 2414 enim
536 2372 610 2432 quae
626 2350 668 2413 sit
682 2359 799 2414 natura
814 2350 944 2425 animai,

191 2566 229 2614 95.
248 2566 371 2630 Princeps]
391 2565 480 2615 Prima.
512 2565 551 2614 sic
568 2565 609 2614 lib.
626 2567 656 2614 V.
674 2583 696 2615 v.
764 2566 827 2614 Ibid.
844 2570 897 2615 Jnm
902 2563 1007 2629 fingere]
1022 2568 1061 2613 Me
1065 2568 1163 2628 fingere,
1179 2581 1211 2612 ex
1226 2574 1274 2614 vet

158 2631 180 2678 9.
215 2631 277 2680 Erat
294 2631 361 2680 enim
381 2630 531 2694 πρωτότοκος
547 2631 612 2679 inter
629 2632 696 2694 Aga-
730 2630 772 2680 lib.
790 2631 911 2680 Gifanius.
943 2629 1011 2678 Hinc
1028 2631 1070 2678 alii
1087 2629 1222 2692 conjiciunt
1237 2630 1273 2678 le-

157 2696 294 2744 memnonis
302 2697 399 2746 liberos.
429 2696 469 2744 Sic
480 2695 534 2760 ipsa
545 2697 611 2760 apud
622 2696 696 2751 Euri·
729 2697 845 2759 gendum,
857 2713 885 2744 ex
896 2698 1026 2758 mefingere
1032 2715 1041 2750 ‚·
1059 2695 1108 2753 alii,
1121 2698 1252 2758 confingere.

156 2759 247 2822 pidem,
260 2761 346 2824 Πρώτη
358 2761 381 2810 c’
393 2757 500 2810 ἐκάλεσα
509 2758 601 2824 πατέρα
615 2760 654 2808 nal
666 2761 697 2809 σὺ
764 2760 827 2809 Ibid.
845 2759 952 2822 Possum]
965 2760 1024 2818 Alii,
1037 2760 1102 2809 inter
1113 2777 1173 2822 quos
1186 2760 1272 2818 Faber,

157 2824 278 2886 παῖδ’ἐμέ.
308 2826 471 2890 Iphigeniam
481 2825 579 2883 Aulide,
590 2843 612 2875 v.
626 2828 695 2874 1220.
726 2833 830 2888 possunt,
842 2825 858 2873 i.
872 2842 892 2874 e.
908 2826 988 2874 Vates.

190 2890 229 2938 96.
248 2894 353 2949 Sublata,
371 2889 428 2952 etc]
448 2891 470 2938 E
487 2890 538 2939 ritu
555 2890 696 2955 nuptiarum
764 2893 817 2938 108.
835 2889 910 2952 Nem]
923 2893 983 2940 Jam.
1014 2889 1062 2938 His
1077 2891 1115 2938 20.
1129 2906 1151 2938 v.
1164 2890 1272 2954 seipsum

157 2953 246 3014 forsan,
261 2956 306 3004 ets'i
323 2972 373 3004 non
389 2957 516 3013 affirmem,
533 2972 605 3018 quem
622 2956 697 3004 tradit
729 2955 798 3018 quasi
809 2955 916 3018 corrigit,
929 2964 954 3003 et
965 2955 1071 3017 aliquam
1082 2970 1136 3003 esse
1147 2955 1174 3002 in
1188 2955 1219 3003 iis
1236 2954 1271 3002 fa-

156 3017 195 3066 his
206 3020 287 3069 verbis
299 3021 387 3070 Festus
400 3019 539 3084 Pompeius,
551 3023 614 3082 Repr'
625 3024 695 3069 simu·
729 3020 793 3068 bulis
804 3020 854 3068 vim
866 3021 956 3068 fatetur
963 3039 969 3076 ;
987 3021 1047 3068 dum
1062 3019 1128 3067 enim
1145 3019 1175 3067 de
1187 3023 1271 3067 Anima

156 3086 220 3132 latur
232 3088 302 3149 Virgo
310 3103 322 3135 e
328 3090 416 3149 gremio
428 3088 523 3144 Matris,
532 3095 573 3133 ent
583 3090 604 3133 si
615 3103 643 3134 ee
653 3104 696 3134 non
729 3084 819 3134 diversi
832 3085 975 3148 Philosophi
987 3085 1084 3133 diversa
1095 3084 1271 3147 pronunciant;

155 3153 616 3212 eet,esproximnneeesst'trrdine,eumad
623 3154 697 3199 virum
729 3150 771 3198 alii
786 3150 853 3198 nasci
871 3159 896 3198 et
911 3149 1012 3197 interire
1029 3165 1084 3197 cum
1102 3149 1217 3212 Corpore,
1230 3149 1272 3197 alii

157 3217 266 3274 trahitur,
292 3215 337 3264 viz.
365 3233 392 3264 en
416 3232 454 3264 ree
471 3213 577 3277 feliciter
601 3218 696 3264 Romulo
730 3231 787 3264 vero
797 3214 865 3278 prius
874 3215 1048 3263 subsistentem
1056 3213 1082 3261 in
1094 3214 1204 3276 Corpora
1215 3229 1271 3262 nas·

157 3283 231 3328 cessit.
728 3280 809 3328 centia
820 3279 924 3337 infundi,
932 3288 957 3327 et
967 3295 982 3326 a
993 3279 1101 3341 Corpore
1112 3293 1158 3340 per
1169 3286 1272 3325 mortem

190 3345 243 3392 100.
261 3344 381 3408 Mactata]
392 3344 571 3408 Sichripider
581 3344 694 3407 Iphigen.
729 3353 866 3408 separatam
874 3343 969 3391 Inferos
976 3344 1065 3400 subire,
1071 3342 1110 3390 vel
1118 3343 1143 3388 in
1151 3341 1273 3410 pecudum

155 3407 182 3455 iu
191 3408 290 3466 Aulide,
299 3427 321 3458 v.
335 3409 404 3460 1177.
428 3406 567 3457 Ἀπώλεσέν
574 3408 604 3466 c',
612 3407 630 3456 ὦ
639 3426 694 3456 rut·
729 3409 839 3472 Corpora
848 3407 960 3470 migrare,
971 3407 1036 3470 (quae
1045 3407 1092 3455 fuit
1100 3409 1172 3454 Ennii
1180 3409 1271 3468 Pytha·

150 3489 204 3529 νον,
215 3473 358 3535 temtans
365 3473 450 3534 πατὴρ,
460 3473 536 3521 Αὐτὸς
545 3473 643 3529 κτανὼν,
653 3473 696 3520 οὐκ
726 3477 801 3535 gerici
812 3472 940 3529 sententia,
950 3487 1022 3534 quam
1034 3472 1087 3519 fuse
1099 3470 1207 3535 exponit,
1218 3470 1270 3518 obi-

156 3536 240 3594 ἄλλος,
252 3538 299 3585 οὐδ’
311 3537 376 3600 ἄλλῃ
388 3535 450 3600 χερί.
729 3546 767 3584 ter
778 3536 852 3585 etiam
869 3536 984 3584 convellit
1000 3547 1025 3584 et
1040 3535 1143 3593 deridet,
1155 3544 1272 3598 tanquam

156 3632 159 3637 -
189 3603 243 3650 103.
263 3601 380 3665 Tutemet]
394 3600 694 3650 IterumdubitatLucre-
727 3600 775 3663 ⁸sihi
792 3601 838 3665 ipsi
857 3601 1003 3649 contrariam
1011 3600 1030 3663 ;)
1054 3601 1162 3664 profecto
1178 3609 1271 3649 temere

155 3665 204 3714 tius
216 3682 247 3714 ne
260 3667 401 3725 Memmius,
414 3667 504 3714 cedens
516 3666 646 3714 Poetarum
659 3667 694 3714 fn·
728 3675 829 3728 agerent
840 3666 882 3728 qui
893 3669 1064 3714 Prouidentiam
1078 3674 1271 3725 contemnerent,

154 3731 218 3780 bulis
238 3732 268 3779 de
290 3735 395 3788 Cerbero,
413 3735 551 3788 Acherunte,
573 3739 598 3778 et
618 3730 695 3795 poenis
728 3731 786 3779 dum
793 3731 853 3780 istos
862 3740 1041 3794 contemptores
1049 3740 1147 3779 aeternae
1156 3741 1272 3779 maneant

153 3806 210 3860 post
221 3806 324 3846 mortem
336 3798 424 3860 quibus
431 3799 483 3859 Jam
495 3796 537 3844 diu
547 3805 694 3854 assueverat,
727 3805 893 3860 postmortem
903 3812 989 3859 poenae„
1020 3797 1081 3844 Hac
1092 3805 1129 3844 est
1139 3796 1213 3858 hujus
1223 3796 1271 3844 loci

153 3860 281 3974 opiniorlres
293 3878 349 3911 suas
366 3871 498 3974 aversetpr.
518 3861 696 3974 'Hamilbliiw
728 3862 851 3910 sententia
867 3877 938 3924 quem
956 3871 1106 3925 praeruptum
1123 3860 1173 3918 alii,
1186 3870 1211 3909 et
1227 3861 1270 3910 ob-

150 3942 203 3976 ·rmr
229 3937 309 3976 eerst
338 3944 367 3976 su
414 3943 491 3976 reno
516 3936 576 3974 istas
612 3942 625 3974 a
669 3942 695 3975 as
728 3942 826 3974 scutum
854 3936 980 3974 ueruntur.

152 4007 221 4040 mera
237 3963 319 4041 forsari
338 3943 414 4042 essgege
409 3992 543 4041 otiosorum
564 3991 695 4040 Poetarum
762 3994 815 4039 112.
836 3943 981 4054 demendum]
995 3991 1065 4040 Istud
1082 3993 1204 4039 timendum
1218 4007 1270 4052 ρα-

152 4057 277 4120 figmenta,
289 4058 342 4122 ipse
355 4058 422 4106 enim
437 4056 520 4120 potuit
535 4056 629 4105 fabulas
645 4057 692 4104 iin-
727 4074 769 4105 mu
780 4072 794 4104 e
804 4055 881 4105 veteri
893 4065 918 4104 et
928 4057 992 4104 bono
1004 4056 1075 4104 Latio
1086 4064 1130 4112 est,
1143 4070 1188 4103 nec
1200 4055 1272 4102 aliter

151 4137 210 4184 gere
226 4138 280 4185 quae
291 4131 373 4171 essent
383 4135 452 4185 aeque
464 4137 492 4170 ac
504 4121 553 4170 illae
564 4120 692 4170 terribiles.
727 4130 819 4170 temere
824 4120 932 4185 loquitur
939 4121 1076 4179 Lucretius,
1084 4135 1106 4168 v.
1118 4121 1169 4168 139.
1192 4121 1272 4177 Multa

187 4188 241 4234 lot.
258 4187 403 4251 Deeciteere]
415 4190 541 4244 Desistere,
553 4187 583 4234 G.
596 4185 682 4234 etalii.
726 4189 854 4249 agendum:
872 4203 894 4235 v.
905 4187 960 4234 382.
967 4189 1106 4247 privandum
1118 4191 1153 4232 est
1171 4185 1272 4243 Corpora

187 4252 240 4299 105·
260 4255 349 4316 Quippe
365 4250 461 4316 etenim]
479 4255 574 4314 Nempe,
590 4254 694 4300 scilicet:
727 4261 795 4310 motu,
816 4260 858 4300 etc.
900 4252 957 4314 lpse
979 4250 1053 4299 etiam
1070 4247 1270 4312 Virgilius-Pn-

153 4316 313 4366 scommatice.
727 4333 774 4366 cem
786 4335 800 4366 a
812 4320 875 4380 Rege
883 4318 1011 4378 petendum.
