2872 4852
214 248 280 314 200
599 245 642 309 Τ.
668 233 939 309 LUCRETII

346 402 593 486 Exstantesque
608 400 723 485 procul
738 401 845 465 medio
861 400 903 463 de
918 399 1047 483 gurgite
1064 398 1209 477 Montes,

304 505 472 570 Classibus
489 505 573 567 inter
587 525 669 586 quos
685 502 767 566 liber
781 512 873 586 patet
888 502 1008 578 exitus,
1023 500 1111 564 idem

236 622 286 668 400
305 606 495 692 Apparent3
519 615 554 670 et
568 604 663 689 longe
679 603 795 668 divolsi
808 602 895 680 licet,
912 604 1026 687 ingens

303 709 413 774 Insula
428 708 608 792 conjunctis
625 718 732 771 tamen
748 729 789 770 ex
804 705 855 768 his
871 728 936 769 una
950 706 1089 769 videtur.

346 810 442 875 Atria
456 811 588 886 versari,
605 819 638 872 et
652 809 905 872 circumcursare
921 806 1080 872 columnae

303 915 419 999 Usque
434 913 518 976 adeo
533 911 572 974 fit
587 913 635 975 uti
649 911 759 994 pueris
775 910 958 986 videantur,
974 910 1031 973 ubi
1045 911 1107 994 ipsi

303 1016 484 1081 Desierunt
499 1015 593 1090 verti,
608 1014 663 1076 vix
678 1023 714 1076 ut
725 1014 793 1098 jam
809 1013 944 1077 credere
959 1012 1096 1096 possint,

237 1131 286 1184 4⁰5
304 1119 384 1183 Non
399 1140 501 1203 supra
516 1139 587 1181 sese
603 1138 699 1180 ruere
715 1116 822 1180 omnia
836 1124 923 1179 tecta
936 1114 1060 1177 minari.

346 1221 486 1304 Jamque
501 1221 636 1283 rubrum
651 1216 795 1282 tremulis
807 1218 907 1301 jubar
921 1217 1052 1301 ignibus
1067 1216 1193 1300 erigere
1208 1216 1271 1280 alte

303 1323 387 1388 Cum
401 1332 524 1407 coeptat
539 1320 681 1397 Natura,
697 1341 862 1403 supraque
877 1317 1032 1382 extollere
1047 1319 1203 1396 monteis3

304 1426 398 1498 Quos
414 1425 474 1488 tibi
489 1434 556 1487 tum
574 1444 673 1506 supra
688 1420 746 1485 Sol
760 1421 897 1484 monteis
912 1443 985 1484 esse
1000 1420 1140 1497 videtur,

302 1527 456 1591 Cominus
471 1526 542 1610 ipse
559 1546 618 1588 suo
634 1524 824 1606 contingens
841 1522 985 1586 fervidus
999 1522 1077 1606 igni,

236 1643 286 1689 410
305 1629 373 1694 Vix
388 1630 507 1692 absunt
522 1627 616 1689 nobis
632 1627 749 1689 missus
763 1626 815 1688 bis
830 1624 915 1689 mille
932 1625 1079 1709 sagittae3

303 1732 371 1797 Vix
386 1730 482 1794 etiam
497 1750 612 1793 cursus
626 1728 822 1810 quingentos
839 1749 926 1810 saepe
941 1727 1063 1791 veruti:

302 1833 319 1896 Ι
321 1843 393 1896 nter
407 1853 476 1907 eos,
493 1829 666 1913 Solemque
678 1830 790 1914 jacent
804 1830 953 1893 immania
967 1829 1061 1913 ponti

302 1933 464 2017 AEquora,
480 1932 648 1995 substrata
663 1929 806 1994 aetberiis
822 1932 1008 2014 ingentibus
1024 1931 1108 2008 oris;

302 2035 543 2118 Interjectaque
559 2044 634 2097 sunt
650 2043 810 2097 terrarum
824 2032 920 2097 millia
935 2032 1047 2109 multa,

235 2149 284 2196 416
303 2138 389 2210 Quae
404 2137 501 2200 variae
515 2136 655 2200 retinent
670 2147 797 2220 gentes,
813 2148 846 2201 et
862 2136 957 2200 saecla
971 2135 1122 2200 ferarum.

344 2239 392 2304 At
407 2238 572 2304 conlectus
588 2261 683 2323 aquae
699 2239 836 2324 digitum
851 2263 915 2304 non
931 2239 1025 2303 altior
1039 2261 1150 2314 unum,

300 2341 369 2415 Qui
381 2341 507 2428 lapides
523 2343 607 2406 inter
624 2343 707 2406 sistit
723 2364 783 2426 per
798 2352 900 2406 strata
914 2342 1064 2418 viarum,

299 2442 506 2530 Despectum
520 2446 647 2529 praebet
662 2447 724 2508 sub
740 2456 843 2509 terras
858 2445 978 2528 impete
992 2453 1095 2520 tant0,

300 2543 332 2607 A
348 2547 443 2610 terris
460 2557 615 2630 quantum
633 2546 708 2611 coeli
722 2557 815 2629 patet
829 2545 913 2608 altus
929 2545 1038 2609 hiatus
1050 2528 1068 2609 :⁸

231 2659 282 2705 420
300 2647 427 2712 Nubila
441 2649 623 2733 despicere,
640 2657 674 2712 et
688 2646 807 2713 coelum
821 2658 858 2712 ut
873 2649 1004 2713 videare
1018 2649 1140 2725 videre,
1155 2658 1189 2711 et

300 2747 449 2832 Corpora
464 2750 612 2813 mirando
628 2751 690 2814 sub
706 2759 810 2814 terras
827 2750 940 2814 abdita
955 2749 1049 2815 coelo.

343 2849 508 2935 Denique,
525 2853 582 2914 ubi
597 2851 629 2914 in
644 2851 752 2915 medio
767 2852 861 2915 nobis
878 2873 982 2934 equus
998 2874 1073 2916 acer
1088 2852 1226 2916 obhoesit

269 2996 271 3001 2
300 2949 459 3029 Flumine,
475 2963 509 3016 et
524 2953 557 3016 in
572 2952 704 3036 rapidas
720 2954 821 3017 amnis
838 2954 1046 3037 despeximus
1063 2954 1177 3032 undas,

301 3054 424 3118 Stantis
438 3054 515 3140 equi
530 3078 649 3139 corpus
666 3066 885 3120 transversum
899 3055 985 3121 ferre
1000 3059 1129 3122 videtur

233 3170 282 3217 425
298 3157 370 3236 Vis,
387 3169 420 3222 et
434 3159 468 3223 in
482 3159 654 3223 adversum
669 3158 790 3222 flumen
805 3159 1000 3224 contrudere
1016 3161 1133 3243 raptim
1146 3186 1154 3237 ;

299 3260 356 3339 Et,
373 3283 567 3346 quoeunque
583 3258 695 3324 oculos
712 3261 907 3345 trajecimus,
925 3263 1031 3326 omnia
1046 3261 1134 3339 ferri,

225 3501 228 3505 ·
246 3482 302 3538 399,
314 3484 370 3530 400.
382 3485 455 3531 Iidem
464 3485 585 3545 Apparent
591 3502 600 3538 ,·
612 3490 635 3532 et
642 3486 707 3545 longe
715 3485 752 3530 di·
786 3485 810 3530 in
830 3486 918 3530 modom
935 3486 1002 3531 ericii
1017 3486 1127 3532 militaris
1144 3490 1230 3531 veruta
1247 3485 1323 3530 binum

212 3549 270 3593 wlsi
281 3545 347 3608 licet]
356 3546 461 3601 Quidam
473 3548 541 3596 codd.
552 3564 602 3596 non
611 3556 753 3611 agnoscunt,
783 3550 874 3608 pedum.
893 3547 997 3596 Nonius.

212 3618 240 3656 et
251 3610 385 3659 Lambinus
396 3611 482 3673 rejicit
817 3614 872 3659 421.
892 3614 991 3673 Corpora
1001 3615 1111 3670 mirando,
1121 3612 1177 3674 eta]
1190 3612 1257 3660 Huic
1266 3627 1321 3659 ver-

246 3675 302 3721 toa.
326 3674 413 3737 Jubor]
433 3676 522 3733 Varro,¹
538 3676 633 3733 Festus,
653 3675 752 3724 Servius
786 3676 824 3724 sui
844 3676 943 3738 iniquus
964 3686 1002 3725 est
1024 3677 1165 3734 Lambinus,
1188 3685 1213 3724 et
1235 3675 1322 3736 rejicit,

213 3737 245 3786 ad
258 3737 304 3785 IV.
317 3737 375 3786 AEn.
392 3741 418 3786 It
430 3745 503 3801 portis
515 3741 602 3802 J‘ubare
618 3750 695 3789 exorto
711 3744 751 3789 dc·
786 3741 901 3789 emendat
921 3741 1006 3800 Faber,
1024 3740 1138 3804 legitque,
1156 3742 1257 3799 Corpora
1278 3742 1322 3785 mi-

213 3802 397 3864 laotojuoentus‚
414 3803 502 3852 docent
518 3807 594 3852 Jutar
611 3804 752 3854 Luciferum
784 3808 856 3854 rande
871 3809 915 3853 rub
931 3813 1007 3854 terras
1023 3809 1104 3854 obdita
1121 3811 1206 3867 pactos
1231 3800 1322 3862 quippe

213 3881 281 3916 esse:
298 3867 343 3915 hos
353 3867 465 3929 sequitur
477 3869 610 3917 Lambinus
619 3888 625 3924 ς
649 3879 675 3918 at
691 3869 752 3918 nihil
785 3869 844 3932 quid
853 3871 885 3918 ait
894 3871 960 3918 istud
969 3873 1097 3918 mirandum
1105 3870 1147 3916 sub
1157 3874 1232 3913 terras
1240 3866 1321 3910 coetum

211 3931 303 3980 certius
315 3947 387 3994 quam
398 3947 472 3980 unam
487 3933 637 3996 eandemque
653 3950 706 3983 rem
723 3935 750 3982 in
783 3935 836 3999 ipse
855 3951 905 3983 non
920 3934 1054 3994 intellexit,
1071 3947 1117 3981 neo
1134 3929 1195 3978 alios
1213 3940 1320 3988 unquam

212 3996 258 4044 hoc
269 4012 342 4045 versu
358 3999 440 4055 labar,
458 4006 483 4045 et
499 4014 522 4046 v.
539 4000 594 4046 408.
611 3998 688 4047 solem
706 4015 748 4063 ap·
783 3999 934 4048 intellexisse
942 3995 1112 4063 putatt'quasi
1123 4006 1182 4041 vero
1192 3991 1258 4038 istud
1270 4005 1319 4037 coe-

211 4060 306 4125 pellari.
783 4064 872 4113 lumin
889 4063 1032 4112 collectione
1048 4073 1116 4121 aquae
1132 4068 1254 4168 apparens
1271 4071 1320 4103 non

244 4127 299 4174 411.
316 4125 409 4187 Vereri]
420 4126 670 4176 Verutumesttelum
678 4129 751 4177 breve
784 4128 927 4177 admirabile
938 4136 963 4174 et
973 4125 1020 4174 sub
1035 4133 1112 4171 terras
1129 4136 1153 4168 vr
1171 4128 1248 4178 eatur,
1265 4137 1321 4169 cum

210 4199 237 4238 et
248 4199 360 4246 acutum
379 4190 477 4240 Sallust.
489 4191 530 4240 lib.
543 4192 599 4240 hist
615 4193 666 4240 111.
691 4195 749 4242 Sas-
784 4203 833 4241 tam
841 4189 976 4258 profundus
983 4187 1017 4237 sit
1025 4196 1051 4234 et
1059 4183 1209 4260 admirabilis
1219 4183 1245 4234 in
1255 4185 1322 4234 istud

209 4271 268 4318 oque
285 4259 395 4319 ingentia,
413 4263 437 4303 et
455 4273 498 4304 are
516 4260 598 4305 oiactae
616 4261 693 4306 trabes
708 4276 752 4320 per
783 4257 872 4306 eoelum
892 4255 1027 4318 despectus.
1063 4249 1114 4299 Alii
1135 4265 1198 4306 vero,
1221 4253 1322 4314 Corpora

205 4335 306 4381 pronum
313 4323 477 4381 incitabantur,
486 4325 611 4384 ambasque
623 4326 752 4372 eminebant
783 4319 890 4373 mirandi
899 4322 942 4368 rub
953 4325 1028 4367 terras
1039 4317 1121 4364 abditu
1128 4314 1190 4365 coeli·
