2872 4852
440 221 609 286 LIBER
642 223 863 289 PRIMUS.
1160 227 1202 291 57

181 377 341 442 Ponderis
356 379 473 442 amissa
487 380 519 442 vi
531 379 659 463 possint
675 389 761 445 stare
776 382 809 444 in
825 380 933 445 Inani:

179 479 254 544 Nec
268 481 358 565 quod
373 480 473 545 Inane
489 491 597 545 autem
613 481 664 558 ’st,
680 481 740 546 illis
758 484 936 549 subsistere
953 484 1063 562 debet,

178 581 279 659 Quin,
296 605 355 646 000
370 583 459 667 quod
473 594 589 647 natura
603 584 697 667 petit,
713 586 893 649 concedere
907 596 1033 671 pergat.

104 696 167 743 1000
179 684 280 748 Haud
295 686 394 768 igitur
409 696 547 769 possunt
562 685 618 749 tali
633 688 757 752 ratione
772 689 877 752 teneri

178 786 247 850 Res
262 789 295 851 in
311 787 457 865 concilio,
474 787 579 853 Medii
595 790 779 873 cuppedine
794 792 897 855 victae.

178 888 355 966 Praeterea,
372 912 502 974 quoque
513 891 582 974 jam
596 913 661 954 non
677 892 783 954 omnia
798 914 936 977 corpora
951 893 1080 978 fingunt

176 990 214 1054 In
230 990 380 1055 Medium
395 993 465 1069 niti,
482 992 541 1056 sed
555 991 745 1070 Terrarum,
761 1005 860 1079 atque
877 994 1069 1078 Liquorum‚

176 1093 358 1158 Humorem
372 1095 475 1178 ponti,
491 1096 681 1180 magnisque
696 1119 716 1160 e
729 1097 893 1160 montibus
909 1097 1038 1174 Undas‚

100 1208 164 1254 1⁰85
176 1195 224 1260 Et
238 1197 332 1281 quasi
347 1196 496 1261 Terreno
511 1221 585 1282 quae
600 1221 737 1282 corpore
753 1201 996 1263 contineantur:

175 1298 224 1363 At
239 1309 352 1364 contra
366 1311 481 1364 tenues
498 1311 667 1384 exponunt
682 1303 781 1365 Aeris
797 1325 905 1378 auras,

175 1402 222 1465 Et
238 1401 359 1466 calidos
375 1400 468 1466 simul
483 1425 502 1465 a
517 1401 632 1466 Medio
648 1402 810 1469 differrier
825 1404 946 1488 Igneis,

175 1502 288 1588 Atque
304 1503 378 1566 ideo
394 1513 498 1569 totum
513 1505 772 1571 circumtremere
789 1507 933 1571 AEthera
948 1506 1058 1591 signis,

175 1606 223 1670 Et
238 1605 323 1671 Solis
340 1606 490 1670 flamman
504 1630 565 1691 per
579 1607 653 1672 coeli
668 1608 787 1674 caerula
801 1611 902 1694 pasci,

100 1721 162 1770 1000
175 1709 276 1782 Quod
292 1708 379 1773 calor
395 1732 414 1772 a
429 1708 545 1775 Medio
559 1710 687 1795 fugiens
702 1712 749 1776 ibi
762 1711 892 1796 colligat
907 1713 1021 1797 igneis.

174 1812 321 1896 (Quippe
336 1812 432 1876 etiam
447 1813 534 1876 vesci
547 1834 566 1876 e
582 1812 688 1877 Terra
703 1813 851 1878 mortalia
866 1813 980 1878 saecla:

172 1914 247 1979 Nec
261 1936 413 1999 prorsum
427 1915 599 1982 arboribus
615 1937 755 1979 summos
772 1916 983 1981 frundescere
999 1938 1104 1980 ramos

174 2017 289 2093 Posse,
305 2017 368 2079 nisi
382 2039 402 2079 a
415 2017 510 2078 terris
526 2017 692 2100 paullatim
708 2019 824 2102 cuique
840 2020 983 2083 cibatum

174 2118 280 2182 Terra
295 2118 364 2200 det)
380 2128 414 2181 at
429 2140 528 2201 supra
544 2120 665 2183 circum
679 2130 790 2204 tegere
807 2121 912 2184 omnia
928 2119 1056 2184 Coelum

100 2233 161 2280 1095
173 2221 229 2286 Ne
244 2218 411 2284 volucrum
425 2221 490 2285 ritu
505 2219 716 2297 flammarum,
732 2223 850 2284 moenia
867 2221 987 2284 Mundi

124 2489 194 2535 1081.
212 2485 356 2550 cuppedine]
369 2486 409 2535 Sic
422 2493 516 2535 veteres
527 2502 572 2551 pro
587 2503 626 2534 cu·
662 2485 808 2535 Lambinum
820 2491 932 2549 quoniam,
945 2486 1013 2535 nullo
1024 2486 1097 2551 plane
1110 2501 1197 2535 sensu:

87 2555 168 2614 pidine
179 2552 218 2601 vel
229 2568 318 2600 amore.
660 2551 741 2599 forsan
758 2555 867 2614 quidnam
875 2571 884 2606 ,-
901 2561 926 2600 et
937 2567 985 2600 vox
1001 2551 1049 2600 ista
1065 2551 1099 2599 sit
1114 2551 1199 2606 otiosa.

123 2617 185 2665 Ibid.
207 2616 290 2680 Victa]
304 2616 370 2672 Quid
381 2616 401 2665 si
413 2616 509 2680 legatur
519 2619 621 2664 vincte?
661 2616 744 2678 quales
763 2617 827 2681 apud
850 2620 935 2681 politas
957 2616 1091 2680 saepissime
1114 2631 1198 2664 occur·

123 2683 193 2730 1082.
208 2685 333 2740 Praeterea,
346 2698 431 2744 quoque
441 2681 507 2745 jum]
526 2682 626 2729 Pertur·
659 2691 725 2729 runt.

88 2749 157 2795 batos
173 2747 248 2795 fuisse
268 2755 397 2809 sequentes
414 2762 499 2795 versus
516 2746 627 2808 queritur
694 2747 763 2794 1083.
784 2749 915 2804 Terrarum,
924 2754 992 2808 atque
1004 2745 1141 2808 liquorum]
1155 2747 1198 2793 Li-

89 2812 236 2868 Lambinus,
254 2812 280 2860 in
292 2812 397 2874 aliquem
412 2811 498 2860 saltem
515 2811 626 2859 ordinem
659 2815 743 2873 queris,
756 2812 829 2859 MSS.
841 2812 906 2859 unde
918 2811 967 2859 Gif.
979 2823 1036 2874 post
1053 2811 1200 2859 Lambinum

87 2877 189 2940 redegit,
198 2877 241 2926 sed
250 2877 277 2924 in
287 2877 412 2925 meliorem
424 2876 544 2934 Gifanius,
554 2892 627 2938 quem
659 2875 758 2937 conjicit
765 2876 896 2938 legendum
905 2879 995 2933 Terret,
1005 2884 1073 2939 atque
1083 2879 1198 2938 Liquores.

88 2957 188 3003 sequar:
208 2942 342 2990 secundum
358 2941 440 3004 igitur,
456 2957 478 2988 v.
497 2944 535 2988 24.
553 2957 625 3004 argu-
694 2942 763 2988 1080.
783 2942 858 2989 Hune
867 2957 965 2990 versum
977 2957 1027 2989 non
1039 2941 1149 3004 agnoscit
1161 2941 1189 2988 B.

89 3016 199 3054 mentum
219 3015 303 3054 eontra
323 3007 429 3054 fautores
449 3005 542 3063 Centri,
560 3006 626 3070 ipso·
695 3007 765 3053 1088.
791 3005 991 3069 Circumtremere]
1011 3007 1116 3068 Propter
1134 3004 1199 3053 scin-

88 3087 144 3118 rum
157 3072 203 3119 viz.
221 3071 368 3120 sententiam
384 3072 484 3125 recitem
502 3071 542 3132 qui
561 3071 627 3118 enim
660 3070 788 3127 tillantem‚
800 3070 968 3134 palpitantem,
981 3079 1006 3118 et
1017 3070 1151 3118 nictantem
1165 3070 1198 3118 si·

88 3136 193 3184 absurda
209 3145 328 3184 memorat
344 3136 427 3184 eadem
445 3136 543 3183 refutat.
574 3137 626 3183 Do·
660 3136 745 3183 derum
758 3135 900 3183 micantium
912 3135 1002 3198 ignem.
1032 3137 1115 3182 Faber.

89 3209 246 3259 tentantem,
259 3209 330 3248 terrae
342 3210 436 3248 tantum
449 3209 553 3262 etaquae
569 3215 626 3263 par·
695 3201 765 3248 1090.
788 3198 947 3262 Iti—igneis]
968 3199 1052 3261 Aliqui
1070 3199 1134 3256 libri,
1154 3201 1201 3246 sits·

89 3265 176 3314 ticulas
187 3267 218 3314 ad
235 3267 361 3322 Centrum,
373 3265 437 3327 ignis
448 3280 506 3312 vero
524 3274 548 3312 et
565 3265 627 3312 00110
660 3268 738 3312 omnis.

88 3331 203 3379 aCentro
214 3330 268 3387 niti,
279 3346 311 3377 ex
321 3329 419 3392 ignibus
430 3328 628 3377 etiamaMedio
695 3329 765 3376 1091.
794 3328 869 3376 Ηο00
889 3342 986 3374 versum
1010 3327 1036 3374 iu
1059 3327 1088 3374 B.
1110 3326 1201 3375 frustm

88 3395 245 3456 surgentibus
257 3403 322 3441 astra
333 3393 463 3454 stellasque
474 3393 535 3450 fieri,
545 3403 570 3440 et
581 3408 626 3440 nu·
661 3408 762 3454 quaeras

90 3460 144 3507 triri
158 3459 195 3519 (ut
208 3459 292 3520 vigent
307 3457 428 3512 animalia,
441 3465 466 3504 et
482 3458 580 3504 arbores
591 3457 628 3504 vi·
697 3458 766 3504 1093.
781 3454 1199 3518 001011001001010]0000000000,

88 3531 195 3579 reseunt‚
204 3522 290 3570 tellure
297 3537 382 3570 000000
389 3529 414 3569 01
423 3521 505 3569 debita
514 3520 630 3568 alimenta
663 3520 805 3576 Lambinus,
814 3530 839 3566 et
847 3529 990 3582 sequentem
1000 3536 1097 3569 versum
1107 3521 1198 3583 rejicit:

88 3588 234 3652 praebente).
263 3587 363 3635 Circum
374 3602 431 3634 vero
443 3585 526 3633 omnia
539 3585 629 3633 solidos
662 3588 763 3648 quodque
775 3588 871 3641 cibetur,
882 3585 931 3632 Gif.
941 3601 973 3632 ex
982 3595 1029 3633 vet.
1039 3586 1091 3634 cod.
1104 3596 1199 3635 monet·

89 3653 183 3716 aliquos
191 3651 350 3700 circumvolvi
358 3651 446 3708 Coelos,
456 3651 498 3713 qui
507 3651 573 3698 leves
584 3651 629 3698 has
662 3666 716 3712 que,
728 3667 816 3698 versum
824 3653 952 3711 proximum
963 3660 1028 3698 terra
1044 3652 1092 3708 det,
1105 3661 1151 3700 etc.
1164 3657 1199 3699 in·

89 3728 114 3767 et
125 3735 140 3766 a
153 3717 238 3766 Medio
249 3727 377 3780 surgentes
389 3716 521 3780 particulas
533 3715 628 3774 sistant,
661 3723 746 3763 sertum
751 3714 827 3778 saissa
839 3718 866 3762 ob
880 3732 924 3763 noa
940 3719 1079 3764 intellectum
1096 3715 1199 3778 ὑπέρβα-

89 3792 114 3832 01
135 3783 290 3838 0001100οη11
320 3781 368 3830 nisi
390 3781 457 3829 00110
484 3781 630 3829 sisterentur
662 3798 705 3828 τον
726 3783 892 3843 longissimum:
918 3797 970 3828 nam
989 3784 1055 3829 istud
1073 3783 1113 3830 Ne
1131 3782 1200 3831 volu-

89 3848 142 3897 istae
161 3847 295 3913 particulae,
317 3862 362 3911 per
380 3846 526 3894 immensum
551 3847 629 3894 Inane
662 3861 737 3902 crum,
756 3855 800 3892 etc.
818 3845 926 3908 conjungi
942 3849 1074 3894 debetcum
1092 3847 1158 3895 Illud
1174 3847 1201 3895 in

90 3914 170 3962 subito
185 3913 338 3975 diffugerent,
351 3912 440 3960 coelum
456 3920 546 3968 rueret,
564 3919 630 3959 terra
661 3910 700 3958 his
720 3911 800 3967 rebus,
821 3920 866 3958 010.
886 3919 909 3958 01
927 3914 1012 3972 alioqui
1031 3915 1082 3973 quis
1102 3928 1201 3973 anquam

89 3993 116 4026 se
127 3978 230 4043 pedibus
242 3978 331 4026 nostris
343 3976 495 4033 subduceret,
507 3986 532 4023 et
540 3975 627 4023 1110οο1-
661 3978 723 4022 dixit
734 3984 798 4023 terra
810 3975 852 4022 dat
863 3975 970 4023 cibatum
986 3991 1001 4023 a
1012 3977 1101 4024 terris?
1120 3980 1202 4025 aberat

91 4053 189 4091 veretur
224 4043 299 4090 totius
336 4042 456 4090 machinae
491 4056 627 4104 compages.
661 4043 731 4088 etiam
749 4043 877 4102 aquodam
897 4048 941 4088 001.
961 4043 1008 4088 cod.
1030 4049 1113 4088 nostro.
1152 4040 1201 4088 Sed

90 4108 290 4170 Quandocunque
297 4107 363 4155 enim
372 4106 453 4168 aliqua
461 4105 534 4166 hujus
543 4105 629 4153 mundi
661 4104 703 4152 alii
710 4105 806 4153 codices
814 4105 954 4162 admittunt,
960 4113 985 4152 et
991 4104 1040 4153 reci
1059 4105 1146 4152 iendns
1156 4113 1200 4160 est,

91 4186 147 4234 pars
159 4187 280 4221 secessum
291 4171 356 4229 facit,
365 4171 452 4219 Totius
463 4169 578 4218 interitus
589 4185 627 4218 se·
661 4179 690 4217 ut
700 4169 788 4231 aliquis
801 4169 887 4217 saltem
905 4170 937 4218 sit
953 4169 1025 4230 hujus
1041 4121 1089 4217 loci
1106 4182 1199 4222 sensus,

91 4244 185 4296 quetur.
661 4233 701 4282 cui
712 4250 757 4298 per
768 4250 794 4282 se
805 4234 865 4282 satis
876 4234 979 4282 obscuro
990 4233 1056 4280 istud
1068 4229 1201 4293 trfpfiarov

127 4299 189 4348 Ibid.
220 4303 311 4362 Quoque
326 4299 392 4363 jam]
420 4300 513 4348 Omnes
540 4308 630 4363 prater
662 4301 766 4361 mqjores
778 4299 891 4346 tenebras
902 4297 1012 4347 offundit.

801 4376 810 4409 1
