2872 4852
459 226 629 292 LIBER
663 226 943 300 QUARTUS.
1195 230 1255 294 197

170 399 217 445 320
236 385 365 449 Ponere
381 384 549 449 nobiscum
565 383 691 461 credas,
708 393 901 468 gestumque
916 383 1052 462 imitari3

236 488 428 572 Propterea,
445 487 520 572 quia
535 487 578 550 de
593 485 726 570 Speculi
742 509 807 570 qua
821 498 916 571 parte
931 486 1078 563 recedas,

236 590 398 655 Continuo
413 599 579 674 nequeunt
593 588 679 653 illinc
695 587 875 653 Simulacra
889 589 1026 652 reverti:

236 694 355 757 Omnia
369 692 634 777 quandoquidem
648 691 736 774 cogit
751 701 867 756 natura
882 690 1008 768 referri,

235 794 286 860 Ac
302 795 425 859 resilire
441 795 482 858 ab
498 796 597 858 rebus
614 795 656 858 ad
671 817 782 879 aequos
798 795 927 858 reddita
942 793 1061 858 flexus.

170 910 217 956 ιιι
277 897 455 982 Splendida
470 918 569 980 porro
584 894 669 960 oculi
683 896 835 981 fugitant,
851 898 1019 980 vitantque
1034 897 1136 960 tueri:

237 999 294 1064 Sol
310 1000 406 1063 etiam
421 1009 534 1075 caecat,
550 1009 664 1062 contra
678 999 705 1061 si
720 999 855 1062 tendere
871 1020 1008 1082 pergas3

237 1102 429 1184 Propterea,
445 1100 520 1184 quia
536 1099 583 1162 vis
598 1121 716 1183 magna
731 1099 771 1162 ’st
785 1100 900 1183 ipsius,
916 1110 950 1163 et
965 1099 1029 1163 alte

237 1203 329 1267 Aera
343 1225 403 1286 per
418 1224 536 1286 purum
551 1203 694 1284 graviter
709 1201 888 1267 Simulaera
903 1201 1063 1279 feruntur,

240 1305 287 1369 Et
302 1305 422 1368 feriunt
437 1303 547 1368 oculos
564 1304 728 1367 turbantia
743 1306 990 1388 compositurus·

173 1421 221 1466 ³30
241 1406 417 1482 Praeterea,
433 1404 607 1490 Splendor,
625 1406 810 1489 quicunque
825 1406 864 1469 ’st
879 1428 964 1480 acer,
980 1406 1089 1470 adurit

239 1509 335 1592 Saepe
352 1505 474 1585 oculos,
490 1507 564 1572 ideo
580 1508 668 1591 quod
685 1509 806 1571 semina
821 1509 968 1592 possidet
983 1509 1067 1592 ignis

239 1609 358 1686 Multa,
375 1608 519 1673 dolorem
536 1608 636 1672 oculis
652 1631 727 1692 quae
741 1611 879 1693 gignunt
894 1611 1100 1675 insinuando.

235 1772 237 1776 .
281 1711 407 1775 Lurida
421 1721 582 1794 praeterea
595 1709 679 1774 fiunt
694 1733 897 1795 quaecunque
914 1721 1047 1776 tuentur

237 1814 388 1899 Arquati,
404 1813 481 1896 quia
495 1812 613 1876 luroris
629 1814 670 1877 de
686 1835 823 1897 corpore
839 1836 951 1880 eorum

173 1932 220 1978 ³35
239 1917 368 1982 Semina
384 1915 483 1980 multa
500 1916 606 1980 fluunt
622 1916 809 1980 Simulacris
825 1919 920 1981 obvia
934 1940 1060 1995 rerum;

238 2018 410 2103 Multaque
427 2029 502 2082 sunt
518 2018 619 2083 oculis
635 2020 668 2083 in
683 2041 797 2083 eorum
812 2021 952 2105 denique
966 2022 1072 2097 mista,

240 2121 325 2194 Quae
340 2133 478 2204 contage
494 2143 552 2183 sua
567 2119 745 2204 palloribus
761 2124 867 2185 omnia
881 2122 1030 2206 pingunt.

282 2223 314 2285 E
330 2224 473 2286 tenebris
488 2232 596 2285 autem
611 2245 685 2306 quae
701 2234 777 2286 sunt
791 2224 824 2285 in
838 2223 911 2287 luce
927 2234 1066 2299 tuemur,

239 2323 430 2407 Propterea,
447 2325 523 2407 quia
538 2346 610 2388 curn
627 2325 761 2407 propior
775 2323 920 2407 caliginis
935 2324 1007 2386 Aer

175 2435 223 2481 340
240 2425 325 2488 Ater
339 2425 399 2487 init
414 2423 524 2488 oculos
539 2425 640 2508 prior,
656 2435 690 2488 et
704 2425 853 2508 possedit
868 2435 1019 2508 apertos3

151 2618 226 2666 refert
248 2620 279 2668 ad
302 2619 406 2669 variatas
429 2619 522 2684 speculi
544 2629 634 2685 partes,
658 2635 689 2668 ex
721 2635 744 2666 v.
757 2620 779 2666 5.
797 2617 877 2667 lurida
893 2617 971 2667 multa
989 2618 1084 2667 semina
1100 2618 1130 2665 ab
1150 2616 1262 2666 letericis

153 2683 240 2744 quibus
252 2684 344 2733 aliisae
356 2685 409 2733 aliis
422 2685 584 2733 necessarium
595 2693 632 2733 est
649 2700 688 2732 re·
721 2682 808 2742 fluunt,
827 2693 852 2732 et
870 2682 995 2732 venientia
1012 2698 1095 2731 rerum
1113 2681 1261 2730 simulachra

153 2747 283 2797 flexionem
300 2749 326 2797 in
345 2749 442 2798 oculum
462 2749 523 2807 fieri,
541 2765 568 2797 ac
586 2749 689 2813 proinde
722 2748 828 2812 tingunt,
842 2748 929 2796 saltem
946 2747 972 2796 in
989 2747 1072 2797 oculos
1087 2746 1205 2795 intrantia
1221 2746 1261 2794 in·

154 2813 286 2875 imaginem
297 2815 411 2878 progredi
422 2814 507 2862 videri.
722 2813 816 2861 ficiunt.

187 2880 242 2926 322.
260 2881 381 2941 Nequeunt
397 2878 474 2941 illinc]
493 2877 633 2936 Lambinus,
649 2895 688 2926 ne-
755 2880 810 2926 334.
828 2877 944 2940 Arquati]
958 2877 1063 2934 lcterici,
1075 2892 1178 2940 quorum
1195 2875 1262 2924 color

153 2951 238 3004 qnennt
247 2947 309 3000 illuc,
319 2960 372 3005 quae
380 2944 453 2992 lectio
465 2943 561 2991 admitti
573 2959 622 2991 non
634 2953 687 3008 pot·
722 2951 748 2991 et
768 2942 832 2991 oculi
853 2943 934 2992 virent
953 2941 1022 3005 quasi
1044 2941 1070 2990 in
1093 2945 1168 3004 arqui,
1189 2957 1261 3003 quem

154 3017 205 3055 est:
223 3012 310 3056 remitti
321 3009 462 3056 Gassendus
473 3024 518 3071 pro
529 3013 620 3057 reverti.
723 3009 805 3056 Poeta
816 3007 875 3056 Irim
886 3017 981 3066 vocant,
991 3007 1191 3055 similitudinem:
1210 3007 1260 3054 Lu·

187 3075 241 3120 325.
259 3076 385 3134 Splendida
394 3090 470 3134 porro,
482 3072 538 3136 etc]
557 3072 690 3136 Splendida
722 3072 820 3130 cretius,
830 3073 871 3121 lib.
882 3072 928 3120 Vl.
960 3075 1017 3120 Tum
1029 3076 1088 3121 color
1100 3076 1124 3120 in
1135 3074 1210 3134 nigris
1221 3088 1261 3120 er·

154 3139 249 3199 objecta
266 3137 330 3186 oculi
347 3139 400 3214 pati
417 3154 467 3186 non
484 3149 594 3202 possunt,
610 3147 636 3185 et
653 3137 690 3186 sol
723 3141 789 3186 tabat
800 3141 898 3186 nubibus
909 3137 993 3200 arqui:
1012 3136 1116 3185 Nonius.

155 3212 267 3259 excaecat,
280 3218 402 3264 quomam,
413 3218 434 3250 v.
445 3205 467 3250 8.
480 3202 634 3265 splendidum
646 3203 689 3250 ob·
756 3203 811 3250 838.
833 3205 856 3250 E
871 3204 970 3250 tenebris
988 3210 1071 3259 autem,
1087 3199 1143 3262 etc]
1164 3200 1262 3249 Deinde

151 3268 244 3328 jectum
256 3267 345 3314 emittit
357 3267 434 3315 multa
446 3267 510 3330 ignis
527 3267 620 3315 semina
637 3282 691 3328 quae
724 3281 756 3314 ex
778 3265 886 3314 tenebris
909 3281 937 3314 ea
955 3266 1070 3314 videntur
1088 3281 1142 3327 quae
1161 3265 1262 3312 suntin

155 3331 238 3378 oculos
255 3331 368 3388 adurunt,
385 3332 424 3379 vel
441 3339 478 3378 est
497 3330 612 3378 sensibile
630 3346 690 3378 exu·
724 3330 786 3387 luce,
799 3346 848 3378 non
860 3330 920 3377 item
931 3330 958 3378 in
969 3330 1025 3377 luce
1035 3345 1089 3392 qnae
1100 3330 1126 3376 in
1139 3328 1263 3377 tenebris:

155 3410 245 3457 perans
252 3395 395 3451 sensorium‚
404 3404 476 3456 atque
485 3395 540 3441 ideo
550 3395 691 3457 corrumpit,
724 3394 750 3441 id
758 3409 846 3456 nempe
853 3394 889 3453 fit,
897 3410 919 3442 v.
930 3395 966 3442 16.
974 3403 1075 3458 propter
1081 3393 1262 3456 protrusionem

155 3458 221 3521 quod
237 3458 315 3521 ipsius
331 3467 452 3506 texturam
470 3458 573 3515 solvens,
585 3457 692 3506 debitam
725 3457 816 3506 diversi
832 3458 901 3516 airis,
915 3474 970 3506 nem
987 3475 1043 3507 cum
1059 3458 1155 3506 lucidus
1171 3461 1213 3505 eir
1225 3467 1260 3506 te·

156 3523 182 3570 in
192 3539 220 3570 eo
230 3522 375 3586 temperiem
384 3522 694 3585 commensurationemque
725 3523 855 3570 nebrosum
864 3523 981 3585 sequitur,
988 3532 1077 3586 purgat
1085 3531 1179 3571 meatus
1189 3523 1262 3581 oculi,

155 3596 288 3651 pervertat,
297 3603 325 3634 ac
334 3587 450 3644 destruat,
460 3587 521 3634 adeo
532 3596 560 3634 ut
570 3587 624 3635 aliis
636 3603 691 3635 sen-
725 3587 760 3635 ita
768 3596 797 3635 ut
806 3602 887 3635 rerum
899 3588 1045 3636 simulachra
1055 3587 1147 3635 intrare
1158 3587 1266 3652 possint,

155 3652 267 3701 sibilibus
285 3652 401 3714 deinceps
418 3651 570 3715 excipiendis
587 3652 692 3716 incapax
725 3654 766 3700 air
782 3651 848 3700 enim
864 3652 960 3701 lucidus
978 3661 1015 3700 est
1029 3652 1133 3711 tenuior,
1149 3652 1262 3702 mobilior

155 3717 249 3766 evadat.
286 3716 405 3765 Laberius
426 3718 491 3780 apud
514 3717 629 3775 Gellium,
650 3717 690 3766 lib.
725 3716 819 3775 saltem,
831 3726 857 3766 et
872 3717 995 3780 majorini
1010 3717 1118 3780 pollens;
1135 3733 1191 3766 cum
1203 3733 1263 3766 vero

155 3783 187 3830 X.
196 3798 248 3845 cap.
261 3781 297 3832 17.
327 3784 471 3830 Democritus
482 3785 613 3839 Abderites,
626 3785 690 3846 Pny-
725 3783 868 3831 tenebrosus
896 3785 937 3830 a'e'r
958 3781 1067 3830 lucidum
1093 3783 1261 3844 subsequatur,

152 3851 221 3903 neue,
232 3849 388 3908 Philosophus,
399 3849 690 3909 Clypenmconstitnitcon·
724 3855 775 3894 tum
788 3855 882 3894 meatus
892 3846 956 3895 oculi
968 3848 998 3895 ab
1010 3847 1058 3895 isto
1068 3846 1142 3895 inerti
1155 3850 1210 3895 aire
1226 3847 1263 3895 ita

154 3920 302 3960 traenortnm
313 3915 460 3974 Hyperionis,
473 3915 554 3960 Oculos
562 3915 692 3974 effoderent
724 3911 864 3975 implentur,
880 3921 908 3960 ut
924 3912 1110 3960 advenientibus
1126 3927 1209 3960 rerum
1226 3911 1259 3959 si-

150 3981 225 4039 poesit
243 3980 362 4039 splendore
381 3993 456 4032 aereor
481 3979 521 4025 Ito
542 3980 616 4026 radiis
638 3979 692 4026 solis
723 3976 856 4026 mulachris
883 3976 1035 4041 excipiendis
1066 3976 1171 4040 incapax
1204 3991 1260 4024 eva·

153 4046 225 4090 aciem
237 4045 316 4104 effodit
327 4045 425 4090 luminis.
723 4041 772 4089 dat

187 4107 243 4154 326.
263 4105 377 4169 Tendere]
390 4106 481 4155 Oculos
491 4106 535 4155 via
545 4106 605 4165 Alii,
614 4111 689 4156 inten-
757 4109 811 4155 340.
829 4110 889 4155 Ater
897 4105 955 4168 init]
969 4106 1026 4155 Sive
1043 4109 1095 4163 init,
1107 4113 1132 4153 et
1146 4107 1244 4166 possidit
1251 4123 1261 4159 ,-

155 4172 216 4227 dcre,
229 4179 253 4218 et
264 4171 385 4229 Gifanius,
397 4188 495 4220 cernere.
724 4179 749 4219 et
760 4188 782 4220 v.
796 4172 851 4219 346.
863 4174 986 4229 obsiderat,
995 4179 1024 4218 ut
1034 4173 1161 4229 obsiditque
1170 4172 1226 4225 uias,
1237 4184 1261 4216 v.

189 4236 243 4282 333.
261 4238 352 4285 Lnrida
366 4244 487 4298 pretereo,
504 4235 560 4298 eto]
580 4235 691 4284 letericia
725 4238 779 4284 352.
789 4236 892 4300 perinde
902 4245 952 4285 est:
972 4234 1072 4283 omnino
1083 4243 1164 4282 autem
1176 4231 1199 4279 le
1217 4247 1267 4279 en·-

157 4297 239 4346 omnia
250 4300 343 4361 objecta
354 4309 473 4365 apparent
483 4300 569 4359 lurida,
580 4299 636 4364 quia
645 4300 690 4350 riz.
724 4300 782 4349 dum
794 4319 807 4350 e
818 4304 875 4360 lnce,
886 4316 934 4348 uon
946 4317 961 4349 a
973 4303 1029 4357 lnce,
1039 4314 1062 4347 v.
1073 4297 1128 4346 349.
1139 4307 1164 4344 et
1172 4247 1261 4345 egidi.
