2872 4852
450 237 625 301 LIBER
656 237 876 302 PRIMUS.

106 393 223 469 seqnitur,
246 401 303 457 post
325 402 427 441 mortem
449 393 546 442 futuris
583 393 645 449 Quis

105 459 171 506 enim
189 467 278 522 potest,
294 472 349 505 oum
368 457 492 506 existimet
510 474 524 506 a
542 459 598 507 Deo
618 474 645 506 se

104 523 192 579 curari,
211 538 260 570 non
275 530 300 570 et
318 521 370 571 dies
389 532 413 570 et
432 533 516 571 noctes
534 523 645 571 divinum

104 603 196 635 numen
218 588 335 634 horrere?
365 587 429 634 Vide
452 588 625 636 Ciceronem
618 604 644 635 ιιι

106 652 215 700 Lucullo.
246 653 286 699 Ita
297 651 366 699 lste
360 651 505 700 insanientis
517 653 644 716 sapientiae

105 716 231 764 consultus
248 717 318 763 Erro.
353 717 446 764 Contra
462 733 534 779 quem
551 718 572 766 si
590 717 644 780 quis

105 781 226 855 disputet·
225 796 276 828 rem
289 781 397 844 profecto
409 792 493 844 ageret
504 782 642 830 ridiculam:

105 845 228 894 communi
244 845 310 892 enim
327 861 400 893 sensu
417 858 485 894 caret
499 847 570 894 istius
587 863 641 896 sen-

105 911 189 959 tentiae
200 910 286 967 fautor,
298 919 322 958 et
333 919 371 958 est
382 910 476 958 medico
487 911 642 959 committen-

105 975 157 1023 dns.
192 975 257 1022 Cura
274 975 386 1022 benevoli
394 976 523 1050 principis
540 986 582 1023 aut
598 992 641 1040 pa-

104 1039 181 1087 rentis
193 1049 259 1087 metu
276 1049 300 1086 et
317 1039 416 1088 tristitia
433 1040 526 1098 liberat,
539 1057 584 1088 nec
601 1042 642 1088 be·

105 1105 192 1167 uignos
204 1105 345 1151 horremus:
364 1105 447 1152 unde
441 1106 516 1168 igitur
528 1105 574 1153 iste
585 1106 642 1153 hor

104 1184 144 1216 ror
156 1185 211 1216 cum
225 1185 270 1216 nos
287 1185 301 1215 a
317 1170 538 1217 beneficentissimo
555 1180 581 1217 et
597 1186 639 1234 po-

104 1233 241 1282 tentissimo
270 1233 370 1280 numine
403 1234 483 1282 curari
517 1234 641 1283 existime-

103 1300 175 1346 must

136 1363 275 1410 Absurdam
287 1363 350 1409 hanc
362 1363 502 1425 opinionem
519 1363 545 1410 in
563 1363 642 1426 primo

102 1427 165 1474 libro
182 1427 298 1490 proponit
315 1427 451 1484 Lucretius,
465 1437 490 1474 et
505 1437 562 1490 post
578 1443 640 1490 prae·

102 1501 215 1555 paratum
239 1491 369 1539 artificioso
392 1492 493 1538 exordio
518 1493 640 1549 lectorem,

103 1565 281 1618 argumentum,
297 1556 360 1618 quod
377 1556 515 1604 infoeliciter
533 1557 640 1620 eligeret,

103 1629 211 1668 exornat.

135 1687 192 1733 Ver.
207 1686 259 1732 160.
279 1685 370 1733 Nihile
383 1686 468 1733 Nihilo
480 1686 540 1744 fieri,
551 1696 576 1734 ct
594 1686 639 1734 Ni-

102 1749 137 1797 hil
144 1750 169 1798 in
178 1750 290 1798 Nihilum
299 1751 389 1798 reverti
399 1751 482 1798 decem
491 1752 641 1813 argumentis

101 1817 204 1878 probare
216 1815 316 1870 nititur;
334 1814 460 1878 ingeniose
477 1816 554 1864 fateor
570 1817 638 1864 iuve-

101 1880 146 1936 nit,
158 1880 255 1943 copiose
268 1880 380 1943 explicat,
394 1890 419 1928 at
430 1897 482 1928 rem
496 1880 574 1944 ipsam
592 1882 637 1929 mi-

101 1944 167 1992 nime
176 1945 281 2007 attingit.
309 1946 477 1992 Concedamus
486 1946 551 1993 enim
562 1947 638 2008 quod-

101 2009 161 2057 libet
178 2025 191 2056 e
209 2009 316 2071 quolibet
333 2010 392 2057 oriri
408 2026 457 2057 non
474 2027 553 2073 posse,
566 2011 639 2058 certis

101 2074 250 2137 temporibus
259 2090 299 2121 res
308 2074 382 2131 nasci,
393 2090 454 2138 opus
465 2091 517 2122 esse
530 2084 639 2138 tempore

101 2154 148 2199 quo
158 2148 274 2196 crescant,
285 2147 310 2185 et
319 2139 419 2186 materia
431 2155 478 2200 qua
490 2151 637 2200 augeantur;

100 2203 205 2276 denique
225 2213 304 2250 certos
328 2219 380 2250 esse
403 2203 482 2251 aetatis
501 2204 638 2265 viriumque

101 2268 224 2324 terminos,
239 2277 263 2314 et
280 2282 350 2328 agros
366 2267 486 2314 industria
503 2277 528 2314 ct
544 2267 639 2315 cultura

99 2332 226 2378 hominum
246 2331 376 2378 fertiliores
397 2331 474 2378 reddi.
510 2333 637 2406 Snppona-

99 2412 154 2443 mus
171 2395 272 2457 insuper
288 2395 380 2442 Nihil'
374 2395 475 2442 interire
493 2395 539 2442 nisi
552 2395 575 2443 vi
593 2395 637 2442 ali-

100 2476 148 2521 qua
159 2459 311 2533 dissolvatur,
325 2459 439 2506 animalia
451 2459 559 2520 quotidie
571 2460 637 2507 nasci

101 2541 149 2572 non
161 2540 233 2587 posse
246 2524 293 2571 nisi
310 2539 341 2570 ex
358 2524 431 2571 certis
447 2523 582 2572 seminibus
599 2541 636 2572 re-

100 2587 243 2636 ficerentur:
262 2604 427 2652 supponamus
438 2604 511 2635 unam
523 2590 637 2636 eandem·

100 2670 146 2715 que
159 2653 207 2702 vim
220 2669 260 2700 res
271 2664 370 2701 cunctas
384 2653 516 2700 dissolvere
534 2670 582 2701 non
596 2671 636 2701 va-

99 2718 157 2777 lere,
179 2734 223 2765 nec
247 2728 358 2765 naturam
382 2718 473 2779 aliquid
495 2719 636 2782 producere,

100 2783 147 2830 nisi
164 2794 242 2830 morte
259 2783 339 2831 alicua
355 2783 490 2844 adjuvetur.
519 2783 585 2837 Quid
603 2785 637 2830 ef-

100 2848 166 2895 ficiet
183 2849 327 2895 Lucretius?
347 2848 446 2895 Semina
462 2848 516 2910 ipsa
533 2864 582 2895 non
599 2849 636 2896 fu-

99 2912 147 2960 isse
160 2929 172 2959 e
186 2913 270 2959 Nihilo
282 2912 416 2975 producta?
435 2914 486 2960 Aut
504 2913 574 2960 Nihil
591 2929 637 2960 nu·

100 2977 173 3024 ruinis
189 2987 250 3025 nutu
268 2987 293 3025 et
308 2977 462 3041 providentia
478 2977 548 3025 fierit
568 2978 635 3025 Neu-

100 3052 164 3089 trum
182 3042 317 3100 concludet,
336 3042 439 3103 ideoque
460 3042 543 3090 decem
563 3059 634 3105 argu·

99 3116 182 3154 menta
193 3107 326 3169 perierunt,
338 3106 396 3154 licet
411 3123 459 3154 nou
478 3117 527 3154 tam
543 3106 636 3170 ingenii

100 3187 145 3225 sui,
159 3187 230 3233 quam
242 3187 321 3219 causae
330 3183 397 3219 vitio.

133 3237 190 3282 Ver.
209 3237 263 3283 266.
283 3236 380 3284 Semina
397 3251 441 3283 sua
458 3236 531 3283 exilia
548 3245 573 3283 et
590 3236 635 3282 mi-

100 3309 159 3348 nuta
175 3309 260 3348 contra
276 3300 337 3357 illos,
356 3300 397 3362 qui
415 3300 472 3347 solis
490 3301 566 3348 oculis
582 3316 634 3348 cre-

100 3365 168 3421 dunt,
186 3364 283 3427 egregie
301 3375 396 3412 tuetur:
415 3374 473 3411 etv.
493 3367 547 3411 330.
566 3367 637 3412 lacae

100 3445 153 3475 esse
170 3428 320 3490 argumentis
337 3439 447 3490 quatuor,
461 3429 548 3489 quibus
565 3445 636 3475 nemo

101 3509 206 3555 unquam
219 3491 319 3540 meliora
330 3491 439 3556 protulit,
452 3492 554 3539 evincit:
577 3508 635 3553 quo-

1178 241 1221 303 59

678 409 733 442 rum
748 395 828 458 primo
842 403 867 442 et
884 402 970 456 quarto
987 393 1133 456 (secundum
1150 395 1216 444 enim

678 475 706 506 ao
719 459 818 508 tertium
830 474 879 506 non
890 467 948 506 sunt
960 459 1067 519 ejusdem
1082 460 1216 535 firmitatis)

678 539 803 585 nunquam
814 523 865 572 vidi
877 524 941 585 quod
953 523 1039 586 reponi
1049 525 1135 586 possit.

712 589 768 636 Ver.
784 590 839 636 420
858 588 928 636 Nihil
945 604 998 636 esse
1014 598 1103 652 praeter
1120 591 1216 653 Corpus

677 661 702 700 et
716 653 793 701 Inane
806 653 900 700 duobus
912 653 1062 715 argumentis
1079 655 1214 728 confirmat,

676 718 818 780 reliquaque
841 718 929 775 omnia,
950 733 1004 779 quae
1027 718 1069 765 alii
1091 719 1156 766 inter
1175 734 1215 768 res

676 793 813 839 numerant,
826 782 951 830 detrudit
944 798 971 829 in
983 783 1084 831 classem
1102 783 1213 833 acciden-

677 847 745 904 tium,
763 863 817 908 quae
834 847 885 894 sola
901 846 1015 910 opinione
1033 863 1047 893 a
1064 848 1173 910 Corpore
1190 857 1215 897 et

678 911 751 959 Inani
763 912 953 974 distinguuntur,
967 921 991 959 et
1007 912 1156 960 subsistunt:
1174 913 1215 962 hic

678 992 735 1024 vero
746 976 833 1024 callide
845 977 962 1040 supponit
973 977 1037 1038 quod
1052 978 1155 1039 probare
1172 977 1215 1026 de·

676 1041 736 1098 buit,
754 1041 833 1088 solum
850 1057 938 1104 corpus
954 1056 1026 1104 agere
1044 1052 1068 1090 et
1084 1042 1143 1105 pati,
1160 1052 1213 1090 tan·

675 1122 733 1168 gere
746 1115 771 1153 et
783 1106 850 1168 tangi
861 1121 946 1168 posse3
963 1107 1026 1152 hanc
1043 1105 1109 1153 enim
1126 1107 1214 1155 defini·

675 1171 767 1218 tionem
784 1171 896 1217 humanae
913 1170 1000 1218 animae
1017 1185 1149 1233 omnesque
1166 1172 1213 1219 im·

675 1235 813 1282 materiales
825 1235 967 1282 substantiae
978 1245 1127 1283 aversantur.

708 1300 765 1347 Ver.
784 1301 839 1346 484.
858 1299 996 1346 Seminibus
1013 1299 1064 1347 suis
1080 1300 1213 1362 perfectam

675 1363 822 1411 soliditatem
834 1364 945 1410 attribuit
956 1363 1040 1411 multis
1051 1365 1212 1426 argumentis;

674 1443 719 1475 nec
731 1444 855 1491 repugno:
873 1439 968 1476 atvero
983 1427 1038 1476 ideo
1055 1428 1097 1476 illa
1113 1429 1213 1479 dissolvi

675 1509 724 1540 non
736 1509 807 1555 posse
825 1492 892 1540 nulla
908 1493 994 1540 suadet
1009 1493 1085 1547 ratio;
1103 1494 1213 1543 soliditas

675 1557 740 1604 enim
758 1556 878 1605 seminum
896 1557 973 1605 oritur
984 1573 1015 1605 ex
1031 1558 1145 1620 partium,
1159 1575 1212 1620 quae

674 1622 770 1696 concipi
787 1631 896 1696 possunt,
914 1633 1033 1670 contactu.
1065 1622 1122 1670 At
1115 1638 1142 1670 m
1159 1640 1210 1671 orn-

675 1686 746 1734 nibus
764 1687 884 1734 concretis
904 1688 1046 1750 corporibus
1066 1687 1137 1735 datur
1155 1705 1211 1752 par·

675 1751 735 1799 tium
746 1762 873 1800 contactus
889 1752 989 1813 aequalis
1005 1752 1115 1800 saltem
1108 1753 1156 1810 isti,
1170 1754 1211 1828 qui

674 1826 711 1864 est
733 1817 797 1864 inter
819 1827 901 1880 partes
924 1817 1052 1874 seminum,
1073 1818 1209 1865 contactui:

672 1881 774 1943 ideoque
792 1897 894 1944 corpora
910 1893 1023 1929 concreta
1041 1891 1122 1930 essent
1143 1898 1211 1945 aeque

672 1945 850 1994 indissolubilia
862 1962 889 1993 ac
906 1946 960 2009 ipsa
976 1946 1076 1994 semina.
1106 1947 1211 2009 Reliqua

672 2021 822 2073 argumenta,
832 2011 919 2072 quibus
932 2011 982 2058 suis
994 2010 1128 2058 seminibus
1139 2021 1210 2061 reter-

672 2076 774 2123 nitatem
797 2076 907 2133 adstruit,
931 2075 1018 2123 vitiosa
1042 2076 1210 2138 suppositione

671 2139 823 2194 innituntur;
848 2140 950 2187 assumit
966 2139 1030 2201 quod
1047 2141 1150 2202 probare
1167 2141 1209 2189 de-

672 2204 737 2251 buit:
758 2214 849 2251 etcum
861 2205 959 2251 demum
971 2205 1001 2251 ad
1013 2207 1133 2251 Minimum
1146 2205 1210 2266 quod

672 2278 760 2315 vocant
788 2268 986 2314 mathematicum
1013 2268 1083 2331 fugit,
1108 2285 1128 2316 v.
1153 2270 1208 2318 609.

671 2333 766 2404 magnis
784 2331 973 2388 difficultatibus,
993 2331 1076 2389 fateor,
1095 2332 1209 2381 adversa-

671 2395 720 2442 rios
732 2395 829 2458 premit,
842 2396 903 2442 sed
896 2411 949 2490 ipse
962 2411 1011 2443 non
1023 2395 1157 2445 minoribus
1173 2408 1208 2445 te-

671 2470 750 2507 netur.

704 2526 761 2572 Ver.
775 2525 829 2571 630.
849 2526 887 2572 De
906 2525 1039 2583 Heraclito,
1053 2526 1209 2600 Empedocle,

672 2591 825 2652 Anaxagora,
839 2599 863 2636 et
879 2589 940 2646 aliis,
957 2590 1092 2653 triumphos
1109 2591 1166 2654 agit,
1185 2602 1210 2640 et

671 2655 776 2711 demum,
790 2671 811 2702 v.
821 2656 875 2701 950.
893 2655 1022 2712 Universo,
1035 2655 1099 2716 quod
1112 2671 1143 2702 ex
1154 2672 1207 2703 cor-

670 2735 729 2782 pore
739 2729 764 2766 et
772 2719 841 2765 inani
851 2729 952 2775 constat,
964 2720 1126 2767 induitionem
1137 2721 1209 2783 longa

671 2783 834 2846 disputatione
847 2783 963 2841 attribuit,
977 2784 1018 2831 ubi
1032 2784 1108 2832 multa
1124 2796 1209 2833 contra

671 2848 765 2896 Stoicos
785 2848 810 2894 in
833 2848 954 2897 Universo
978 2849 1080 2896 Infinito
1101 2849 1208 2898 medium

670 2922 805 2961 statuentes
833 2913 937 2976 copiose,
966 2913 1042 2960 multa
1074 2915 1209 2962 secundum

670 2977 772 3041 Epicuri
791 2977 881 3040 placita
899 2989 996 3032 ornate;
1021 2978 1063 3025 sed
1081 2978 1124 3026 illa
1141 2979 1208 3027 falsis

669 3042 878 3106 suppositionibus
894 3043 998 3090 subnixa
1015 3054 1125 3090 coruunt.
1155 3045 1207 3091 De-

669 3107 726 3156 inde
744 3107 882 3170 Antipodas
899 3116 1009 3154 extorres
1027 3107 1084 3170 agit,
1102 3123 1162 3169 quos
1181 3109 1208 3156 in

669 3180 764 3219 veteres
775 3171 845 3219 sedes
859 3171 917 3219 olim
935 3172 1042 3219 restituit
1058 3171 1140 3219 sanior
1151 3172 1206 3234 phi-

669 3236 780 3299 losophia
792 3246 816 3283 et
833 3235 991 3299 experientia.
1022 3236 1152 3297 Utcunque
1170 3245 1206 3283 ta·

670 3317 725 3347 meu
736 3301 787 3347 suis
798 3300 948 3362 argumentis
962 3299 1116 3346 adblanditur
1127 3300 1207 3346 homi·

671 3381 729 3411 num
738 3363 914 3426 imaginationi,
925 3379 979 3424 qnae
990 3363 1015 3410 in
1027 3363 1151 3410 infinitum
1164 3363 1206 3411 de·

670 3429 727 3475 ferri
740 3441 812 3483 amat,
825 3443 869 3474 nec
882 3443 987 3489 unquam
1000 3428 1079 3490 spatio
1091 3427 1145 3476 fixit
1158 3442 1205 3476 ter-

671 3492 757 3549 minos,
770 3508 814 3539 nec
826 3492 901 3554 figere
913 3491 1017 3540 audebit.
