2872 4852
224 241 275 295 364
545 236 557 290 J
582 233 934 290 ANNOT‘ATIONES

257 370 305 417 698
323 368 356 416 Et
376 375 505 430 penetrare
523 365 585 415 mari
602 366 702 430 penitus
724 381 765 416 res
797 375 986 416 anumtraotum
997 365 1145 424 relaturos
1156 367 1188 415 ad
1199 366 1338 416 alternum.-

226 433 292 496 aafflt
303 430 400 496 aperto]
410 431 503 485 Sensus
519 439 544 478 et
560 431 619 482 ordo
635 432 765 483 verborum
798 431 863 479 Vide
875 431 954 480 Notas
967 430 1048 479 Fabri.

226 497 468 547 aicsesclrabobunt:
487 498 615 545 Fatendum
624 503 659 544 cal
666 499 766 545 animam
832 494 895 545 lbid.
915 496 1002 552 Qualis
1017 496 1083 560 apud
1100 495 1191 544 Oumas
1206 495 1276 544 locus
1291 505 1339 553 est,

227 566 270 618 lac
282 567 316 612 irc
328 570 351 616 al
362 578 441 624 eogere
451 576 489 609 rca
497 568 619 622 penetrare
636 569 723 622 aperto,
739 559 766 610 id
798 569 954 624 montemque
977 561 1102 610 Vesevnm
1124 560 1226 625 Oppleti
1252 559 1340 609 calidis

226 637 266 676 est
280 642 325 690 per
342 634 462 689 apertum,
483 640 526 674 seu
544 640 589 689 per
605 624 660 674 illas
676 625 765 674 fauces.
799 625 842 672 ubi
858 625 953 673 fumant
968 625 1076 674 fontibus
1092 625 1191 690 auctus]
1212 624 1263 674 Hic
1280 640 1341 688 vero

228 691 336 744 Omnino
348 690 415 738 enim
426 689 507 752 agitur
522 690 553 738 de
572 699 651 747 vento,
668 705 718 740 non
736 691 766 738 de
799 689 867 738 locus
883 698 927 746 est,
940 689 989 752 qui,
1006 689 1025 740 si
1043 690 1098 752 quis
1114 690 1184 749 alius,
1196 689 1264 739 viros
1280 690 1339 738 doc-

228 755 305 811 mari;
334 755 416 817 itaque
437 753 480 801 illa
506 753 682 802 emendationis
709 770 767 818 pars
799 753 1341 811 tissimosmisereetanxietamin-Totius

229 818 646 883 (animam)planenecessariuestr
670 833 715 883 per
730 835 767 868 res
800 818 952 881 antiquitatis
971 819 1111 868 testimonio
1128 827 1231 877 constat,
1247 820 1341 868 Cumas

228 893 310 933 autem
322 883 433 946 intelligo
448 882 526 946 ignes,
543 883 682 941 scintillam,
699 882 766 931 cine·
800 882 827 930 in
839 883 974 958 Campania
984 883 1104 932 coloniam
1117 884 1254 933 Euboicam
1270 899 1340 940 emar

227 963 288 1006 rern,
299 963 365 1008 saxa,
377 958 422 997 etc.
435 947 562 1010 dequibus
572 956 651 998 anteo.
666 948 767 996 Fauna.
800 947 866 1010 quod
877 947 971 1005 Livius,
984 949 1077 1006 Strabo,
1091 948 1233 1012 Dionysius,
1251 949 1339 997 Pater-

233 1016 329 1062 Omnino
345 1017 424 1076 agitur
440 1015 469 1061 dc
488 1014 565 1071 Vento,
582 1030 626 1060 non
642 1015 671 1061 de
687 1015 768 1061 Mari:
801 1011 878 1071 aulus,
889 1021 918 1069 ut
929 1028 960 1061 ne
971 1013 1031 1061 alios
1044 1012 1174 1077 appellem,
1185 1014 1342 1077 probabunt?

228 1077 302 1133 Quod
317 1078 403 1142 procul
421 1092 510 1127 avesa
528 1086 565 1126 est
580 1077 657 1125 animi
674 1076 768 1126 ratione
801 1077 862 1132 Qnae
882 1092 933 1125 una
951 1093 991 1125 res
1012 1077 1196 1136 emendationis,
1215 1093 1261 1126 seu
1279 1093 1340 1126 con-

229 1142 362 1206 rcpulsum,
390 1151 419 1191 ut
445 1151 530 1191 noster,
555 1141 597 1190 ait.
638 1141 770 1190 Geminam
799 1143 903 1203 jetturae
914 1142 990 1190 maris
1004 1141 1191 1191 lundomenoam
1206 1143 1341 1191 subatmet.

230 1222 328 1256 cansam
347 1205 455 1255 incendii
480 1206 603 1270 proponit,
625 1215 716 1255 uentum
742 1205 770 1255 in
802 1207 875 1264 Nam,
888 1207 952 1269 quod
962 1221 1039 1268 usquc
1050 1206 1130 1255 adhuc
1141 1206 1235 1256 invitus
1243 1206 1298 1265 feci,
1309 1222 1342 1255 ne

230 1271 321 1324 montis
334 1271 476 1347 ‘visceribus
494 1281 646 1346 aestuantem,
663 1281 688 1319 et
706 1287 770 1319 marc
801 1279 826 1319 te
837 1285 917 1319 morer
925 1271 1037 1335 amplius,
1046 1287 1091 1336 pro
1100 1274 1126 1320 Ia
1137 1274 1199 1320 nouo
1209 1279 1245 1320 cot
1258 1274 1343 1320 Cumas

229 1336 770 1465 9198881111.ξὲ18ῑί181
801 1337 1343 1466 titlffiitntttmmltzltffl

231 1465 296 1528 quod
307 1469 419 1528 duplicem
436 1464 555 1513 rationem
573 1464 707 1523 constituit,
728 1464 770 1523 ait,
802 1463 887 1521 bitror,
899 1464 942 1513 sed
953 1474 1046 1513 ceteras
1057 1481 1143 1514 amnes
1153 1481 1187 1514 ex-
1196 1481 1225 1514 se
1240 1481 1267 1514 se
1283 1478 1343 1530 pro·

231 1546 254 1583 ‚v-
267 1531 323 1579 694.
346 1533 466 1580 Prcctcrea
476 1545 567 1592 magna,
579 1538 624 1578 eto.
641 1538 667 1578 et
678 1545 701 1578 v.
714 1528 769 1580 708.
803 1528 1042 1593 genuisse.)-t⁴acile
1058 1530 1166 1594 putarim
1184 1545 1238 1579 osse
1256 1530 1343 1593 legen⁴

231 1596 291 1644 Sunt
310 1597 397 1656 aliquot
415 1610 501 1657 quoquc
520 1610 564 1651 rec,
586 1610 685 1655 quarum
702 1611 771 1643 unam
804 1594 869 1652 dum,
887 1596 919 1641 Ul
928 1593 996 1642 locus
1008 1603 1046 1643 est
1056 1596 1149 1644 Cumas
1158 1596 1224 1659 apud
1238 1597 1345 1643 Euboico

231 1662 418 1707 clicarecauaam.
448 1657 561 1720 Denique
573 1657 624 1706 haec
636 1658 710 1710 fidem
725 1659 769 1706 ha·
803 1660 847 1706 aul
863 1666 943 1706 maula.
967 1659 1068 1708 Fraus.
1103 1659 1208 1708 Falsum.
1244 1659 1345 1708 Primus

230 1724 366 1775 lebuntax
376 1723 416 1772 his
427 1721 557 1780 Claudiani
568 1723 598 1770 de
610 1722 701 1770 AEtna:
720 1726 771 1771 Sive
804 1723 867 1771 hanc
888 1723 1019 1771 lectionem
1042 1724 1190 1787 excogitavit
1212 1723 1344 1782 Marullus,

232 1789 293 1849 quad
308 1787 419 1850 objicibus
433 1789 564 1835 discurrens
582 1796 671 1836 ventus
688 1790 773 1848 apertio
804 1788 874 1849 cujus
883 1802 915 1835 ne
924 1787 1029 1850 vestigia
1035 1797 1154 1852 apparent
1163 1789 1190 1837 in
1200 1788 1257 1837 ullis
1268 1788 1345 1836 Mss,

236 1853 325 1913 Offensa
332 1865 375 1912 per
385 1847 512 1912 sacafuril
520 1854 603 1899 rimosa
614 1858 698 1909 meatu,
710 1853 772 1899 Dum
838 1851 886 1902 754
904 1852 1028 1915 Pervigilii
1038 1852 1123 1916 musa]
1136 1854 1211 1917 Lego,
1222 1852 1346 1916 Pervigil&

232 1923 352 1964 scrutatur
368 1919 432 1970 iter:
456 1917 628 1977 libertatemque
648 1931 773 1976 reposcens,
839 1914 887 1966 756
907 1915 1000 1979 Valeri]
1017 1919 1105 1976 Videri,
1119 1918 1223 1980 ὁρᾶσθαι,
1238 1925 1289 1966 n'on
1306 1918 1346 1966 δο·

233 1983 320 2031 Putria
335 1983 467 2043 multivagis
480 1981 605 2040 populatur
615 1982 715 2040 statilius
730 1997 773 2028 aa·
806 1981 863 2028 κεῖν.

232 2053 291 2094 tra.-
309 2045 359 2094 Seu
370 2052 436 2094 mare
447 2041 545 2106 sulfurei
552 2047 653 2093 vilicetum
666 2061 710 2106 per
726 2048 772 2093 ais-
839 2044 887 2096 757
904 2045 1175 2108 Quadrupedesquoque
1184 2062 1233 2109 qno
1241 2048 1312 2096 unul
1320 2063 1349 2095 ac

233 2127 288 2159 ocra
303 2112 392 2168 manlii,
410 2112 645 2171 Oppressicigncscil
660 2113 733 2171 aquit,
751 2117 775 2159 al
807 2108 911 2172 vestigia
929 2109 1042 2172 primum]
1066 2111 1144 2158 Recte
1166 2110 1228 2160 illud
1251 2128 1347 2174 qnoque

231 2177 419 2236 ponderalilrat.
439 2173 551 2225 Servius:
562 2173 632 2232 (AEn.
643 2174 694 2222 111.
705 2172 774 2235 571.)
808 2175 889 2222 Antea
907 2189 963 2222 nam
982 2175 1012 2223 de
1030 2175 1126 2224 Avibus
1144 2184 1247 2234 tantum,
1267 2182 1293 2224 et
1305 2177 1346 2224 ‘A-

236 2242 315 2290 amaa
323 2241 556 2291 incendiirecundum
566 2241 663 2289 AElnam
677 2240 775 2301 Virgilio
807 2238 881 2287 ornis.
912 2238 1060 2287 llludsimul
1074 2256 1103 2288 aa
1115 2243 1216 2301 primm
1232 2255 1284 2288 non
1300 2240 1349 2298 init

235 2308 335 2355 iacnt
360 2307 423 2368 *Sunt
434 2312 503 2353 terra
518 2306 658 2352 desudantes
671 2307 774 2364 sulphur,
807 2302 988 2351 sollicitandum
1006 2305 1101 2355 Fabio:
1118 2303 1166 2353 vid
1184 2321 1207 2353 v.
1225 2306 1281 2352 821.
1302 2304 1347 2352 lV.

235 2377 329 2432 uiperae
341 2376 402 2417 latras
413 2376 502 2417 tractus
518 2371 656 2430 Campania,
674 2371 716 2417 uli
731 2370 774 2416 Vc·-
808 2369 864 2415 212.
877 2367 907 2415 V.
921 2367 976 2418 287.

235 2439 314 2485 iunius
331 2441 355 2482 ct
373 2436 465 2484 Gaurus
482 2440 593 2498 mantem-3
609 2435 668 2495 quad
688 2436 777 2481 indicat
842 2431 889 2483 758
907 2432 1042 2481 Concidere
1058 2431 1123 2495 ipsa]
1143 2435 1214 2495 lpaa5
1234 2433 1251 2480 i.
1270 2448 1291 2482 e.
1304 2434 1348 2496 ju-

236 2501 291 2548 odor
307 2514 418 2560 aquarum
434 2501 563 2549 canalium
600 2499 659 2545 Item
677 2501 777 2546 amimae
808 2505 891 2544 menta.

235 2580 266 2612 eu
280 2579 350 2625 aquic¹
362 2570 529 2624 motuocntum
545 2565 628 2619 creari,
645 2578 692 2610 csse
708 2565 777 2610 eliam
842 2560 889 2613 778
900 2561 1079 2625 Asperaodarc]
1088 2562 1181 2611 Omnes
1189 2562 1263 2610 MSS.
1269 2570 1335 2611 lactu
1340 2582 1349 2617 ,-

237 2644 351 2677 concanae.
366 2635 457 2678 terrae:
481 2629 580 2675 AEtnam
596 2633 684 2675 coartat
702 2630 732 2675 ab
750 2643 778 2675 ca
809 2625 951 2674 rectissime.
969 2626 1026 2674 vide
1043 2642 1064 2675 v.
1085 2629 1154 2675 1148.
1190 2627 1276 2689 Siquid
1294 2644 1348 2677 mu·

234 2694 452 2756 partequaEurua
463 2688 678 2752 aclAsricarflant,
695 2694 778 2739 labere
811 2690 919 2748 tandum,
932 2690 1015 2738 malim
1027 2708 1101 2748 aenou,
1113 2707 1186 2754 qnam
1197 2695 1271 2740 adare.
1338 2733 1341 2736 Α

237 2759 481 2818 opaluucmctplcnus
491 2758 608 2816 sulphuris
622 2762 646 2817 ct
661 2771 731 2817 usquc
747 2758 780 2802 ad
844 2754 891 2805 790
925 2755 997 2811 Quod
1024 2755 1142 2819 permista
1167 2761 1231 2819 gerit
1262 2756 1348 2819 tellus]

238 2823 307 2868 Marc
318 2823 435 2868 deductae.
462 2822 507 2868 Hac
519 2822 631 2881 spelunca
642 2823 778 2880 recipientes
812 2820 893 2877 Forte,
904 2823 975 2881 genil-

235 2887 491 2944 ,iusefluctusacatum
503 2891 597 2938 crcaut;
618 2887 658 2946 qui
674 2887 778 2946 agitatus
844 2883 890 2935 791
906 2884 1108 2947 Nocturnumquc
1117 2900 1203 2933 recens
1212 2885 1350 2934 extinctum

235 2943 314 3011 'ignem
323 2951 402 3011 gignit
412 2964 440 2994 cc
451 2950 577 3009 sirlphurcf
593 2950 653 3009 uncle
669 2955 703 2995 cst
720 2950 779 3010 quod
810 2947 900 3006 lumen,
912 2949 955 2996 ubi
967 2946 1029 3010 acri]
1043 2950 1106 2998 Vide
1118 2960 1167 2998 not
1182 2950 1262 2998 Fabri.

235 3015 331 3069 uidetur
339 3014 473 3062 incendium
498 3013 777 3070 Hacautemuerumcasc‚
844 3014 892 3060 848
909 3015 1000 3074 Affecta
1009 3013 1102 3077 cuore]
1116 3015 1198 3070 Forte,
1212 3014 1310 3078 defecta.

239 3077 779 3139 illacomprobatratiaquiaetaliiafianlibus
845 3079 892 3125 848
920 3080 968 3126 Eat·
986 3079 1052 3142 apud
1074 3078 1217 3141 Ammonis]
1242 3080 1351 3135 Quidam

239 3145 420 3193 malirnidilcr
431 3145 545 3199 remittit,
561 3149 585 3189 cl
598 3158 641 3203 pro
656 3144 720 3191 moda
730 3144 777 3204 sla·
812 3141 886 3190 MSS.
899 3144 957 3190 Esse
964 3161 976 3197 r
993 3143 1087 3192 melius.

240 3215 304 3256 tuum
321 3211 383 3256 Euri
402 3211 438 3256 acl
455 3206 533 3271 Africi
551 3209 666 3255 interdum
678 3204 777 3268 fumum,
844 3209 891 3254 858
917 3207 1003 3255 Calido
1023 3212 1109 3256 camare
1128 3206 1220 3270 vapori]
1243 3208 1351 3263 Quidam

240 3275 356 3324 interdum
365 3272 471 3336 favillas,
483 3288 640 3334 nonnunquam
657 3276 725 3321 uomit
741 3277 777 3320 in·
811 3271 880 3320 codd.
893 3275 980 3320 camare
991 3276 1093 3334 uapore?

239 3342 327 3387 cendia.
845 3338 892 3385 865
910 3337 1041 3401 Extemplo
1052 3339 1132 3385 subtus
1145 3336 1254 3400 frigescit
1270 3336 1350 3400 terra]

275 3403 321 3455 701
341 3404 372 3451 ln
389 3417 484 3453 summo
506 3411 564 3452 sunt
582 3404 698 3466 nenligcai
717 3403 777 3451 Cra·
811 3401 861 3456 Qui
879 3401 900 3449 si
918 3406 1020 3462 supera?
1042 3417 1099 3449 nam
1117 3401 1260 3466 superficies
1278 3410 1351 3450 terrae

241 3467 318 3531 terea]
332 3468 405 3530 Lege,
418 3471 572 3517 acrticccnim
582 3475 689 3516 crateres.
811 3466 926 3528 frigescit
956 3466 997 3513 An
1008 3467 1092 3514 subter
1103 3468 1217 3515 umbrosi

275 3532 322 3582 710
339 3533 411 3587 Quod
422 3537 497 3582 concio
508 3530 585 3593 dicat]
600 3532 702 3580 Comciu'
715 3530 761 3593 leg.
848 3531 897 3579 916
912 3529 958 3579 Vis
965 3533 1068 3592 parcalci
1077 3530 1141 3593 ejus]
1156 3532 1229 3594 Lego,
1237 3535 1350 3593 percolit.

276 3595 327 3645 718-
346 3597 420 3652 Ordo,
444 3601 530 3646 Unicus
548 3600 572 3644 ia
593 3600 662 3644 larris
680 3598 780 3657 AEgypti
812 3596 918 3644 v.1058.

243 3662 313 3707 totius
323 3665 403 3718 amum,
416 3665 480 3710 Anni
491 3669 588 3721 tempore
599 3677 631 3717 co,
643 3677 687 3721 quo
698 3662 779 3706 Eteria
845 3660 892 3707 918
911 3658 993 3722 Ipsius
1004 3663 1038 3708 rei
1050 3659 1182 3722 rationem]
1195 3663 1255 3708 Reii.

237 3725 316 3783 flabra
330 3722 458 3784 seruntur.-
484 3727 535 3773 Aut
554 3727 609 3785 quia
625 3731 679 3771 aunt
697 3731 778 3772 astate
845 3725 907 3772 1005
926 3723 1094 3786 Coujuaclmfit
1104 3723 1191 3787 utque]
1205 3725 1279 3787 Lego,
1290 3740 1351 3773 con-

236 3790 367 3849 ·Aquilaner
376 3792 435 3836 ostia
444 3796 530 3837 cantra.
557 3789 649 3836 Versna
659 3789 708 3838 714
719 3803 776 3851 spu·
808 3790 903 3851 Junotu'
910 3792 947 3850 fit.
961 3805 984 3837 v.
999 3790 1068 3836 1014.

243 3851 349 3900 riurest
380 3852 475 3900 Hocrl
491 3869 550 3913 supe
567 3852 627 3900 satis
641 3851 741 3910 indicat,
754 3861 779 3900 et
846 3855 908 3900 1013
935 3852 996 3901 Haec
1019 3869 1114 3917 quaque
1137 3870 1177 3903 res
1199 3855 1352 3917 adjumento,

241 3913 403 3975 ermonario:
422 3916 477 3965 vide
488 3916 530 3965 lib.
542 3917 573 3963 V.
586 3932 608 3964 v.
621 3915 677 3967 741.
812 3927 928 3980 motuque
936 3918 1048 3981 juvatur]
1061 3920 1155 3968 Versus
1165 3919 1292 3968 delendus.

234 4027 237 4030 ,
278 3980 324 4032 747
351 3979 437 4034 Qualis
457 3981 522 4044 apud
542 3982 632 4028 Cumas
654 3980 722 4031 locus
744 3991 780 4029 est
848 3985 909 4031 1029
926 3985 1016 4031 Parcas
1032 3985 1064 4031 ad
1080 3983 1185 4047 parteis]
1205 3984 1279 4032 MSS.
1295 3992 1352 4046 pre-

244 4054 400 4107 montemque
423 4046 547 4094 Vesevum
569 4044 671 4107 Oppleti
696 4045 780 4094 calidis
812 4051 1062 4108 aaa,praaas,primos.
1093 4048 1352 4111 Beneoifaniusmn'-

239 4112 287 4161 ubi
302 4111 398 4159 fumant
413 4108 521 4158 lontibus
537 4108 636 4172 anctus]
655 4110 728 4172 Lege,
750 4113 781 4158 Ul
812 4129 867 4161 aaa:
885 4111 924 4160 vel
934 4114 1029 4172 primas,
1041 4111 1097 4160 vide
1108 4113 1150 4161 lib.
1164 4114 1209 4162 1v.
1222 4128 1244 4161 v.
1258 4115 1314 4162 939.

246 4179 323 4226 umas
344 4183 379 4224 cst
401 4177 484 4223 Cumas
510 4176 588 4235 apudr
617 4177 667 4222 acri
694 4172 780 4236 sulfura
848 4176 910 4224 1062
928 4177 1045 4237 Magnccii
1057 4181 1143 4226 semina
1159 4176 1225 4240 saxi]
1244 4178 1355 4234 Quidam

240 4249 330 4294 montes
340 4243 432 4303 Oppleti
441 4241 524 4288 calidis
532 4242 571 4286 uli
572 4237 669 4300 sumant
675 4237 780 4300 sontibus
813 4240 881 4289 codd
906 4241 1028 4301 Magnesia
1045 4243 1145 4300 flumina
1164 4247 1223 4291 rari.
1263 4243 1305 4292 Sic
1329 4261 1353 4293 v.

245 4311 327 4363 aucti„
338 4307 400 4361 Quae
408 4314 531 4370 postrema
542 4304 573 4351 ad
582 4304 673 4352 Cumas
685 4312 710 4351 et
722 4303 778 4352 Bai·
816 4307 885 4353 1051.
901 4307 992 4364 fluctu,¹
1021 4303 1147 4368 ἀπόρροιαι,
1176 4311 1271 4367 effluaia
1319 4309 1355 4366 Et
