2872 4852
425 222 597 289 LIBER
627 222 884 287 TERTIUS.
1148 225 1204 288 141

189 382 317 456 Quarta
332 402 462 465 quoque
477 379 528 443 his
544 380 643 464 igitur
657 380 807 462 quaedem
822 389 938 443 natura
953 400 1089 444 necesse
1104 379 1144 443 ’st

189 485 401 549 Attribuatur
416 483 467 566 (ee
482 484 522 546 'st
536 483 665 546 omnino
681 483 817 546 nominis
829 482 983 568 'expers):

190 588 266 662 Qua
281 608 387 671 neque
403 583 552 649 mobilius
568 585 751 669 quicquam,
768 607 873 669 neque
889 585 1018 649 tenuius
1035 595 1137 662 extat,

126 703 173 749 245
188 690 262 754 Nec
278 689 379 773 magis
395 710 414 752 e
429 688 549 772 parvis,
565 696 623 750 aut
637 686 772 751 laevibus
787 709 830 751 ex
844 686 1030 765 elementis;

168 837 169 840 κ
190 791 372 857 Sensiferos
388 802 494 854 motus
509 791 565 874 qui
579 790 663 855 didit
678 791 782 874 prima
795 812 855 875 per
869 801 971 855 artus.

189 894 299 958 Prima
314 894 418 957 cietur
432 893 517 956 enirn
531 893 640 976 parvis
654 891 801 976 perfecta
816 891 943 978 figuris,

190 997 271 1062 Inde
287 994 386 1059 Calor
398 1006 517 1072 motus,
534 1002 568 1058 et
582 994 683 1059 Venti
698 1017 784 1058 caeca
798 1005 945 1079 potestas

189 1099 339 1184 Accipit3
363 1099 439 1162 inde
455 1096 546 1174 Αὲη
569 1098 645 1162 inde
661 1098 767 1161 omnia
782 1096 1021 1160 mobilitantur:

125 1213 172 1259 250
190 1202 278 1267 Tum
293 1201 438 1284 quatitur
454 1199 597 1282 sanguis,
613 1208 682 1263 tum
697 1199 820 1264 viscera
834 1199 1076 1283 persentiscunt

189 1303 326 1380 Omnia,
350 1312 515 1385 postremo
531 1300 628 1363 datur
642 1301 783 1378 ossibus,
800 1312 898 1384 atque
913 1300 1062 1365 medullis

191 1404 266 1468 Sive
282 1402 432 1486 voluptas
448 1411 509 1479 est,
526 1402 592 1465 sive
608 1402 649 1464 'st
664 1404 844 1466 contrarius
860 1403 968 1467 ardor.

232 1505 308 1568 Nec
327 1514 448 1568 temere
467 1502 531 1567 huc
548 1502 640 1567 dolor
659 1526 763 1588 usque
778 1515 888 1589 potest
903 1515 1086 1589 penetrare,
1103 1529 1210 1590 neque

191 1608 388 1671 Permanere
403 1605 532 1680 malum,
548 1606 626 1689 quin
642 1605 748 1669 omnia
762 1608 1016 1691 perturbentur3
1121 1607 1210 1692 [ecre

126 1719 172 1769 255
192 1710 307 1794 Usque
322 1710 405 1774 adeo
420 1719 457 1774 ut
471 1709 545 1772 vitae
560 1708 645 1773 desit
659 1707 761 1796 locus,
778 1720 876 1794 atque
892 1709 1023 1774 Animal

188 1812 373 1896 Diffugient
388 1821 499 1896 partes
515 1833 575 1894 per
589 1809 699 1875 caulas
713 1811 869 1895 Corporis
885 1814 1018 1877 omneis.

188 1916 255 1980 Sed
270 1913 460 1999 plerumque
475 1913 514 1978 fit
528 1915 562 1977 in
578 1937 701 1978 summo
716 1916 810 1999 quasi
825 1937 962 1999 corpore
976 1915 1051 1979 finis

188 2016 349 2095 Motibus
365 2017 450 2081 hane
466 2016 509 2080 ob
525 2037 593 2079 rem
608 2017 707 2080 vitam
721 2017 862 2080 retinere
878 2014 1031 2082 valemus.

229 2120 341 2196 Nunc,
356 2141 397 2183 ea
411 2140 477 2204 quo
494 2129 590 2202 pecto
606 2119 691 2182 inter
708 2139 779 2181 sese
795 2118 899 2195 mista,
917 2119 1102 2203 quibusque

123 2234 171 2281 260
186 2222 324 2306 Compta
340 2221 444 2285 modis
460 2220 602 2304 vigeant,
619 2220 778 2283 rationem
793 2220 933 2283 reddere
949 2230 1097 2283 aventem

101 2431 185 2477 Faber.
214 2429 252 2477 lta
261 2429 368 2477 seribere
378 2429 490 2477 debuisse
500 2427 641 2476 Lucretium
673 2428 728 2504 ipso
739 2428 901 2487 contineatur,
914 2437 966 2478 tum
977 2427 1025 2492 ipsi
1037 2443 1110 2476 eausa
1126 2427 1213 2476 salutis

101 2493 167 2541 dicat
177 2493 268 2542 Faber:
286 2494 321 2541 ita
333 2492 460 2557 scripsisse
469 2493 570 2540 minime
582 2508 639 2540 eon·
674 2504 713 2542 stt
742 2493 862 2542 Omnibus
874 2509 992 2542 veronen
1005 2492 1089 2541 eadem
1103 2493 1172 2555 regio
1186 2502 1212 2541 et

101 2559 175 2614 cedo;
198 2560 231 2607 Et
247 2556 369 2620 sensiferos
385 2566 465 2616 motus,
482 2560 585 2620 quedam
602 2561 642 2620 qui
673 2558 757 2606 sedes:
781 2574 838 2622 pars
855 2558 898 2606 illa
915 2574 970 2622 quoe
988 2558 1093 2607 Animus
1110 2557 1211 2621 proprie

101 2630 174 2672 mente
185 2626 293 2682 volutent,
307 2623 403 2685 Aliquis
413 2639 463 2670 non
475 2623 556 2670 miuus
567 2621 640 2670 intel·
673 2623 770 2681 dicitur,
782 2623 885 2672 interius
897 2633 922 2672 et
933 2623 1006 2672 altius
1017 2623 1071 2682 situ,
1086 2631 1122 2672 est
1134 2622 1210 2670 veluti

101 2687 161 2750 ligat
181 2704 260 2751 quam,
281 2691 359 2736 Motus
379 2692 435 2736 istor
454 2686 581 2750 sensiferos,
599 2691 639 2750 qui
672 2688 747 2736 totius
759 2688 856 2736 Animae
868 2688 1069 2744 fundamentum
1087 2692 1155 2735 Aura
1167 2703 1209 2736 ve·

101 2757 235 2816 cogitationi
244 2756 377 2802 inserviunt.
395 2752 447 2800 Alii
456 2761 537 2800 tamen
546 2753 638 2816 legunt,
671 2768 706 2810 ro,
716 2753 796 2810 Calor,
807 2762 832 2801 et
841 2755 898 2811 Ae'r,
909 2753 943 2802 ite
953 2753 1019 2802 iuter
1030 2769 1057 2802 se
1068 2752 1209 2811 miscentur,

102 2817 226 2881 Senuferos
246 2827 325 2877 motus,
343 2817 386 2881 qui
406 2817 466 2866 dant
485 2833 539 2880 quae
557 2826 639 2866 mente
672 2827 700 2866 ut
710 2833 792 2877 unam,
802 2833 847 2883 pro
856 2818 952 2868 diversa
961 2818 1103 2867 animalium
1115 2827 1210 2874 nutura,

102 2882 203 2932 volutes.
672 2883 1005 2948 substantiamcomponant:
1029 2884 1064 2931 sic
1081 2883 1154 2941 calor,
1171 2897 1210 2930 sa·

135 2949 189 2995 246.
206 2948 289 3011 Didii]
301 2951 400 2996 Dividit.
414 2947 454 2995 Sic
465 2947 537 3006 infra,
547 2963 569 2995 v.
582 2946 637 3004 271,
671 2964 723 3011 por,
739 2949 806 3006 odor,
824 2949 850 2996 in
869 2949 977 3011 quolibet
994 2949 1087 2997 viscere
1104 2948 1208 2996 miscen-

103 3012 269 3065 timonis
285 3016 328 3061 iiio
342 3015 390 3071 Vis,
408 3017 500 3062 initium
518 3021 590 3061 motus
609 3016 638 3061 ab
672 3023 724 3068 tur;
742 3029 791 3061 non
804 3023 885 3062 tarneu
897 3014 1000 3072 diversa,
1012 3015 1055 3062 sed
1067 3028 1142 3061 unum
1155 3023 1209 3061 tan·

101 3094 125 3125 se
136 3095 186 3139 quae
197 3077 285 3126 dividit
296 3081 353 3126 ollis.
672 3087 723 3126 tum
735 3093 823 3142 corpus
835 3079 994 3127 constituunt

135 3145 188 3190 250.
211 3145 266 3190 Tum
281 3146 386 3206 quatitur
402 3141 510 3205 sanguis]
531 3141 571 3190 lta
585 3158 638 3190 reo·
705 3143 760 3191 260.
780 3143 887 3206 Comptu]
899 3146 993 3201 Iuncta,
1005 3142 1063 3191 alii:
1082 3142 1143 3190 nihil
1154 3158 1208 3190 mu-

104 3206 159 3264 tius,
177 3217 202 3255 et
219 3208 345 3256 sonantius
364 3207 506 3265 Lambinus,
524 3208 582 3255 dum
598 3207 640 3255 alii
673 3216 709 3256 tat
726 3209 873 3264 Lambinus
897 3208 932 3256 sic
950 3208 991 3256 lib.
1011 3209 1055 3255 IV.
1073 3223 1095 3254 v.
1113 3208 1151 3254 31.
1176 3210 1210 3254 Et

103 3271 219 3330 scribunt,
231 3276 360 3320 concutitur
371 3280 418 3320 tum
429 3276 530 3335 sanguis.
673 3276 754 3333 quibus
771 3289 783 3321 e
799 3277 866 3320 rebus
883 3290 933 3319 oum
948 3275 1045 3333 Corpore
1060 3280 1157 3334 compta
1173 3275 1208 3318 oi-

134 3338 189 3384 252.
213 3340 347 3385 Contrarias
369 3336 452 3398 ordor]
476 3335 582 3390 Quidam
604 3336 639 3383 le·
671 3345 744 3398 geret.
781 3337 861 3384 Faber
883 3346 964 3384 tamen
987 3335 1054 3398 legit,
1077 3338 1144 3396 etpta
1165 3351 1210 3384 seu

100 3410 170 3464 gunt,
182 3405 310 3449 contrarius
325 3418 407 3464 oegror,
425 3416 468 3448 seu
485 3417 572 3463 ongum
596 3400 640 3448 sed
672 3409 770 3461 coepta,-
785 3401 849 3448 ratio
858 3400 924 3448 enim
933 3400 1085 3456 vociferatur,
1098 3415 1127 3447 eo
1139 3416 1209 3449 voca-

101 3465 164 3513 nihil
176 3473 272 3512 mutant
281 3465 435 3528 interpretes,
448 3480 502 3512 cum
515 3465 580 3527 apud
592 3465 638 3512 Ca·
672 3464 729 3512 bulo
748 3481 809 3528 opus
829 3480 890 3523 esse,
908 3464 948 3513 cui
970 3464 1102 3512 convenire
1124 3465 1211 3528 possit,

101 3530 190 3578 tullum
206 3533 276 3578 ardor
292 3529 324 3577 sit
340 3533 410 3587 dolor,
431 3531 503 3577 Credo
520 3537 547 3576 ut
560 3533 641 3593 grans
672 3533 734 3576 inter
744 3546 792 3578 rere
803 3533 878 3588 muto,
891 3530 955 3592 quod
966 3530 1012 3578 viz.
1022 3529 1210 3592 colligationem,

100 3599 232 3658 acquiescat
243 3594 329 3642 ardor:
347 3594 406 3643 licet
416 3593 471 3642 voci
482 3592 523 3642 isti
536 3594 640 3656 nequius
672 3610 771 3652 nexum,
781 3604 806 3642 et
817 3594 942 3642 vinculum
954 3595 1051 3658 aliquod
1062 3604 1137 3643 notet.
1165 3599 1208 3645 Co-

101 3660 194 3723 aliquid
205 3661 305 3709 subesse
316 3659 419 3708 Vossius
430 3659 560 3707 existimet.
673 3667 741 3721 aptus
757 3668 839 3708 eutem
856 3676 899 3708 seu
915 3664 993 3722 coptus
1009 3660 1074 3707 idem
1091 3671 1128 3708 est
1146 3663 1211 3724 quod

135 3728 190 3775 259.
208 3728 284 3784 Nunc,
293 3743 321 3774 ea
330 3743 372 3788 quo
380 3733 454 3787 pecto,
465 3725 522 3788 eto]
534 3724 640 3772 Difficile
672 3724 730 3773 alibi
742 3725 806 3773 dixit
820 3729 897 3773 uniter
913 3733 997 3787 (spitus,¹
1020 3725 1091 3783 inim,
1111 3742 1133 3774 v.
1154 3730 1209 3775 851.

101 3807 163 3855 opus
172 3793 222 3853 Jam
235 3791 375 3854 aggreditur
392 3791 473 3848 Potiu,
491 3800 516 3838 et
534 3790 574 3838 cui
594 3805 640 3854 pro
675 3793 763 3842 Quibus
778 3809 790 3838 e
806 3807 882 3839 eumue
900 3794 976 3839 uniter
994 3794 1051 3852 apti.
1085 3790 1163 3840 Vides
1179 3809 1211 3840 ex

102 3855 221 3919 dignitate
233 3872 277 3904 sua
287 3856 437 3919 perficiendo
452 3855 540 3904 Latine
556 3855 640 3918 lingua
673 3859 722 3904 iilis
732 3859 783 3918 apti
791 3873 875 3914 sumus,
887 3855 951 3918 quod
962 3855 1002 3904 hie
1013 3855 1086 3904 unies
1096 3872 1155 3905 voce
1166 3873 1208 3905 ex-

100 3937 151 3968 non
161 3922 302 3986 suppeditat
311 3937 382 3970 voces
391 3936 510 3984 congruas
522 3929 547 3968 et
558 3930 641 3985 aptam
673 3921 769 3984 pressit,
782 3921 996 3983 coaptumdicens3
1020 3921 1080 3968 item
1097 3921 1168 3980 inira,
1187 3939 1210 3970 v.

101 3986 183 4050 pergit
194 3997 283 4043 tamen,
302 3996 334 4044 et,
352 4003 374 4034 v.
393 3988 430 4033 30.
450 3986 521 4034 docet
537 3995 641 4047 quatuor
666 3989 728 4043 ¹857,
748 3988 802 4035 85⁸.
839 3990 884 4039 Qui
902 3994 969 4044 ooetu,
987 3986 1136 4048 conjugioque
1155 3989 1211 4034 Cor·

102 4051 215 4109 istest-es,
224 4051 344 4110 Calorem,
353 4051 454 4108 Aurum,
462 4053 559 4108 Αὲιιιιῐι,
568 4065 638 4112 quar·
670 4055 742 4112 poris,
765 4060 833 4114 atque
856 4055 946 4099 Anime
969 4054 1110 4099 remittimus
1130 4051 1214 4098 uniter

101 4124 201 4177 tamque
212 4116 390 4164 innominatam
401 4131 454 4164 rem
465 4115 530 4163 inter
541 4131 567 4163 se
584 4130 640 4178 per·
674 4115 732 4179 epti.
760 4116 833 4164 Adde
844 4113 909 4179 quod
918 4116 944 4164 in
956 4116 997 4163 lib.
1014 4115 1059 4163 IV.
1079 4124 1116 4162 est
1136 4115 1211 4170 locus,

103 4181 165 4228 fecte
177 4181 281 4238 misceri,
294 4191 322 4229 ut
333 4181 390 4229 inde
407 4181 450 4228 fiat
466 4196 515 4229 una
532 4180 642 4242 quaedam
675 4180 716 4243 qui
736 4181 806 4229 facile
829 4191 853 4229 et
872 4178 938 4243 πόσῃ
960 4177 1052 4242 ἀνάγκῃ
1074 4179 1162 4241 probet
1183 4177 1218 4225 rb.

103 4260 180 4306 eaque
202 4246 345 4294 tenuissima
362 4245 505 4303 substantia,
525 4261 579 4308 quae
598 4260 642 4308 per
675 4255 774 4308 comptos
788 4246 902 4295 vitiosum
914 4260 975 4293 esse.
1009 4243 1071 4297 Quis
1085 4242 1151 4290 enim
1163 4242 1211 4289 La-

104 4320 183 4358 totum
207 4312 302 4373 Corpus
325 4310 446 4359 Animulis
465 4310 519 4359 fuse
539 4320 590 4359 tum
612 4311 642 4358 ab
676 4310 727 4359 tine
739 4311 836 4369 dixerit,
848 4313 933 4359 Anima
946 4317 981 4358 ert
995 4315 1083 4369 compta
1099 4323 1149 4354 cum
1162 4324 1211 4356 cor·
