2872 4852
222 266 283 331 110
601 261 651 331 Τ..
670 260 942 328 LUCRETII

347 421 525 495 Praeterea,
542 419 687 501 quamvis
704 417 911 483 Anirnantem
925 421 1081 502 grandior
1096 422 1193 500 ictus,

305 524 413 597 Quam
429 523 552 606 patitur
568 531 695 598 natura,
713 532 847 606 repente
863 522 1001 608 adfligit,
1017 534 1051 588 et
1066 525 1188 589 omneis

240 639 286 685 945
304 625 472 709 Corporis,
489 633 586 707 atque
603 625 699 687 animi
713 625 821 708 pergit
836 623 1037 689 confundere
1053 625 1188 690 Sensus.

305 727 539 792 Dissolvuntur
554 727 637 790 enim
653 727 809 810 positurae
825 726 1074 810 Principiorum,

307 831 354 895 Et
368 831 498 914 penitus
514 840 621 893 motus
637 828 750 893 vitales
766 829 999 914 impediuntur,

306 934 423 997 Donec
439 932 597 996 Materies
613 954 724 996 omnes
741 954 899 997 concussa
914 954 974 1016 per
990 943 1081 996 artus

299 1034 445 1100 ,Vitaleis
462 1033 590 1098 Animae
606 1036 710 1099 nodos
726 1057 744 1099 e
759 1058 896 1119 corpore
913 1034 1018 1111 solvit,

241 1152 289 1200 950
304 1138 562 1221 Dispersamque
577 1136 665 1201 foras
680 1160 741 1221 per
756 1137 865 1203 caulas
882 1139 968 1223 ejicit
983 1139 1116 1206 omneis.
1173 1190 1175 1195 ⁴

304 1241 391 1304 Nam
408 1240 487 1324 quid
501 1250 661 1323 praeterea
673 1239 781 1305 facere
797 1242 896 1304 ictum
911 1263 1009 1325 posse
1024 1263 1154 1306 reamur

305 1343 474 1419 Oblatum,
490 1342 551 1406 nisi
566 1343 741 1420 discutere,
757 1365 796 1406 ao
811 1342 989 1408 dissolvere
1005 1346 1166 1429 quaequel

349 1445 403 1508 Fit
417 1467 559 1528 quoque,
574 1446 623 1508 uti
638 1444 762 1509 soleant
777 1446 882 1509 minus
897 1445 1006 1510 oblato
1021 1447 1140 1510 acriter
1153 1447 1221 1512 ictu

304 1546 467 1631 Reliquiae
482 1558 588 1610 motus
604 1547 708 1610 vitalis
724 1548 851 1612 vincere
869 1571 967 1632 saepe,

241 1661 289 1708 955
309 1650 462 1726 Vincere,
480 1659 513 1713 et
527 1650 688 1732 ingenteis
702 1647 808 1734 plagae
824 1651 940 1714 sedare
954 1648 1124 1728 tumultus,
1174 1650 1178 1655 ’

305 1753 409 1836 Inque
426 1775 503 1815 suos
519 1752 674 1835 quicquid
691 1774 803 1816 rursus
816 1774 969 1817 revocare
983 1764 1120 1830 meatus,

304 1854 351 1918 Et
366 1855 458 1938 quasi
471 1855 539 1938 jam
554 1853 635 1918 lethi
650 1855 869 1918 dominantem
883 1855 916 1918 in
931 1876 1068 1939 corpore
1083 1866 1206 1920 motum
1301 1882 1305 1919 ;

305 1958 492 2033 Discntere‚
507 1979 546 2020 ac
561 1978 660 2040 poene
674 1958 809 2021 amissos
824 1958 1003 2021 accendere
1020 1957 1155 2023 Sensus.

309 2061 408 2138 Nam,
425 2082 525 2144 quare
542 2061 651 2144 potins
665 2058 746 2123 lethi
756 2061 823 2144 jam
838 2059 945 2125 limine
960 2061 1002 2125 ab
1017 2061 1090 2143 ipso

244 2176 292 2223 960
315 2161 371 2227 Ad
386 2164 482 2226 vitam
497 2163 624 2246 possint
640 2161 787 2226 conlecta
801 2174 909 2227 mente
925 2163 1054 2240 reverti,

307 2266 416 2339 Quam
432 2289 498 2350 quo
513 2266 687 2330 decursum
702 2287 806 2349 prope
817 2267 885 2350 jam
901 2266 973 2343 siet,
989 2266 1047 2342 ire,
1063 2275 1098 2330 et
1113 2266 1226 2330 abire!

351 2369 528 2447 Praeterca,
545 2368 697 2453 quoniam
713 2367 806 2432 dolor
821 2377 872 2432 est
887 2369 944 2432 ubi
960 2367 1114 2432 Materiai

217 2620 283 2665 poene
292 2606 385 2650 omissos
392 2602 524 2651 accendere
532 2605 616 2651 Sensus
622 2621 632 2658 ‚-
647 2602 694 2651 etl.
704 2602 755 2650 111.
790 2612 868 2661 munt,
886 2602 973 2651 merito
990 2602 1105 2651 dubium:
1124 2610 1175 2650 tota
1190 2609 1274 2651 autem
1291 2600 1333 2650 in·

218 2683 335 2716 accensus
346 2670 410 2715 nobis
419 2684 462 2728 per
473 2671 561 2716 curere
572 2684 658 2716 amsus.
790 2668 882 2730 tegrior
893 2668 956 2716 foret
964 2668 1094 2725 sententia,
1104 2667 1126 2716 si
1135 2667 1266 2716 reducatur
1274 2683 1335 2716 ver·

244 2731 757 2794 949.Praetereaquamvs'sdm'mautem,eto]
791 2748 833 2780 sus
859 2734 928 2781 1009.
974 2735 1037 2782 Neve
1057 2740 1125 2794 putea
1146 2741 1240 2790 amna,
1263 2731 1335 2796 (lego

217 2797 289 2860 Opus
298 2795 460 2859 prosequitur,
466 2806 491 2844 et
500 2811 591 2854 rursus,
602 2813 624 2845 v.
638 2799 674 2844 10.
685 2797 758 2844 fidem
791 2795 902 2859 interna)
919 2812 969 2846 una
984 2813 1039 2845 cum
1057 2797 1152 2846 duobus
1171 2796 1336 2860 sequentibus

220 2859 379 2925 experientia
390 2860 512 2924 implorat,
524 2861 615 2924 qnippe
626 2863 759 2910 vehemens
792 2859 865 2926 (quos
873 2862 900 2911 in
908 2862 962 2920 isto,
974 2862 1000 2910 in
1008 2878 1056 2925 quo
1068 2877 1133 2910 nune
1144 2863 1266 2926 leguntur,
1275 2861 1334 2911 loeo

217 2926 288 2983 ictus,
300 2925 342 2988 qui
354 2924 389 2972 nil
400 2925 466 2973 aliud
478 2926 536 2988 agit,
548 2941 621 2988 quam
632 2935 660 2974 nt
676 2925 755 2974 solvat
787 2927 849 2974 nihil
860 2942 933 2990 agere
944 2927 1127 2989 demonstrabo)
1139 2937 1165 2976 et
1175 2927 1258 2976 versui
1269 2927 1330 2977 908.

216 2999 339 3039 texturam
351 2998 376 3037 et
385 3005 514 3054 compages
523 2991 729 3053 corpusculorum,
740 3006 754 3039 e
786 2993 961 3055 subiungatur:
979 2992 1020 3040 hie
1032 2992 1098 3040 enim
1109 2991 1204 3056 positus
1216 2992 1330 3041 Lucretii

216 3055 304 3119 quibus
321 3064 416 3103 constat
430 3053 528 3114 animal,
542 3071 639 3104 omnem
656 3070 755 3104 sensurn
787 3067 895 3105 mentem
912 3057 1052 3121 explicabit,
1071 3066 1097 3105 et
1114 3057 1164 3106 vim
1183 3056 1332 3119 objectionis

203 3121 315 3186 ,penitus
326 3119 437 3178 destruit,
450 3129 529 3185 torpet
542 3120 639 3178 animal,
651 3119 755 3184 dissipa·
786 3121 891 3185 franget,
898 3133 983 3170 contra
992 3138 1064 3185 quam
1074 3137 1124 3171 non
1132 3121 1192 3171 satis
1200 3121 1332 3186 provisum

218 3195 258 3234 tur
269 3185 357 3243 anima,
371 3195 395 3233 et
405 3185 533 3249 particulis
544 3185 611 3234 illius
621 3201 667 3250 per
682 3201 756 3249 poros
788 3186 899 3235 videtur:
917 3187 1008 3251 qnippe
1020 3187 1108 3250 aliquis
1119 3186 1191 3244 dicat,
1203 3186 1225 3235 si
1236 3187 1268 3236 ab
1276 3186 1332 3236 ictu

216 3260 243 3301 et
253 3260 372 3300 meatuse
383 3267 485 3316 corpore
496 3251 586 3314 eJectis,
598 3250 756 3314 consequitur
787 3252 869 3300 minue
881 3252 1020 3300 vehementi
1032 3253 1120 3301 animae
1136 3251 1263 3316 particulas
1275 3251 1331 3301 din-

216 3316 350 3365 interritus.
784 3319 954 3381 jungerentur,
972 3333 1096 3380 nunquam
1112 3317 1202 3365 iterum
1216 3315 1331 3393 recolligi

251 3383 306 3431 949.
319 3385 342 3430 Ε
353 3381 457 3444 corpore]
466 3380 516 3430 Alii
527 3382 620 3446 legunt,
630 3398 753 3444 aeorpore:
787 3383 890 3447 possint,
908 3382 951 3431 sed
963 3382 1080 3458 dispersa
1091 3382 1224 3440 avolarent,
1236 3390 1262 3430 et
1273 3396 1332 3431 ent·

217 3445 266 3503 alii,
279 3450 413 3509 incorpore.
786 3448 837 3496 mal
856 3448 981 3503 interiret;
1007 3448 1111 3510 ideoque
1130 3447 1194 3496 ictus
1210 3447 1265 3505 iste,
1284 3447 1331 3510 qui

250 3511 304 3559 950.
319 3511 419 3574 Cantas]
438 3512 494 3560 Vox
511 3512 665 3570 Lucretiana,
682 3528 755 3576 poros
787 3529 885 3562 sensum
903 3511 1067 3576 interrumpit,
1084 3511 1176 3574 aliquid
1191 3510 1258 3560 aliud
1272 3527 1330 3560 om-

217 3589 261 3622 seu
271 3584 365 3622 meatus
374 3576 483 3640 corporis
494 3577 647 3639 significans:
665 3577 700 3625 sic
712 3576 753 3626 lib.
787 3577 847 3626 nino
868 3578 926 3641 agit,
946 3593 1019 3640 quarn
1037 3588 1065 3625 ut
1084 3576 1217 3641 particulas
1237 3575 1331 3626 animae

219 3639 269 3686 111.
284 3655 305 3687 v.
320 3641 374 3687 tto.
386 3640 427 3688 lib.
441 3640 486 3688 Vl.
501 3657 523 3689 v.
535 3643 590 3689 491.
603 3650 629 3689 et
640 3641 704 3689 alibi.
786 3642 910 3701 discutiat,
921 3653 948 3690 et
956 3641 1086 3706 disiungat.
1100 3643 1174 3706 Resp
1188 3640 1330 3702 Lueretius,

249 3705 304 3752 953.
319 3703 361 3751 Fa
371 3721 465 3767 qaoque,
478 3709 515 3752 ati
526 3709 620 3763 soleant,
632 3705 689 3768 eto]
702 3707 753 3754 De·
787 3707 845 3755 licet
854 3706 992 3763 sesamino,
1002 3722 1056 3769 quae
1067 3707 1093 3755 in
1104 3722 1187 3756 rerum
1195 3706 1331 3770 superficie

215 3768 293 3817 clarat
304 3768 378 3816 etiam
389 3765 575 3831 consequenter,
587 3786 609 3818 v.
623 3772 645 3818 9.
658 3771 680 3819 si
692 3771 755 3819 ictus
787 3771 836 3820 sita
841 3781 905 3830 sunt,
915 3771 1024 3834 quolibet
1029 3771 1080 3821 ictu
1086 3771 1208 3834 disjuncta
1214 3771 1330 3831 avolent3

215 3833 291 3882 fuerit
306 3833 388 3896 paullo
403 3833 534 3891 remissior,
551 3850 623 3897 posse
639 3844 696 3898 post
706 3835 751 3883 ali-
784 3835 826 3884 illa
835 3845 925 3894 umen,
935 3853 989 3898 quae
997 3836 1023 3884 in
1035 3836 1129 3885 intimis
1137 3835 1247 3912 eorporis
1255 3837 1331 3888 venie

216 3898 357 3962 quantulam
380 3899 578 3962 corpusculorum
601 3899 751 3948 exturbatio-
785 3901 949 3960 eontinentur,
960 3917 1010 3950 non
1023 3910 1071 3950 tam
1083 3901 1154 3952 facile
1163 3901 1287 3965 dissipari.
1405 3910 1406 3914 ’

215 3979 272 4012 aem
279 3972 358 4011 status
365 3962 544 4011 restitutionem
554 3963 615 4022 fieri,
623 3963 693 4026 quasi
702 3964 751 4013 dis·
817 3966 873 4014 900.
892 3969 998 4016 coaucta
1014 3966 1101 4030 mente]
1121 3966 1238 4030 Goajeeta,
1255 3965 1330 4019 uisn-

215 4027 337 4094 positione
359 4027 390 4076 ad
407 4036 488 4076 motus
509 4026 595 4076 vitales
612 4028 753 4078 dominante
786 4029 842 4080 nius
853 4040 879 4079 et
890 4029 945 4080 alii:
962 4031 1084 4095 imperite.

216 4094 303 4152 adhuc,
319 4106 398 4155 neque
410 4091 510 4140 omnino
521 4092 642 4150 resoluta;
661 4093 696 4142 sic
713 4110 753 4142 so·
819 4097 874 4145 962.
898 4096 1024 4156 Preterea,
1047 4100 1152 4159 quoniam
1174 4097 1245 4154 dolor,
1265 4098 1328 4165 eta]

215 4159 262 4271 piri
280 4157 418 4207 excitantur
435 4172 528 4214 sensus,
548 4158 578 4205 ab
596 4157 650 4234 ipso
668 4159 754 4208 mortis
787 4160 892 4219 Deinde,
904 4178 927 4209 v.
941 4163 978 4209 10.
989 4163 1077 4226 probat
1087 4161 1181 4210 semina
1190 4160 1331 4226 voluptati·

224 4223 301 4272 imine
326 4223 397 4281 redit,
426 4231 451 4270 et
478 4222 625 4271 convalescit
653 4223 750 4272 animal.
784 4235 809 4274 et
820 4225 917 4283 doloris,
930 4237 1002 4288 atque
1018 4226 1075 4274 ideo
1085 4225 1165 4275 omnis
1179 4240 1267 4275 sensus
1277 4242 1329 4278 ex·

217 4289 279 4338 Haec
301 4288 390 4346 omnia,
413 4287 497 4346 fateor,
518 4287 594 4338 voluit
614 4288 751 4348 Lucretius,
783 4291 877 4354 pertiar
895 4290 986 4354 quippe
1002 4290 1071 4340 dolor
1087 4291 1166 4340 oritur
1181 4305 1214 4340 ex
1229 4290 1329 4355 prioci-

213 4353 258 4401 sed
271 4368 301 4401 an
313 4353 338 4401 hi
352 4368 436 4402 versus
446 4354 498 4401 haec
507 4353 588 4402 omnia
599 4353 659 4402 satis
668 4353 750 4418 expri·
784 4355 880 4419 piorum
900 4356 1071 4405 exturbatione
1087 4356 1118 4404 eb
1133 4371 1171 4414 eo,
1187 4370 1237 4418 quo
1256 4368 1330 4422 mut,
