2872 4852
489 228 660 294 LIBER
691 227 911 294 PRIMUS.

232 383 399 449 Distinctu
416 385 465 463 ’st,
483 387 634 469 quoniam
650 407 710 450 neo
726 384 864 450 Plenum
879 387 1004 451 naviter
1018 397 1127 466 extat3

230 485 305 551 Nec
320 509 418 570 porro
430 486 602 553 ¹Vacuum:
627 500 703 553 sunt
716 510 796 573 ergo
812 511 951 573 corpora
966 511 1062 566 casca,

230 589 315 662 Quae
331 590 480 674 Spatium
496 590 600 655 Pleno
614 593 741 675 possint
756 591 958 676 distinguere
973 591 1084 657 Inane.

272 692 356 757 Haec
371 715 478 777 neque
494 693 626 757 dissolvi
640 692 745 777 plagis
760 695 962 758 extrinsecus
976 695 1041 758 icta

163 807 211 854 aaa
229 794 391 873 Possunt3
415 818 475 860 nec
490 817 589 880 porro
604 797 734 880 penitus
749 807 920 880 penetrata
934 797 1057 873 retexi3

228 897 302 962 Nec
318 899 442 962 ratione
457 910 582 983 queunt
596 898 658 963 alia
672 909 797 963 tentata
811 898 936 964 labare:

227 999 268 1063 Id
283 1002 372 1084 quod
383 1001 451 1085 jam
468 1024 587 1085 supera
602 1002 662 1065 tibi
677 1000 787 1084 paullo
803 1002 1003 1066 ostendimus
1019 1011 1110 1065 ante.

226 1100 315 1166 Nam
329 1126 435 1187 neque
450 1103 569 1168 conlidi
586 1105 654 1168 sine
670 1104 762 1167 Inani
777 1126 875 1190 posse
890 1104 1020 1167 videtur

228 1204 422 1289 Quicquam,
438 1228 498 1270 nec
514 1205 630 1290 frangi,
645 1228 705 1269 nec
720 1205 801 1269 findi
815 1207 848 1268 in
863 1206 940 1269 bina
955 1205 1113 1269 secando:

161 1319 208 1365 555
226 1307 301 1372 Nec
316 1330 433 1392 capere
448 1308 627 1385 humorem,
643 1331 749 1392 neque
764 1310 842 1372 item
856 1306 1015 1372 manabile
1031 1307 1146 1391 frigus,

224 1409 298 1473 Nec
313 1409 513 1493 penetralem
527 1410 644 1493 ignem,
661 1411 780 1492 quibus
796 1410 902 1473 omnia
916 1408 1144 1474 conficiuntur.

225 1511 273 1575 Et
287 1534 385 1595 quam
399 1533 538 1596 quaeque
553 1513 655 1595 magis
671 1512 803 1576 cohibet
818 1533 871 1575 res
886 1512 974 1576 intus
990 1511 1103 1589 Inane,

225 1613 311 1677 Tam
324 1615 425 1698 magis
441 1613 491 1678 his
508 1617 607 1679 rebus
623 1616 753 1699 penitus
769 1624 893 1679 tentata
908 1613 1055 1678 labascit.

225 1717 328 1802 Ergo,
346 1718 373 1780 si
388 1716 511 1795 Solida,
527 1740 566 1783 ac
583 1719 650 1781 sine
666 1716 760 1780 Inani
776 1717 925 1802 Corpora
939 1717 1043 1802 prima

160 1833 208 1879 540
226 1820 321 1898 Sunt,
337 1821 383 1884 ita
397 1821 445 1885 uti
460 1820 568 1898 docui,
585 1823 649 1885 sint
664 1821 735 1886 haec
751 1821 893 1885 AEtema
908 1841 1042 1885 necesse
1057 1819 1107 1884 ’st.

266 1923 443 2001 Praeterea,
460 1925 522 1988 nisi
534 1924 693 1989 Materies
709 1924 851 1989 AEterna
866 1924 994 2000 fuisset,

223 2024 376 2091 Antehac
391 2028 433 2091 ad
449 2026 598 2091 Nihilum
612 2028 743 2111 penitus
758 2048 812 2091 res
828 2048 966 2110 quaeque
981 2026 1161 2103 redissent,

224 2127 278 2192 De
295 2128 474 2212 Nihiloque
489 2139 604 2193 renata
618 2128 725 2193 forent
741 2151 945 2213 quascunque
960 2129 1119 2192 videmus.

223 2228 270 2293 At
285 2232 436 2314 quoniam
452 2254 570 2315 supera
586 2232 682 2296 docui
698 2231 769 2294 Νη
784 2254 883 2314 posse
900 2231 1004 2295 creari

160 2343 207 2388 545
222 2331 277 2394 De
292 2331 417 2408 Nihilo,
435 2355 541 2415 neque
557 2333 646 2416 quod
661 2333 775 2416 genitu
790 2333 830 2395 'st
846 2333 888 2397 ad
903 2331 963 2395 Nil
977 2333 1140 2396 revocari:

225 2433 310 2497 Esse
325 2433 499 2497 immortali
514 2433 697 2498 Primordia
711 2455 847 2517 corpore
863 2435 996 2511 debent,

172 2576 226 2623 528.
247 2573 329 2638 Pleno]
343 2577 427 2632 Recte,
438 2584 465 2624 ut
476 2575 555 2639 liquet
566 2592 611 2624 ev.
622 2577 677 2623 526.
711 2591 771 2634 tem,
783 2586 828 2628 etc.
841 2575 980 2639 intelligant
993 2575 1152 2639 (Lambinum
1161 2575 1241 2636 notat)

138 2640 252 2703 quoniam
268 2657 327 2690 vero
343 2641 370 2689 in
387 2642 442 2689 MS.
461 2641 512 2689 cod.
531 2641 613 2690 nescio
630 2656 678 2703 quo
711 2641 754 2689 sed
765 2641 811 2690 hoc
822 2641 876 2690 loco
887 2643 969 2706 agitur
979 2641 1010 2691 de
1022 2641 1101 2706 plagis
1112 2640 1138 2689 in
1150 2639 1250 2690 univer-

133 2722 205 2766 poena
215 2706 312 2770 legitur,
325 2706 412 2768 aliquis
423 2706 554 2770 legendum
570 2705 677 2767 conjicit,
710 2722 771 2754 sum.
786 2705 926 2771 Ingeniosa,
934 2707 1022 2762 fateort
1033 2705 1119 2768 etquis
1128 2705 1251 2756 nonvidet

140 2774 196 2822 Qaoe
216 2775 316 2833 spatium
336 2788 406 2834 poena
425 2775 514 2834 possint
535 2775 677 2834 distinguere
710 2769 1250 2843 hisrebaaaptissimerespondereistisrerbis

138 2838 219 2884 laonia
226 2856 234 2891 ,·
251 2837 267 2885 i.
281 2852 302 2884 e.
315 2835 442 2885 efficiendo
454 2852 485 2885 ne
497 2836 530 2884 sit
542 2837 627 2885 Inane.
710 2852 732 2884 v.
746 2837 801 2887 tat.
819 2841 901 2899 quibas
913 2840 988 2885 omnia
999 2839 1168 2898 afficiantur?

170 2903 224 2950 529.
246 2904 306 2949 Haec
321 2899 509 2964 aeqae'dissolot',
527 2900 584 2964 ata]
605 2901 675 2949 Post·
743 2903 798 2952 541.
816 2904 942 2960 Praeterea,
960 2905 1014 2959 nisi,
1029 2900 1085 2964 eta]
1105 2901 1161 2948 Alio
1173 2917 1195 2949 v.
1210 2901 1248 2948 ll.

137 2980 209 3028 quam
223 2966 371 3015 soliditatem
388 2967 525 3031 Corporum
541 2967 676 3030 primorum
709 2975 803 3030 pugnat
814 2976 958 3030 argumento
969 2982 983 3014 s
995 2966 1119 3016 communi
1131 2965 1173 3013 illo
1185 2965 1248 3030 Epi·

137 3030 352 3088 demonstraverat,
362 3047 446 3080 eorum
459 3032 620 3080 aeternitatem
632 3031 675 3078 ad·
709 3046 837 3080 cursorum
855 3031 933 3089 effato,
946 3034 983 3080 De
997 3034 1078 3080 Ntttto
1094 3033 1169 3088 Nihil,
1182 3041 1208 3079 et
1223 3033 1250 3078 in

136 3095 210 3144 struit
220 3112 242 3144 v.
258 3098 294 3144 12.
324 3096 407 3145 Solida
418 3096 483 3145 enim
495 3107 553 3145 sunt
568 3095 676 3160 perfecte
708 3099 814 3145 Nihilum
826 3099 901 3154 Nihil,
911 3097 1023 3144 deducto.
1053 3096 1080 3144 Si
1091 3095 1157 3143 enim
1169 3094 1252 3158 prima

135 3160 216 3223 plena,
229 3160 323 3209 nullum
336 3164 409 3210 Inane
424 3161 558 3220 continent,
571 3161 675 3223 ideoque
708 3177 790 3210 rerum
808 3161 901 3210 semina
918 3161 1050 3209 interirent
1066 3176 1110 3209 seu
1130 3159 1249 3208 dissolve·

135 3224 290 3274 dissolutioni
317 3226 419 3275 minime
447 3226 567 3274 obnoxia:
603 3242 675 3274 omne
707 3236 800 3284 rentur,
821 3226 848 3274 iu
870 3226 983 3274 Nihilum
1004 3226 1154 3274 reciderent:
1180 3224 1249 3273 nulla

136 3289 201 3338 enirn
212 3290 307 3354 Corpus
318 3292 382 3352 quod
394 3290 516 3339 divisibile
528 3291 674 3339 exsolubile-
708 3290 773 3339 enim
781 3300 838 3339 sunt
844 3290 927 3355 priora
933 3293 1020 3338 Primis
1028 3289 1151 3353 principia
1158 3288 1185 3336 in
1194 3304 1250 3351 quae

136 3370 183 3417 que
200 3365 244 3412 est,
260 3355 307 3403 tale
324 3364 368 3413 ast,
385 3365 486 3419 propter
504 3357 582 3404 Inane
598 3355 674 3403 inter·
707 3355 797 3403 resolvi
816 3355 925 3419 possint:
955 3354 1058 3416 ideoque
1078 3369 1119 3401 res
1139 3353 1248 3415 quotidie

136 3429 242 3482 ceptum,
254 3428 336 3483 partes
348 3420 488 3477 dissocians,
502 3429 527 3466 et
537 3419 675 3482 ingressum
708 3429 771 3467 nata
784 3435 797 3467 5
809 3419 887 3466 nihilo
898 3418 1028 3467 orirentur.
1057 3419 1161 3466 AEterna
1173 3417 1250 3481 igitur

136 3485 248 3546 praebens
258 3484 342 3544 virtuti
359 3494 474 3541 externas,
486 3485 518 3531 ad
534 3499 575 3531 eat
592 3486 674 3545 sejun-
708 3499 762 3531 esse
773 3483 874 3541 semina,
887 3483 926 3531 vel
938 3499 977 3531 res
993 3499 1006 3531 5
1023 3486 1105 3532 Nihilo
1121 3483 1249 3546 oririque

135 3547 244 3610 gendas:
262 3547 288 3595 id
304 3563 363 3597 vero
379 3548 444 3610 quod
460 3547 622 3596 inexsolubile
636 3547 674 3596 in·
708 3547 769 3595 nihil
791 3547 919 3596 absurdius
942 3547 991 3596 dici
1013 3563 1085 3612 posse
1107 3548 1248 3612 philosophi

136 3612 306 3675 divisibileque
323 3613 428 3670 est,tale
445 3613 559 3676 estquis
575 3612 676 3661 omnino
708 3613 872 3672 crediderunt,
901 3613 1048 3661 concedatur
1074 3629 1175 3662 necesse
1202 3623 1247 3662 est.

135 3677 236 3742 plenum
244 3677 404 3741 solidumque,
414 3678 478 3741 quod
490 3678 584 3726 nullum
598 3679 677 3726 Inane
709 3678 830 3742 Epicurus
848 3679 879 3726 ad
900 3678 1060 3736 Herodotum,
1077 3680 1155 3727 ταῦτα
1172 3677 1198 3727 δὲ
1216 3679 1249 3728 τὰ

135 3743 230 3801 habeat,
250 3759 281 3791 ex
302 3759 350 3806 quo
370 3743 476 3806 partium
496 3743 675 3806 separationem
708 3741 807 3803 σώματά
827 3745 894 3791 ἐστιν
917 3743 1001 3803 ἄτομα,
1020 3743 1058 3792 aad
1080 3741 1247 3804 ἀμετάβλητα,

136 3807 223 3856 timere
240 3809 324 3872 possit.
359 3808 482 3873 Epicurus
503 3809 533 3856 ad
555 3809 673 3857 Herodot.
708 3807 773 3872 εἴπερ
784 3809 818 3868 μὴ
828 3807 916 3870 μέλλει
926 3806 1005 3856 πάντα
1015 3808 1048 3858 εἰς
1058 3808 1088 3857 τὸ
1102 3808 1136 3869 μὴ
1146 3808 1175 3856 ὃν
1186 3813 1249 3871 pta*

136 3873 223 3921 definit
238 3883 353 3931 atomum,
367 3874 451 3936 Πλήρη
468 3873 522 3922 τινὰ
538 3874 617 3935 φύσιν,
636 3873 675 3922 καὶ
707 3872 828 3935 maeatas.
858 3874 938 3922 Versu
949 3884 1031 3922 autern
1044 3876 1099 3922 549.
1112 3883 1137 3922 et
1153 3873 1248 3922 duobus

136 3939 179 3986 oia
189 3936 295 4000 ἔχουσαν
306 3938 360 3997 dan,
373 3939 388 3996 3
400 3938 463 3987 ὅπως
474 3937 649 3996 διαλυθήσεται.
707 3939 872 4000 sequentibus,
882 3939 946 3988 hanc
956 3938 1137 4002 Principiorum
1147 3938 1247 3986 immor-

168 4004 223 4054 537.
244 4001 330 4066 Quam]
349 4008 405 4063 an,
417 4020 502 4052 omnes
518 4003 587 4052 codd.
601 4004 674 4051 Lam·
708 4004 826 4052 talitatem
836 4003 920 4052 olidae
928 4004 1030 4052 istorum
1042 4002 1193 4068 simplicitati
1204 4003 1247 4051 de-

135 4067 208 4116 binus
220 4078 301 4116 tamen
313 4069 397 4117 multis
414 4069 468 4117 aliis
485 4069 605 4132 exemplis
621 4084 673 4116 mo·
708 4069 760 4116 beri
772 4069 880 4118 breviter
891 4068 1004 4117 ostendit.

135 4133 202 4182 nitus
214 4151 281 4196 qaam
293 4134 376 4182 edidit
741 4135 795 4182 tta.
822 4137 946 4197 Nihiloque
968 4131 1062 4195 renata]
1086 4136 1197 4189 Qaoesita,
1218 4132 1246 4179 B.

168 4201 223 4246 538.
241 4202 288 4247 His
299 4198 378 4262 rebar]
392 4202 480 4247 Ictibus
491 4202 545 4258 heac,
555 4198 616 4262 legit
628 4198 673 4246 Fa·
708 4199 764 4247 Na:
774 4199 867 4248 vitiose.
879 4199 993 4255 Quidam,
1001 4201 1082 4246 Nihilo
1089 4212 1174 4258 qaoque
1183 4203 1246 4243 nata.

135 4264 226 4319 benet
241 4263 315 4321 addit,
333 4264 471 4328 sequidem
486 4264 548 4312 scire
564 4279 617 4312 esse
634 4263 675 4325 qui
708 4264 767 4322 Alii,
785 4267 909 4328 Nihiloque
925 4272 1012 4314 creata.
1044 4261 1192 4318 Gassendus,
1209 4276 1246 4309 rs·

136 4341 180 4389 per
190 4327 239 4376 ista
249 4330 324 4378 rerba
336 4330 383 4393 (his
395 4329 473 4393 rebar)
486 4329 576 4393 ignem,
587 4330 674 4378 humo·
708 4332 784 4379 ducta.
