2872 4852
432 218 603 283 urana
632 217 912 311 QUARTUS.
1166 219 1227 283 ras

200 373 310 439 Multa
325 375 458 452 minuta,
469 375 536 459 jaci
551 396 626 457 quae
640 376 768 458 possint
782 373 896 440 ordine
912 376 1027 438 eodem

201 478 280 551 Quo
296 477 427 552 fuerint,
443 487 587 540 veterem
602 486 636 539 et
650 476 762 540 sormae
778 498 907 540 servare
923 475 1064 560 figuram
1069 502 1080 554 3

201 578 247 642 Et
262 578 363 643 multo
377 579 483 655 citius,
498 587 623 662 quanto
638 579 743 642 minus
760 578 953 661 endopediri

201 681 311 746 Pauca
325 691 461 764 queunt,
478 692 511 745 et
527 692 603 744 sunt
618 682 651 744 in
665 682 769 765 prima
783 680 890 745 fronte
906 680 1023 744 locata.

151 793 183 841 70
241 782 329 847 Nam
343 794 431 847 certe
442 783 520 867 jaci,
538 793 635 867 atque
651 804 817 867 emergere
832 782 933 848 multa
946 783 1105 858 videmus,

200 885 279 947 Non
294 884 397 949 solum
411 907 454 948 ex
469 882 546 961 alto,
563 884 769 968 penitusque,
784 895 822 948 ut
837 884 978 949 diximus
994 894 1082 960 ante,

199 986 323 1051 Verum
339 987 380 1050 de
396 987 527 1051 summis
542 987 649 1069 ipsum
664 1007 794 1070 quoque
811 1009 899 1070 saepe
915 986 1073 1051 colorem:

200 1089 247 1151 Et
262 1088 357 1172 volgo
373 1088 495 1153 faciunt
510 1088 545 1152 id
559 1087 659 1164 lutea,
676 1109 835 1171 russaque
852 1088 948 1164 Vela,
1010 1142 1015 1151 .

201 1189 248 1253 Et
262 1190 438 1273 ferrugine,
455 1211 527 1254 curn
543 1189 667 1273 magnis
682 1190 807 1252 intenta
823 1189 978 1254 Theatris

150 1304 182 1352 75
200 1291 266 1355 Per
280 1291 380 1355 malos
396 1290 536 1375 volgata,
553 1291 740 1374 trabeisque
755 1291 926 1355 trementia
940 1290 1070 1367 flutant,

200 1393 354 1476 Namque
370 1393 416 1457 ibi
430 1414 620 1457 consessum
635 1391 754 1456 Caveai
768 1393 894 1469 subter,
910 1403 944 1457 et
957 1413 1085 1457 omnem

201 1495 320 1559 Scenai
336 1496 488 1580 speciem,
504 1494 650 1571 Patrum,
668 1493 891 1580 Manumque,
909 1494 1133 1578 Deorumque,

199 1596 364 1674 inficiunt,
381 1607 567 1681 coguntque
584 1619 643 1661 suo
658 1595 786 1660 fluitare
800 1596 927 1676 colorc;
999 1614 1002 1621 ⁴

199 1700 246 1763 Et
260 1709 382 1783 quanto
398 1701 518 1764 circum
530 1720 623 1782 mage
640 1707 717 1762 sunt
730 1697 856 1763 inclusa
869 1699 1004 1763 Theatri

148 1813 181 1858 80
200 1802 337 1878 Moenia,
354 1812 420 1866 tam
435 1802 537 1886 magis
552 1800 623 1866 haec
638 1801 725 1864 intus
742 1801 876 1884 perfusa
890 1801 1002 1886 lepore

198 1903 318 1967 Omnia
333 1904 502 1968 conrident
517 1913 673 1987 conrepta
686 1901 760 1967 luce
775 1903 850 1968 diei.

198 2006 291 2089 Ergo
308 2004 426 2070 Lintea
440 2007 483 2070 de
498 2028 624 2069 summo
638 2027 712 2070 cum
727 2026 865 2088 corpore
880 2005 990 2071 fucum

197 2107 348 2184 Mittunt,
365 2107 503 2191 Effigias
516 2129 647 2191 quoque
663 2107 786 2171 debent
801 2108 928 2171 mittere
944 2109 1070 2171 tenueis

198 2208 267 2274 Res
282 2231 433 2293 quaeque,
449 2231 492 2273 ex
507 2230 630 2272 summo
647 2208 798 2290 quoniam
808 2208 996 2293 jaculantur
1011 2218 1169 2290 utraeque.

149 2323 181 2368 ss
246 2310 330 2373 Sunt
344 2311 454 2394 igitur,
466 2311 535 2393 jam
550 2309 725 2373 formarum
741 2311 877 2394 vestigia
891 2321 992 2386 certa,

198 2411 284 2484 Quae
299 2410 395 2495 volgo
412 2410 547 2475 volitant
563 2409 673 2474 subtili
688 2411 827 2495 praedita
841 2410 910 2488 filo,

198 2514 274 2578 Nec
289 2511 474 2600 singillatim
490 2523 628 2598 possunt
642 2524 770 2578 secreta
785 2514 897 2577 videri.

144 2674 183 2724 67.
205 2676 307 2722 Veterem
323 2682 346 2722 et
355 2673 452 2736 sormae]
467 2673 525 2732 Alii,
543 2677 650 2722 sottum:
677 2674 737 2736 joci,
750 2682 818 2736 atque
830 2691 942 2738 emergere
953 2675 1030 2723 multa
1047 2676 1154 2738 videmur,
1168 2675 1223 2722 Non

111 2737 210 2800 quidam
222 2747 245 2787 et
256 2743 399 2798 consimilem,
412 2753 455 2788 seu
470 2747 494 2788 ct
507 2739 649 2802 corformem
682 2743 754 2787 solam
763 2756 791 2787 ec
799 2742 853 2796 alto,
860 2743 1004 2801 penitusque,
1013 2746 1040 2787 at
1047 2740 1150 2787 dirimas
1161 2746 1222 2795 ante,

48 2848 54 2856 ,
111 2802 232 2862 Gisanius‚
247 2802 424 2865 Eteonsorrnoe
434 2806 649 2868 eoencrefigaromc
687 2805 769 2852 Veram
785 2806 814 2851 de
828 2808 929 2861 samnis,
945 2816 988 2852 etc.
1018 2804 1104 2853 Faber.
1134 2804 1183 2852 Pro
1199 2812 1222 2851 et
1246 2821 1252 2844 ι

111 2867 157 2915 viz.
170 2885 316 2918 contremere:
326 2867 406 2930 ,merae
417 2877 498 2917 autem
515 2869 649 2917 secundum
682 2877 743 2927 sunt,
756 2868 877 2928 Gitanius,
889 2877 917 2917 nt
926 2878 986 2917 sant.

112 2932 247 2995 Epicurum
262 2943 300 2982 est
316 2934 342 2982 id
358 2933 423 2996 quod
439 2934 466 2982 in
482 2934 591 2998 corporis
607 2948 649 2982 su·
716 2932 754 2983 70.
768 2936 830 2981 Nom
842 2941 903 2982 certe
906 2934 967 2997 jaci,
975 2933 1035 2996 eta]
1047 2934 1104 2982 Ver.
1116 2934 1152 2980 15.
1161 2948 1221 2981 oon»

110 2997 211 3059 perficis
222 2999 376 3047 continenter
387 3007 504 3056 remanet,
517 2999 571 3062 ipsa
587 2999 648 3046 ima·
683 2998 764 3047 firmat
770 2999 835 3060 quod
844 2998 965 3063 superiori
975 3007 1118 3061 argumento
1127 3013 1221 3046 assum-

111 3061 168 3123 gine
185 3071 300 3125 tanquam
320 3063 398 3127 spolio
418 3064 573 3112 continenter
590 3079 649 3112 avo·
683 3072 755 3121 serat,
774 3064 848 3126 idque
868 3065 956 3138 probat
974 3063 1151 3127 experimento,
1173 3079 1222 3125 quo

111 3125 190 3174 laute:
209 3127 300 3190 aliquid
312 3129 357 3176 via
373 3129 461 3176 coloris
478 3128 556 3177 solido
572 3128 649 3176 inlrae·
683 3137 779 3176 constat
796 3131 880 3176 colores
897 3128 933 3176 ita
950 3128 1065 3176 delibrari
1086 3143 1102 3175 a
1119 3127 1221 3176 summis

110 3199 156 3249 ret,
172 3192 265 3254 diquid
283 3193 396 3242 derasum
414 3193 566 3252 transfertur,
584 3192 649 3255 quod
681 3192 825 3256 corporibus
840 3201 869 3241 ut
885 3197 1011 3256 imaginans
1026 3208 1123 3254 quoque
1139 3191 1223 3255 direp-

108 3254 144 3302 sit
153 3256 335 3304 simulachrum.
638 3297 640 3302 .
682 3257 774 3305 tionem
795 3267 911 3320 arguant:
936 3257 1030 3320 qnippe
1046 3257 1101 3304 uela
1119 3257 1221 3306 theatris

143 3322 183 3368 69.
203 3321 283 3369 Peneo
294 3320 391 3383 queant]
405 3321 448 3368 Ait
463 3323 546 3378 Poeta,
558 3325 650 3369 samnis
683 3320 868 3370 intentatorum
880 3322 965 3369 Scenae
976 3329 1128 3384 apparatum,
1139 3321 1221 3384 Popu-

111 3389 135 3432 r'n
147 3388 215 3432 retas
228 3389 300 3432 matta
316 3390 405 3433 minata
421 3402 515 3446 corpora
531 3402 579 3433 erse
596 3401 650 3446 quae
682 3385 781 3447 lamque
792 3393 945 3449 spectantem
960 3400 1007 3432 suo
1023 3384 1104 3433 colore
1120 3385 1220 3449 perfun-

108 3448 158 3510 jaci
169 3449 271 3512 possint,
284 3459 329 3497 etc.
359 3449 392 3496 Et
403 3464 489 3496 revera
505 3450 577 3512 longe
594 3449 649 3512 plu-
682 3449 751 3497 dunt
777 3449 1082 3512 Namjaeiereertaarqne
1091 3465 1220 3512 emergere:

112 3513 175 3560 rima
186 3529 239 3560 esse
251 3528 279 3561 ea
295 3514 392 3569 debent,
405 3513 495 3575 alioqui
510 3515 578 3561 unde
595 3512 649 3560 tan-
682 3514 838 3562 Gassendus:
856 3512 905 3572 alii,
919 3517 980 3562 Nom
992 3514 1111 3577 certcjaci
1127 3530 1154 3562 ac
1171 3522 1221 3563 ter-

111 3578 167 3625 dem
175 3592 284 3642 perenne
291 3577 353 3626 illud
361 3577 496 3642 specierum
506 3577 649 3626 effluviumt
682 3578 749 3641 gerh
767 3578 806 3626 vel
814 3581 877 3626 Nam
886 3579 1007 3642 detergeri
1018 3588 1088 3641 atque
1098 3595 1220 3643 emergere.

111 3643 188 3693 Vides
209 3658 263 3691 eam
286 3658 339 3692 esse
363 3642 472 3691 Lucretii
494 3643 649 3701 sententiam,
714 3642 754 3693 75.
776 3642 885 3706 Volgcta]
900 3643 1049 3692 volitantia:
1072 3643 1107 3693 sic
1122 3644 1164 3693 lib.
1183 3644 1220 3693 ΙΙ.

108 3723 213 3773 cor-pora
229 3711 302 3756 nram
318 3708 414 3756 minuta
432 3723 485 3756 esse
502 3707 530 3756 in
548 3708 649 3756 summis
681 3724 704 3756 v.
719 3709 773 3756 16³.
786 3717 811 3756 et
823 3709 877 3756 stt.
889 3711 1030 3772 pervolgant,
1048 3719 1074 3758 ct
1089 3711 1141 3772 jam
1157 3709 1222 3758 infra

110 3775 190 3832 rebss,
217 3789 255 3821 usa
267 3789 405 3836 quanquam
416 3772 556 3831 sintmaltc,
567 3781 649 3821 tamen
681 3789 704 3821 v.
717 3774 772 3821 209.
785 3781 810 3821 et
821 3773 862 3821 lin
875 3773 905 3821 V.
918 3789 941 3822 v.
956 3775 1026 3822 1161.

110 3848 178 3888 tanto
199 3789 273 3888 iltius
293 3838 425 3901 Jasiuntun
446 3847 540 3901 quanto
568 3837 649 3886 minus
714 3837 753 3889 77.
771 3837 884 3901 Deorum]
897 3839 961 3886 Nam
972 3838 1007 3887 ibi
1018 3840 1128 3888 Deorum
1138 3839 1220 3888 Simu-

110 3904 224 3968 impediri
241 3913 344 3968 possunt
358 3919 450 3965 panca:
469 3903 495 3951 id
512 3912 593 3952 autem
610 3903 647 3951 di·
681 3903 771 3962 latebra,
783 3903 876 3968 quippe
890 3903 942 3951 ludi
958 3904 985 3952 id
1001 3919 1078 3968 genus
1094 3903 1222 3968 religionis

109 3984 173 4027 cere,
195 3984 245 4017 non
265 3969 338 4016 modo
358 3967 520 4016 inconstantis
542 3967 649 4017 hominis
681 3983 739 4031 pars
753 3977 830 4016 erant.
905 4000 906 4006 ,

110 4041 154 4091 est,
166 4033 209 4082 sed
220 4035 272 4096 eJus
284 4033 366 4091 etiam,
379 4033 420 4096 qui
432 4033 468 4081 rei
480 4032 587 4096 physicas
601 4032 648 4080 im·
715 4035 753 4081 85.
771 4036 830 4082 Sunt
840 4037 921 4097 igitar,
933 4033 991 4096 etc]
1011 4033 1060 4082 His
1078 4036 1099 4080 8.
1120 4049 1142 4081 v.
1162 4048 1222 4081 con-

111 4098 273 4160 peritissimus
282 4098 321 4146 sit
353 4099 439 4162 Itaque
448 4114 497 4146 non
504 4115 581 4160 panca
591 4097 648 4161 legi,
681 4097 758 4147 cludit
770 4113 801 4146 ex
812 4099 942 4164 disputetis
952 4108 977 4147 et
985 4098 1094 4163 probatis
1104 4097 1223 4146 hactenus

111 4162 238 4223 sedpcrnc
253 4178 353 4211 necesse
371 4175 422 4219 est3
441 4161 522 4227 pergit
538 4163 611 4220 enim,
624 4171 650 4210 et
682 4178 735 4212 esse
747 4163 801 4222 ista,
819 4163 850 4211 de
867 4163 956 4226 quibus
973 4163 1061 4226 agitur,
1080 4176 1162 4210 rerum
1183 4160 1222 4208 Si·

111 4227 236 4289 utprobet
244 4231 317 4276 multa
328 4243 431 4292 corpora
440 4227 556 4303 profundi
569 4243 599 4275 ex
611 4242 649 4275 re·
684 4228 823 4277 mulachra:
852 4243 898 4293 pro
921 4236 985 4278 certe
1011 4226 1110 4290 quidam
1138 4225 1223 4287 legunt

112 4291 166 4348 bus,
189 4290 234 4337 hos
256 4306 340 4340 versus
363 4293 475 4355 subjicit:
506 4295 568 4340 Nam
589 4300 651 4341 certe
684 4309 752 4352 coeca,
764 4308 834 4404 qnosb
837 4309 882 4356 ego
894 4309 943 4341 non
955 4298 1048 4354 sequor.

792 4372 806 4404 s
