<?xml version="1.0" encoding="UTF-8"?>
<!DOCTYPE html PUBLIC "-//W3C//DTD XHTML 1.0 Transitional//EN"
    "http://www.w3.org/TR/xhtml1/DTD/xhtml1-transitional.dtd">
<html xmlns="http://www.w3.org/1999/xhtml" xml:lang="en" lang="en">
 <head>
  <title>
</title>
<meta http-equiv="Content-Type" content="text/html;charset=utf-8" />
  <meta name='ocr-system' content='tesseract 3.04.00' />
  <meta name='ocr-capabilities' content='ocr_page ocr_carea ocr_par ocr_line ocrx_word'/>
</head>
<body>
  <div class='ocr_page' id='page_1' title='image "./titilucretiicar04carugoog_0338.png"; bbox 0 0 2872 4852; ppageno 0'>
   <div class='ocr_carea' id='block_1_1' title="bbox 146 209 917 282">
    <p class='ocr_par' dir='ltr' id='par_1_1' title="bbox 146 209 917 282">
     <span class='ocr_line' id='line_1_1' title="bbox 146 209 917 282; baseline -0.004 0"><span class='ocrx_word' id='word_1_1' title='bbox 146 218 220 282; x_wconf 75' lang='lat' dir='ltr'>sle.</span> <span class='ocrx_word' id='word_1_2' title='bbox 527 214 570 281; x_wconf 84' lang='lat' dir='ltr'>T.</span> <span class='ocrx_word' id='word_1_3' title='bbox 603 209 877 282; x_wconf 82' lang='lat' dir='ltr'>LUCRETII</span> <span class='ocrx_word' id='word_1_4' title='bbox 909 209 917 263; x_wconf 73' lang='lat' dir='ltr'>f</span> 
     </span>
    </p>
   </div>
   <div class='ocr_carea' id='block_1_2' title="bbox 171 362 1236 2997">
    <p class='ocr_par' dir='ltr' id='par_1_2' title="bbox 171 362 1236 2997">
     <span class='ocr_line' id='line_1_2' title="bbox 171 362 1174 436; baseline 0.001 -4"><span class='ocrx_word' id='word_1_5' title='bbox 171 385 219 432; x_wconf 78' lang='lat' dir='ltr'>tot</span> <span class='ocrx_word' id='word_1_6' title='bbox 239 369 406 435; x_wconf 84' lang='lat' dir='ltr'>Consimili</span> <span class='ocrx_word' id='word_1_7' title='bbox 419 371 544 436; x_wconf 83' lang='lat' dir='ltr'>ratione</span> <span class='ocrx_word' id='word_1_8' title='bbox 559 393 602 435; x_wconf 90' lang='lat' dir='ltr'>ex</span> <span class='ocrx_word' id='word_1_9' title='bbox 616 371 765 436; x_wconf 89' lang='lat' dir='ltr'>omnibus</span> <span class='ocrx_word' id='word_1_10' title='bbox 780 363 1061 436; x_wconf 83' lang='lat' dir='ltr'>amnibushumor</span> <span class='ocrx_word' id='word_1_11' title='bbox 1148 362 1174 401; x_wconf 56' lang='lat'>”³</span> 
     </span>
     <span class='ocr_line' id='line_1_3' title="bbox 206 472 1163 559; baseline 0.001 -23"><span class='ocrx_word' id='word_1_12' title='bbox 206 481 208 485; x_wconf 81' lang='grc'>’</span> <span class='ocrx_word' id='word_1_13' title='bbox 228 472 378 537; x_wconf 83' lang='lat' dir='ltr'>Tollitur</span> <span class='ocrx_word' id='word_1_14' title='bbox 390 473 425 536; x_wconf 91' lang='lat' dir='ltr'>in</span> <span class='ocrx_word' id='word_1_15' title='bbox 439 475 574 538; x_wconf 88' lang='lat' dir='ltr'>nubeis:</span> <span class='ocrx_word' id='word_1_16' title='bbox 598 497 664 559; x_wconf 93' lang='lat' dir='ltr'>quo</span> <span class='ocrx_word' id='word_1_17' title='bbox 679 491 752 539; x_wconf 91' lang='lat' dir='ltr'>cum</span> <span class='ocrx_word' id='word_1_18' title='bbox 766 476 851 539; x_wconf 91' lang='lat' dir='ltr'>bene</span> <span class='ocrx_word' id='word_1_19' title='bbox 867 474 988 539; x_wconf 85' lang='lat' dir='ltr'>semina</span> <span class='ocrx_word' id='word_1_20' title='bbox 1003 494 1163 558; x_wconf 85' lang='lat' dir='ltr'>aquarum</span> 
     </span>
     <span class='ocr_line' id='line_1_4' title="bbox 234 575 1175 660; baseline 0.002 -21"><span class='ocrx_word' id='word_1_21' title='bbox 234 575 344 640; x_wconf 83' lang='lat' dir='ltr'>Multa</span> <span class='ocrx_word' id='word_1_22' title='bbox 358 576 463 640; x_wconf 88' lang='lat' dir='ltr'>modis</span> <span class='ocrx_word' id='word_1_23' title='bbox 477 576 585 641; x_wconf 90' lang='lat' dir='ltr'>multis</span> <span class='ocrx_word' id='word_1_24' title='bbox 602 597 782 642; x_wconf 85' lang='lat' dir='ltr'>convenere</span> <span class='ocrx_word' id='word_1_25' title='bbox 797 576 942 660; x_wconf 91' lang='lat' dir='ltr'>undique</span> <span class='ocrx_word' id='word_1_26' title='bbox 956 576 1108 653; x_wconf 83' lang='lat' dir='ltr'>adaucta,</span> <span class='ocrx_word' id='word_1_27' title='bbox 1172 615 1175 621; x_wconf 92' lang='lat'>·</span> 
     </span>
     <span class='ocr_line' id='line_1_5' title="bbox 236 677 951 749; baseline -0.003 -7"><span class='ocrx_word' id='word_1_28' title='bbox 236 677 401 742; x_wconf 79' lang='lat' dir='ltr'>Confertae</span> <span class='ocrx_word' id='word_1_29' title='bbox 416 679 519 742; x_wconf 91' lang='lat' dir='ltr'>nubes</span> <span class='ocrx_word' id='word_1_30' title='bbox 536 679 568 742; x_wconf 89' lang='lat' dir='ltr'>vi</span> <span class='ocrx_word' id='word_1_31' title='bbox 581 679 668 749; x_wconf 87' lang='lat' dir='ltr'>venti</span> <span class='ocrx_word' id='word_1_32' title='bbox 682 680 809 744; x_wconf 89' lang='lat' dir='ltr'>mittere</span> <span class='ocrx_word' id='word_1_33' title='bbox 825 686 951 744; x_wconf 84' lang='lat' dir='ltr'>certant</span> 
     </span>
     <span class='ocr_line' id='line_1_6' title="bbox 236 778 1030 864; baseline -0.003 -21"><span class='ocrx_word' id='word_1_34' title='bbox 236 779 439 864; x_wconf 87' lang='lat' dir='ltr'>Dupliciter;</span> <span class='ocrx_word' id='word_1_35' title='bbox 462 802 537 843; x_wconf 89' lang='lat' dir='ltr'>nam</span> <span class='ocrx_word' id='word_1_36' title='bbox 550 780 597 844; x_wconf 89' lang='lat' dir='ltr'>vis</span> <span class='ocrx_word' id='word_1_37' title='bbox 614 781 701 844; x_wconf 91' lang='lat' dir='ltr'>venti</span> <span class='ocrx_word' id='word_1_38' title='bbox 716 781 894 857; x_wconf 90' lang='lat' dir='ltr'>contrudit,</span> <span class='ocrx_word' id='word_1_39' title='bbox 909 788 943 843; x_wconf 91' lang='lat' dir='ltr'>et</span> <span class='ocrx_word' id='word_1_40' title='bbox 957 778 1030 862; x_wconf 84' lang='lat' dir='ltr'>ipsa</span> 
     </span>
     <span class='ocr_line' id='line_1_7' title="bbox 172 881 935 966; baseline 0.003 -24"><span class='ocrx_word' id='word_1_41' title='bbox 172 896 220 942; x_wconf 78' lang='lat'>510</span> <span class='ocrx_word' id='word_1_42' title='bbox 238 881 342 966; x_wconf 85' lang='lat' dir='ltr'>Copia</span> <span class='ocrx_word' id='word_1_43' title='bbox 356 882 548 960; x_wconf 82' lang='lat' dir='ltr'>nimborum,</span> <span class='ocrx_word' id='word_1_44' title='bbox 563 882 660 946; x_wconf 84' lang='lat' dir='ltr'>turba</span> <span class='ocrx_word' id='word_1_45' title='bbox 674 883 796 966; x_wconf 83' lang='lat' dir='ltr'>majore</span> <span class='ocrx_word' id='word_1_46' title='bbox 812 891 935 958; x_wconf 88' lang='lat' dir='ltr'>coorta,</span> 
     </span>
     <span class='ocr_line' id='line_1_8' title="bbox 240 979 1180 1068; baseline -0.004 -20"><span class='ocrx_word' id='word_1_47' title='bbox 240 983 356 1068; x_wconf 83' lang='lat' dir='ltr'><strong>Urget,</strong></span> <span class='ocrx_word' id='word_1_48' title='bbox 373 993 407 1048; x_wconf 91' lang='lat' dir='ltr'>et</span> <span class='ocrx_word' id='word_1_49' title='bbox 420 1005 439 1048; x_wconf 92' lang='lat' dir='ltr'>e</span> <span class='ocrx_word' id='word_1_50' title='bbox 455 1004 576 1067; x_wconf 90' lang='lat' dir='ltr'>supero</span> <span class='ocrx_word' id='word_1_51' title='bbox 590 984 719 1068; x_wconf 82' lang='lat' dir='ltr'>premit,</span> <span class='ocrx_word' id='word_1_52' title='bbox 735 1005 773 1048; x_wconf 87' lang='lat' dir='ltr'>ac</span> <span class='ocrx_word' id='word_1_53' title='bbox 788 982 866 1048; x_wconf 84' lang='lat' dir='ltr'>facit</span> <span class='ocrx_word' id='word_1_54' title='bbox 880 981 1014 1046; x_wconf 87' lang='lat' dir='ltr'>effluere</span> <span class='ocrx_word' id='word_1_55' title='bbox 1030 979 1180 1045; x_wconf 87' lang='lat' dir='ltr'>Imbreis.</span> 
     </span>
     <span class='ocr_line' id='line_1_9' title="bbox 280 1081 1151 1169; baseline -0.005 -20"><span class='ocrx_word' id='word_1_56' title='bbox 280 1085 459 1162; x_wconf 75' lang='lat' dir='ltr'>Praeterea,</span> <span class='ocrx_word' id='word_1_57' title='bbox 473 1107 546 1149; x_wconf 88' lang='lat' dir='ltr'>cum</span> <span class='ocrx_word' id='word_1_58' title='bbox 561 1095 731 1150; x_wconf 84' lang='lat' dir='ltr'>rarescunt</span> <span class='ocrx_word' id='word_1_59' title='bbox 745 1106 876 1169; x_wconf 90' lang='lat' dir='ltr'>quoque</span> <span class='ocrx_word' id='word_1_60' title='bbox 891 1081 1019 1147; x_wconf 82' lang='lat' dir='ltr'>Nubila</span> <span class='ocrx_word' id='word_1_61' title='bbox 1033 1083 1151 1158; x_wconf 87' lang='lat' dir='ltr'>ventis,</span> 
     </span>
     <span class='ocr_line' id='line_1_10' title="bbox 237 1182 980 1270; baseline 0 -21"><span class='ocrx_word' id='word_1_62' title='bbox 237 1184 309 1250; x_wconf 89' lang='lat' dir='ltr'>Aut</span> <span class='ocrx_word' id='word_1_63' title='bbox 324 1185 545 1251; x_wconf 86' lang='lat' dir='ltr'>dissolvuntur</span> <span class='ocrx_word' id='word_1_64' title='bbox 560 1184 646 1250; x_wconf 88' lang='lat' dir='ltr'>Solis</span> <span class='ocrx_word' id='word_1_65' title='bbox 662 1208 763 1270; x_wconf 86' lang='lat' dir='ltr'>super</span> <span class='ocrx_word' id='word_1_66' title='bbox 775 1187 839 1250; x_wconf 86' lang='lat' dir='ltr'>icta</span> <span class='ocrx_word' id='word_1_67' title='bbox 855 1182 980 1263; x_wconf 81' lang='lat' dir='ltr'>calore3</span> 
     </span>
     <span class='ocr_line' id='line_1_11' title="bbox 239 1285 1131 1373; baseline -0.004 -21"><span class='ocrx_word' id='word_1_68' title='bbox 239 1288 379 1352; x_wconf 88' lang='lat' dir='ltr'>Mittunt</span> <span class='ocrx_word' id='word_1_69' title='bbox 392 1288 560 1353; x_wconf 89' lang='lat' dir='ltr'>humorem</span> <span class='ocrx_word' id='word_1_70' title='bbox 574 1288 729 1373; x_wconf 87' lang='lat' dir='ltr'>pluvium,</span> <span class='ocrx_word' id='word_1_71' title='bbox 743 1286 940 1372; x_wconf 85' lang='lat' dir='ltr'>stillantque,</span> <span class='ocrx_word' id='word_1_72' title='bbox 956 1286 1050 1369; x_wconf 85' lang='lat' dir='ltr'>quasi</span> <span class='ocrx_word' id='word_1_73' title='bbox 1063 1285 1131 1369; x_wconf 85' lang='lat' dir='ltr'>igni</span> 
     </span>
     <span class='ocr_line' id='line_1_12' title="bbox 175 1387 1048 1474; baseline 0.003 -25"><span class='ocrx_word' id='word_1_74' title='bbox 175 1402 222 1449; x_wconf 78' lang='lat'>515</span> <span class='ocrx_word' id='word_1_75' title='bbox 241 1389 327 1455; x_wconf 86' lang='lat' dir='ltr'>Cera</span> <span class='ocrx_word' id='word_1_76' title='bbox 341 1411 441 1474; x_wconf 89' lang='lat' dir='ltr'>super</span> <span class='ocrx_word' id='word_1_77' title='bbox 456 1389 562 1454; x_wconf 87' lang='lat' dir='ltr'>calido</span> <span class='ocrx_word' id='word_1_78' title='bbox 577 1390 749 1455; x_wconf 85' lang='lat' dir='ltr'>tabescens</span> <span class='ocrx_word' id='word_1_79' title='bbox 765 1388 866 1454; x_wconf 84' lang='lat' dir='ltr'>multa</span> <span class='ocrx_word' id='word_1_80' title='bbox 879 1387 1048 1472; x_wconf 85' lang='lat' dir='ltr'>liquescat.</span> 
     </span>
     <span class='ocr_line' id='line_1_13' title="bbox 282 1489 1169 1572; baseline -0.005 -16"><span class='ocrx_word' id='word_1_81' title='bbox 282 1492 350 1556; x_wconf 88' lang='lat' dir='ltr'>Sed</span> <span class='ocrx_word' id='word_1_82' title='bbox 364 1491 537 1557; x_wconf 90' lang='lat' dir='ltr'>vehemens</span> <span class='ocrx_word' id='word_1_83' title='bbox 553 1493 656 1561; x_wconf 85' lang='lat' dir='ltr'>imber</span> <span class='ocrx_word' id='word_1_84' title='bbox 669 1492 719 1569; x_wconf 91' lang='lat' dir='ltr'>fit,</span> <span class='ocrx_word' id='word_1_85' title='bbox 734 1492 793 1556; x_wconf 90' lang='lat' dir='ltr'>ubi</span> <span class='ocrx_word' id='word_1_86' title='bbox 806 1489 1014 1555; x_wconf 88' lang='lat' dir='ltr'>vehementer</span> <span class='ocrx_word' id='word_1_87' title='bbox 1028 1499 1169 1572; x_wconf 88' lang='lat' dir='ltr'>utroque</span> 
     </span>
     <span class='ocr_line' id='line_1_14' title="bbox 238 1592 1099 1678; baseline -0.002 -22"><span class='ocrx_word' id='word_1_88' title='bbox 238 1593 363 1658; x_wconf 83' lang='lat' dir='ltr'>Nubila</span> <span class='ocrx_word' id='word_1_89' title='bbox 377 1594 409 1656; x_wconf 89' lang='lat' dir='ltr'>vi</span> <span class='ocrx_word' id='word_1_90' title='bbox 423 1592 585 1658; x_wconf 85' lang='lat' dir='ltr'>cumulata</span> <span class='ocrx_word' id='word_1_91' title='bbox 599 1603 802 1678; x_wconf 89' lang='lat' dir='ltr'>premuntur,</span> <span class='ocrx_word' id='word_1_92' title='bbox 819 1602 853 1657; x_wconf 92' lang='lat' dir='ltr'>et</span> <span class='ocrx_word' id='word_1_93' title='bbox 867 1592 986 1675; x_wconf 90' lang='lat' dir='ltr'>impete</span> <span class='ocrx_word' id='word_1_94' title='bbox 1001 1592 1099 1661; x_wconf 84' lang='lat' dir='ltr'>venti.</span> 
     </span>
     <span class='ocr_line' id='line_1_15' title="bbox 282 1691 1047 1780; baseline -0.001 -23"><span class='ocrx_word' id='word_1_95' title='bbox 282 1691 330 1758; x_wconf 93' lang='lat' dir='ltr'>At</span> <span class='ocrx_word' id='word_1_96' title='bbox 345 1696 484 1760; x_wconf 91' lang='lat' dir='ltr'>retinere</span> <span class='ocrx_word' id='word_1_97' title='bbox 499 1695 556 1759; x_wconf 93' lang='lat' dir='ltr'>diu</span> <span class='ocrx_word' id='word_1_98' title='bbox 572 1694 702 1778; x_wconf 87' lang='lat' dir='ltr'>pluviae,</span> <span class='ocrx_word' id='word_1_99' title='bbox 717 1695 913 1780; x_wconf 87' lang='lat' dir='ltr'>longumque</span> <span class='ocrx_word' id='word_1_100' title='bbox 928 1695 1047 1759; x_wconf 88' lang='lat' dir='ltr'>morari</span> 
     </span>
     <span class='ocr_line' id='line_1_16' title="bbox 239 1795 1130 1879; baseline -0.001 -20"><span class='ocrx_word' id='word_1_101' title='bbox 239 1795 458 1872; x_wconf 90' lang='lat' dir='ltr'>Consuerunt,</span> <span class='ocrx_word' id='word_1_102' title='bbox 472 1795 643 1861; x_wconf 85' lang='lat' dir='ltr'>ubimulta</span> <span class='ocrx_word' id='word_1_103' title='bbox 658 1796 792 1860; x_wconf 81' lang='lat' dir='ltr'>fuerunt</span> <span class='ocrx_word' id='word_1_104' title='bbox 807 1796 937 1860; x_wconf 85' lang='lat' dir='ltr'>Semina</span> <span class='ocrx_word' id='word_1_105' title='bbox 953 1817 1130 1879; x_wconf 69' lang='lat' dir='ltr'>aquarum</span> 
     </span>
     <span class='ocr_line' id='line_1_17' title="bbox 177 1895 1011 1982; baseline 0.006 -27"><span class='ocrx_word' id='word_1_106' title='bbox 177 1908 225 1955; x_wconf 77' lang='lat'>520</span> <span class='ocrx_word' id='word_1_107' title='bbox 242 1895 355 1980; x_wconf 89' lang='lat' dir='ltr'>Atque</span> <span class='ocrx_word' id='word_1_108' title='bbox 371 1896 439 1960; x_wconf 87' lang='lat' dir='ltr'>aliis</span> <span class='ocrx_word' id='word_1_109' title='bbox 456 1896 527 1961; x_wconf 83' lang='lat' dir='ltr'>aliae</span> <span class='ocrx_word' id='word_1_110' title='bbox 541 1897 673 1974; x_wconf 89' lang='lat' dir='ltr'>Nubes,</span> <span class='ocrx_word' id='word_1_111' title='bbox 688 1899 853 1982; x_wconf 91' lang='lat' dir='ltr'>nimbique</span> <span class='ocrx_word' id='word_1_112' title='bbox 868 1898 1011 1980; x_wconf 85' lang='lat' dir='ltr'>rigantes</span> 
     </span>
     <span class='ocr_line' id='line_1_18' title="bbox 241 1996 1067 2083; baseline 0.001 -22"><span class='ocrx_word' id='word_1_113' title='bbox 241 1996 392 2082; x_wconf 80' lang='lat' dir='ltr'>insuper,</span> <span class='ocrx_word' id='word_1_114' title='bbox 408 2009 506 2083; x_wconf 83' lang='lat' dir='ltr'>atque</span> <span class='ocrx_word' id='word_1_115' title='bbox 523 1999 609 2063; x_wconf 89' lang='lat' dir='ltr'>omni</span> <span class='ocrx_word' id='word_1_116' title='bbox 623 1997 718 2083; x_wconf 83' lang='lat' dir='ltr'>volgo</span> <span class='ocrx_word' id='word_1_117' title='bbox 734 1999 775 2063; x_wconf 93' lang='lat' dir='ltr'>de</span> <span class='ocrx_word' id='word_1_118' title='bbox 791 2008 885 2082; x_wconf 87' lang='lat' dir='ltr'>parte</span> <span class='ocrx_word' id='word_1_119' title='bbox 899 1996 1067 2062; x_wconf 86' lang='lat' dir='ltr'>feruntur:</span> 
     </span>
     <span class='ocr_line' id='line_1_19' title="bbox 241 2097 1061 2185; baseline -0.005 -20"><span class='ocrx_word' id='word_1_120' title='bbox 241 2100 412 2185; x_wconf 82' lang='lat' dir='ltr'>Terraque</span> <span class='ocrx_word' id='word_1_121' title='bbox 426 2122 500 2165; x_wconf 87' lang='lat' dir='ltr'>cum</span> <span class='ocrx_word' id='word_1_122' title='bbox 516 2100 644 2165; x_wconf 87' lang='lat' dir='ltr'>fumans</span> <span class='ocrx_word' id='word_1_123' title='bbox 656 2100 824 2165; x_wconf 89' lang='lat' dir='ltr'>humorem</span> <span class='ocrx_word' id='word_1_124' title='bbox 839 2109 908 2164; x_wconf 82' lang='lat' dir='ltr'>tota</span> <span class='ocrx_word' id='word_1_125' title='bbox 924 2097 1061 2163; x_wconf 81' lang='lat' dir='ltr'>rehalat.</span> 
     </span>
     <span class='ocr_line' id='line_1_20' title="bbox 285 2201 1123 2287; baseline -0.001 -22"><span class='ocrx_word' id='word_1_126' title='bbox 285 2201 375 2268; x_wconf 93' lang='lat' dir='ltr'>Hinc</span> <span class='ocrx_word' id='word_1_127' title='bbox 389 2202 447 2267; x_wconf 92' lang='lat' dir='ltr'>ubi</span> <span class='ocrx_word' id='word_1_128' title='bbox 462 2202 520 2266; x_wconf 89' lang='lat' dir='ltr'>Sol</span> <span class='ocrx_word' id='word_1_129' title='bbox 534 2202 633 2266; x_wconf 90' lang='lat' dir='ltr'>radiis</span> <span class='ocrx_word' id='word_1_130' title='bbox 649 2212 875 2287; x_wconf 83' lang='lat' dir='ltr'>tempestatem</span> <span class='ocrx_word' id='word_1_131' title='bbox 889 2201 973 2265; x_wconf 89' lang='lat' dir='ltr'>inter</span> <span class='ocrx_word' id='word_1_132' title='bbox 988 2223 1123 2286; x_wconf 82' lang='lat' dir='ltr'>opacam</span> 
     </span>
     <span class='ocr_line' id='line_1_21' title="bbox 243 2302 1027 2388; baseline -0.004 -20"><span class='ocrx_word' id='word_1_133' title='bbox 243 2302 394 2368; x_wconf 85' lang='lat' dir='ltr'>Adversa</span> <span class='ocrx_word' id='word_1_134' title='bbox 409 2303 499 2368; x_wconf 90' lang='lat' dir='ltr'>fulsit</span> <span class='ocrx_word' id='word_1_135' title='bbox 513 2305 695 2368; x_wconf 89' lang='lat' dir='ltr'>nimborum</span> <span class='ocrx_word' id='word_1_136' title='bbox 710 2305 881 2388; x_wconf 85' lang='lat' dir='ltr'>aspergine</span> <span class='ocrx_word' id='word_1_137' title='bbox 896 2313 1027 2379; x_wconf 79' lang='lat' dir='ltr'>contra3</span> 
     </span>
     <span class='ocr_line' id='line_1_22' title="bbox 178 2403 1015 2490; baseline 0.001 -25"><span class='ocrx_word' id='word_1_138' title='bbox 178 2418 225 2466; x_wconf 78' lang='grc'>000</span> <span class='ocrx_word' id='word_1_139' title='bbox 243 2404 332 2470; x_wconf 90' lang='lat' dir='ltr'>Tum</span> <span class='ocrx_word' id='word_1_140' title='bbox 347 2405 435 2470; x_wconf 91' lang='lat' dir='ltr'>color</span> <span class='ocrx_word' id='word_1_141' title='bbox 449 2407 483 2469; x_wconf 90' lang='lat' dir='ltr'>in</span> <span class='ocrx_word' id='word_1_142' title='bbox 498 2406 599 2490; x_wconf 86' lang='lat' dir='ltr'>nigris</span> <span class='ocrx_word' id='word_1_143' title='bbox 615 2405 725 2470; x_wconf 81' lang='lat' dir='ltr'>existit</span> <span class='ocrx_word' id='word_1_144' title='bbox 740 2406 882 2469; x_wconf 90' lang='lat' dir='ltr'>nubibus</span> <span class='ocrx_word' id='word_1_145' title='bbox 897 2403 1015 2488; x_wconf 89' lang='lat' dir='ltr'>Arqui.</span> 
     </span>
     <span class='ocr_line' id='line_1_23' title="bbox 286 2506 1236 2596; baseline 0.001 -26"><span class='ocrx_word' id='word_1_146' title='bbox 286 2506 426 2583; x_wconf 88' lang='lat' dir='ltr'>Caetera,</span> <span class='ocrx_word' id='word_1_147' title='bbox 442 2528 518 2596; x_wconf 57' lang='lat' dir='ltr'>quae</span> <span class='ocrx_word' id='word_1_148' title='bbox 532 2528 660 2570; x_wconf 87' lang='lat' dir='ltr'>sursum</span> <span class='ocrx_word' id='word_1_149' title='bbox 674 2516 837 2584; x_wconf 90' lang='lat' dir='ltr'>crescunt,</span> <span class='ocrx_word' id='word_1_150' title='bbox 853 2527 1046 2590; x_wconf 88' lang='lat' dir='ltr'>sursumque</span> <span class='ocrx_word' id='word_1_151' title='bbox 1061 2515 1236 2584; x_wconf 86' lang='lat' dir='ltr'>creantur;</span> 
     </span>
     <span class='ocr_line' id='line_1_24' title="bbox 244 2609 1111 2693; baseline 0 -21"><span class='ocrx_word' id='word_1_152' title='bbox 244 2609 291 2672; x_wconf 94' lang='lat' dir='ltr'>Et</span> <span class='ocrx_word' id='word_1_153' title='bbox 305 2632 379 2692; x_wconf 92' lang='lat' dir='ltr'>quae</span> <span class='ocrx_word' id='word_1_154' title='bbox 395 2619 609 2674; x_wconf 91' lang='lat' dir='ltr'>concrescunt</span> <span class='ocrx_word' id='word_1_155' title='bbox 622 2611 656 2672; x_wconf 93' lang='lat' dir='ltr'>in</span> <span class='ocrx_word' id='word_1_156' title='bbox 671 2610 814 2673; x_wconf 90' lang='lat' dir='ltr'>nubibus</span> <span class='ocrx_word' id='word_1_157' title='bbox 829 2609 945 2685; x_wconf 85' lang='lat' dir='ltr'>omnia,</span> <span class='ocrx_word' id='word_1_158' title='bbox 960 2630 1111 2693; x_wconf 89' lang='lat' dir='ltr'>prorsum</span> 
     </span>
     <span class='ocr_line' id='line_1_25' title="bbox 244 2708 1125 2794; baseline 0 -21"><span class='ocrx_word' id='word_1_159' title='bbox 244 2709 374 2787; x_wconf 82' lang='lat' dir='ltr'>Omnia,</span> <span class='ocrx_word' id='word_1_160' title='bbox 390 2709 471 2787; x_wconf 84' lang='lat' dir='ltr'>Nix,</span> <span class='ocrx_word' id='word_1_161' title='bbox 488 2710 599 2787; x_wconf 88' lang='lat' dir='ltr'>Venti,</span> <span class='ocrx_word' id='word_1_162' title='bbox 618 2709 767 2788; x_wconf 83' lang='lat' dir='ltr'>Grande,</span> <span class='ocrx_word' id='word_1_163' title='bbox 783 2708 966 2794; x_wconf 89' lang='lat' dir='ltr'>gelidaeque</span> <span class='ocrx_word' id='word_1_164' title='bbox 981 2708 1125 2786; x_wconf 86' lang='lat' dir='ltr'>Pruinae,</span> 
     </span>
     <span class='ocr_line' id='line_1_26' title="bbox 244 2810 1111 2895; baseline -0.001 -21"><span class='ocrx_word' id='word_1_165' title='bbox 244 2811 291 2874; x_wconf 92' lang='lat' dir='ltr'>Et</span> <span class='ocrx_word' id='word_1_166' title='bbox 306 2812 353 2874; x_wconf 90' lang='lat' dir='ltr'>vis</span> <span class='ocrx_word' id='word_1_167' title='bbox 369 2833 485 2895; x_wconf 83' lang='lat' dir='ltr'>magno</span> <span class='ocrx_word' id='word_1_168' title='bbox 500 2810 587 2888; x_wconf 89' lang='lat' dir='ltr'>Geli,</span> <span class='ocrx_word' id='word_1_169' title='bbox 602 2834 753 2895; x_wconf 84' lang='lat' dir='ltr'>magnum</span> <span class='ocrx_word' id='word_1_170' title='bbox 767 2811 922 2875; x_wconf 85' lang='lat' dir='ltr'>duramen</span> <span class='ocrx_word' id='word_1_171' title='bbox 938 2833 1111 2894; x_wconf 72' lang='lat' dir='ltr'>aquarum,</span> 
     </span>
     <span class='ocr_line' id='line_1_27' title="bbox 179 2912 1229 2997; baseline 0.006 -24"><span class='ocrx_word' id='word_1_172' title='bbox 179 2925 228 2972; x_wconf 78' lang='grc'>000</span> <span class='ocrx_word' id='word_1_173' title='bbox 248 2912 295 2975; x_wconf 94' lang='lat' dir='ltr'>Et</span> <span class='ocrx_word' id='word_1_174' title='bbox 309 2933 409 2990; x_wconf 82' lang='lat' dir='ltr'>mora,</span> <span class='ocrx_word' id='word_1_175' title='bbox 424 2934 499 2996; x_wconf 82' lang='lat' dir='ltr'>quae</span> <span class='ocrx_word' id='word_1_176' title='bbox 513 2912 629 2977; x_wconf 90' lang='lat' dir='ltr'>fluvios</span> <span class='ocrx_word' id='word_1_177' title='bbox 644 2914 765 2997; x_wconf 86' lang='lat' dir='ltr'>passim</span> <span class='ocrx_word' id='word_1_178' title='bbox 779 2912 932 2979; x_wconf 81' lang='lat' dir='ltr'>relraenat</span> <span class='ocrx_word' id='word_1_179' title='bbox 946 2913 1092 2979; x_wconf 84' lang='lat' dir='ltr'>eunteis:</span> <span class='ocrx_word' id='word_1_180' title='bbox 1193 2982 1196 2987; x_wconf 21' lang='lat'><strong>⁴</strong></span> <span class='ocrx_word' id='word_1_181' title='bbox 1212 2982 1229 2988; x_wconf 66' lang='grc'>,,</span> 
     </span>
    </p>
   </div>
   <div class='ocr_carea' id='block_1_3' title="bbox 160 3178 1274 4212">
    <p class='ocr_par' dir='ltr' id='par_1_3' title="bbox 160 3178 1269 3626">
     <span class='ocr_line' id='line_1_28' title="bbox 193 3178 1269 3244; baseline 0.001 -16"><span class='ocrx_word' id='word_1_182' title='bbox 193 3181 247 3229; x_wconf 80' lang='grc'><strong>508.</strong></span> <span class='ocrx_word' id='word_1_183' title='bbox 270 3178 383 3244; x_wconf 71' lang='lat' dir='ltr'>Conferte</span> <span class='ocrx_word' id='word_1_184' title='bbox 399 3183 469 3229; x_wconf 78' lang='grc'><strong>00100</strong></span> <span class='ocrx_word' id='word_1_185' title='bbox 486 3183 510 3229; x_wconf 73' lang='lat' dir='ltr'>m·</span> <span class='ocrx_word' id='word_1_186' title='bbox 526 3182 589 3229; x_wconf 76' lang='lat' dir='ltr'>venti</span> <span class='ocrx_word' id='word_1_187' title='bbox 605 3183 696 3228; x_wconf 78' lang='lat' dir='ltr'>mittere</span> <span class='ocrx_word' id='word_1_188' title='bbox 729 3186 794 3229; x_wconf 83' lang='lat' dir='ltr'>trent</span> <span class='ocrx_word' id='word_1_189' title='bbox 805 3179 863 3229; x_wconf 88' lang='lat' dir='ltr'>solis</span> <span class='ocrx_word' id='word_1_190' title='bbox 877 3180 947 3239; x_wconf 73' lang='lat' dir='ltr'>radii,</span> <span class='ocrx_word' id='word_1_191' title='bbox 960 3188 1032 3244; x_wconf 83' lang='lat' dir='ltr'>atque</span> <span class='ocrx_word' id='word_1_192' title='bbox 1048 3180 1106 3230; x_wconf 87' lang='lat' dir='ltr'>inde</span> <span class='ocrx_word' id='word_1_193' title='bbox 1124 3179 1185 3238; x_wconf 86' lang='lat' dir='ltr'>Iris;</span> <span class='ocrx_word' id='word_1_194' title='bbox 1204 3196 1269 3244; x_wconf 89' lang='lat' dir='ltr'>quo-</span> 
     </span>
     <span class='ocr_line' id='line_1_29' title="bbox 160 3244 1269 3309; baseline 0.001 -16"><span class='ocrx_word' id='word_1_195' title='bbox 160 3244 261 3309; x_wconf 74' lang='lat' dir='ltr'>certam]</span> <span class='ocrx_word' id='word_1_196' title='bbox 273 3245 326 3294; x_wconf 74' lang='lat' dir='ltr'>Vin</span> <span class='ocrx_word' id='word_1_197' title='bbox 338 3245 455 3294; x_wconf 87' lang='lat' dir='ltr'>Nubesvi</span> <span class='ocrx_word' id='word_1_198' title='bbox 467 3245 534 3294; x_wconf 89' lang='lat' dir='ltr'>venti</span> <span class='ocrx_word' id='word_1_199' title='bbox 543 3244 696 3293; x_wconf 73' lang='lat' dir='ltr'>condensatas</span> <span class='ocrx_word' id='word_1_200' title='bbox 728 3245 794 3293; x_wconf 85' lang='lat' dir='ltr'>niam</span> <span class='ocrx_word' id='word_1_201' title='bbox 806 3260 866 3294; x_wconf 90' lang='lat' dir='ltr'>vero</span> <span class='ocrx_word' id='word_1_202' title='bbox 876 3245 937 3294; x_wconf 85' lang='lat' dir='ltr'>nibil</span> <span class='ocrx_word' id='word_1_203' title='bbox 949 3245 979 3294; x_wconf 91' lang='lat' dir='ltr'>de</span> <span class='ocrx_word' id='word_1_204' title='bbox 991 3245 1112 3295; x_wconf 89' lang='lat' dir='ltr'>coloribus</span> <span class='ocrx_word' id='word_1_205' title='bbox 1128 3255 1171 3294; x_wconf 84' lang='lat' dir='ltr'>aut</span> <span class='ocrx_word' id='word_1_206' title='bbox 1186 3246 1269 3295; x_wconf 80' lang='lat' dir='ltr'>forme</span> 
     </span>
     <span class='ocr_line' id='line_1_30' title="bbox 160 3309 1228 3376; baseline 0.001 -19"><span class='ocrx_word' id='word_1_207' title='bbox 160 3325 234 3372; x_wconf 76' lang='lat' dir='ltr'>eques</span> <span class='ocrx_word' id='word_1_208' title='bbox 242 3309 356 3360; x_wconf 77' lang='lat' dir='ltr'>collectas</span> <span class='ocrx_word' id='word_1_209' title='bbox 365 3310 479 3360; x_wconf 91' lang='lat' dir='ltr'>mittunt:</span> <span class='ocrx_word' id='word_1_210' title='bbox 497 3311 532 3359; x_wconf 76' lang='lat' dir='ltr'>itu</span> <span class='ocrx_word' id='word_1_211' title='bbox 541 3310 695 3374; x_wconf 82' lang='lat' dir='ltr'>interpretes,</span> <span class='ocrx_word' id='word_1_212' title='bbox 730 3310 804 3358; x_wconf 91' lang='lat' dir='ltr'>Iridis</span> <span class='ocrx_word' id='word_1_213' title='bbox 816 3310 952 3369; x_wconf 89' lang='lat' dir='ltr'>Lucretius,</span> <span class='ocrx_word' id='word_1_214' title='bbox 965 3311 1024 3373; x_wconf 90' lang='lat' dir='ltr'>quid</span> <span class='ocrx_word' id='word_1_215' title='bbox 1032 3311 1086 3376; x_wconf 89' lang='lat' dir='ltr'>ipse</span> <span class='ocrx_word' id='word_1_216' title='bbox 1097 3309 1228 3372; x_wconf 74' lang='lat' dir='ltr'>adjiciam?</span> 
     </span>
     <span class='ocr_line' id='line_1_31' title="bbox 160 3374 1268 3439; baseline 0.002 -17"><span class='ocrx_word' id='word_1_217' title='bbox 160 3377 333 3425; x_wconf 85' lang='lat' dir='ltr'>contenderem</span> <span class='ocrx_word' id='word_1_218' title='bbox 344 3392 402 3426; x_wconf 81' lang='lat' dir='ltr'>vero</span> <span class='ocrx_word' id='word_1_219' title='bbox 414 3392 485 3426; x_wconf 86' lang='lat' dir='ltr'>voces</span> <span class='ocrx_word' id='word_1_220' title='bbox 496 3375 555 3424; x_wconf 80' lang='lat' dir='ltr'>istus</span> <span class='ocrx_word' id='word_1_221' title='bbox 566 3378 589 3423; x_wconf 79' lang='grc'>01</span> <span class='ocrx_word' id='word_1_222' title='bbox 604 3378 665 3423; x_wconf 76' lang='lat' dir='ltr'>venti</span> <span class='ocrx_word' id='word_1_223' title='bbox 682 3389 696 3422; x_wconf 94' lang='lat' dir='ltr'>e</span> <span class='ocrx_word' id='word_1_224' title='bbox 762 3377 817 3423; x_wconf 78' lang='lat'><strong>525.</strong></span> <span class='ocrx_word' id='word_1_225' title='bbox 836 3375 1025 3439; x_wconf 74' lang='lat' dir='ltr'>Color-Atqui]</span> <span class='ocrx_word' id='word_1_226' title='bbox 1039 3377 1096 3438; x_wconf 89' lang='lat' dir='ltr'>lpse</span> <span class='ocrx_word' id='word_1_227' title='bbox 1107 3374 1215 3424; x_wconf 76' lang='lat' dir='ltr'>scelestis</span> <span class='ocrx_word' id='word_1_228' title='bbox 1226 3391 1268 3424; x_wconf 84' lang='lat' dir='ltr'>ar·</span> 
     </span>
     <span class='ocr_line' id='line_1_32' title="bbox 161 3439 1269 3501; baseline 0.002 -15"><span class='ocrx_word' id='word_1_229' title='bbox 161 3441 273 3501; x_wconf 81' lang='lat' dir='ltr'>sequenti</span> <span class='ocrx_word' id='word_1_230' title='bbox 293 3456 365 3488; x_wconf 85' lang='lat' dir='ltr'>versu</span> <span class='ocrx_word' id='word_1_231' title='bbox 384 3441 459 3489; x_wconf 85' lang='lat' dir='ltr'>fuisse</span> <span class='ocrx_word' id='word_1_232' title='bbox 482 3442 529 3489; x_wconf 89' lang='lat' dir='ltr'>huc</span> <span class='ocrx_word' id='word_1_233' title='bbox 552 3439 651 3496; x_wconf 78' lang='lat' dir='ltr'>delatas,</span> <span class='ocrx_word' id='word_1_234' title='bbox 672 3448 698 3488; x_wconf 85' lang='lat' dir='ltr'>et</span> <span class='ocrx_word' id='word_1_235' title='bbox 729 3455 779 3497; x_wconf 92' lang='lat' dir='ltr'>cus,</span> <span class='ocrx_word' id='word_1_236' title='bbox 798 3448 826 3488; x_wconf 87' lang='lat' dir='ltr'>ut</span> <span class='ocrx_word' id='word_1_237' title='bbox 844 3439 902 3488; x_wconf 84' lang='lat' dir='ltr'>slibi</span> <span class='ocrx_word' id='word_1_238' title='bbox 916 3443 1016 3500; x_wconf 70' lang='lat' dir='ltr'>flamme</span> <span class='ocrx_word' id='word_1_239' title='bbox 1036 3443 1126 3498; x_wconf 82' lang='lat' dir='ltr'>colores,</span> <span class='ocrx_word' id='word_1_240' title='bbox 1147 3439 1269 3488; x_wconf 76' lang='lat' dir='ltr'>Flamma.</span> 
     </span>
     <span class='ocr_line' id='line_1_33' title="bbox 161 3503 1269 3569; baseline 0.002 -19"><span class='ocrx_word' id='word_1_241' title='bbox 161 3503 303 3552; x_wconf 82' lang='lat' dir='ltr'>Lucretium</span> <span class='ocrx_word' id='word_1_242' title='bbox 312 3505 446 3569; x_wconf 83' lang='lat' dir='ltr'>scripsisse,</span> <span class='ocrx_word' id='word_1_243' title='bbox 456 3509 540 3554; x_wconf 74' lang='lat' dir='ltr'>imbres</span> <span class='ocrx_word' id='word_1_244' title='bbox 548 3513 596 3553; x_wconf 81' lang='lat' dir='ltr'>tum</span> <span class='ocrx_word' id='word_1_245' title='bbox 606 3508 697 3553; x_wconf 75' lang='lat' dir='ltr'>mittere</span> <span class='ocrx_word' id='word_1_246' title='bbox 730 3504 788 3553; x_wconf 80' lang='lat' dir='ltr'>Sive</span> <span class='ocrx_word' id='word_1_247' title='bbox 798 3507 882 3562; x_wconf 83' lang='lat' dir='ltr'>Arcus,</span> <span class='ocrx_word' id='word_1_248' title='bbox 896 3504 948 3552; x_wconf 88' lang='lat' dir='ltr'>sive</span> <span class='ocrx_word' id='word_1_249' title='bbox 959 3507 1025 3563; x_wconf 81' lang='lat' dir='ltr'>Aret,</span> <span class='ocrx_word' id='word_1_250' title='bbox 1037 3505 1089 3554; x_wconf 78' lang='lat' dir='ltr'>sive</span> <span class='ocrx_word' id='word_1_251' title='bbox 1105 3507 1183 3567; x_wconf 79' lang='lat' dir='ltr'>Arqut</span> <span class='ocrx_word' id='word_1_252' title='bbox 1197 3504 1269 3568; x_wconf 73' lang='lat' dir='ltr'>legn-</span> 
     </span>
     <span class='ocr_line' id='line_1_34' title="bbox 161 3568 972 3626; baseline 0.004 -12"><span class='ocrx_word' id='word_1_253' title='bbox 161 3575 258 3616; x_wconf 82' lang='lat' dir='ltr'>certant.</span> <span class='ocrx_word' id='word_1_254' title='bbox 730 3578 777 3626; x_wconf 90' lang='lat' dir='ltr'>tur,</span> <span class='ocrx_word' id='word_1_255' title='bbox 789 3568 852 3616; x_wconf 83' lang='lat' dir='ltr'>nihil</span> <span class='ocrx_word' id='word_1_256' title='bbox 863 3569 972 3618; x_wconf 89' lang='lat' dir='ltr'>interest.</span> 
     </span>
    </p>

    <p class='ocr_par' dir='ltr' id='par_1_4' title="bbox 195 3632 1270 3696">
     <span class='ocr_line' id='line_1_35' title="bbox 195 3632 1270 3696; baseline 0.005 -18"><span class='ocrx_word' id='word_1_257' title='bbox 195 3632 249 3679; x_wconf 81' lang='lat'>516.</span> <span class='ocrx_word' id='word_1_258' title='bbox 272 3632 384 3696; x_wconf 80' lang='lat' dir='ltr'>Utroque]</span> <span class='ocrx_word' id='word_1_259' title='bbox 397 3633 582 3695; x_wconf 60' lang='lat' dir='ltr'>illibatumque.</span> <span class='ocrx_word' id='word_1_260' title='bbox 763 3634 818 3680; x_wconf 81' lang='lat'><strong>526.</strong></span> <span class='ocrx_word' id='word_1_261' title='bbox 849 3636 945 3692; x_wconf 76' lang='lat' dir='ltr'>Caetetu,</span> <span class='ocrx_word' id='word_1_262' title='bbox 968 3650 1019 3696; x_wconf 74' lang='lat' dir='ltr'>qua</span> <span class='ocrx_word' id='word_1_263' title='bbox 1040 3650 1130 3682; x_wconf 80' lang='lat' dir='ltr'>rursum</span> <span class='ocrx_word' id='word_1_264' title='bbox 1153 3642 1270 3693; x_wconf 68' lang='lat' dir='ltr'>eruerent,</span> 
     </span>
    </p>

    <p class='ocr_par' dir='ltr' id='par_1_5' title="bbox 160 3696 1271 3825">
     <span class='ocr_line' id='line_1_36' title="bbox 195 3696 1271 3761; baseline 0.005 -20"><span class='ocrx_word' id='word_1_265' title='bbox 195 3696 249 3742; x_wconf 74' lang='lat'>518.</span> <span class='ocrx_word' id='word_1_266' title='bbox 267 3698 301 3743; x_wconf 83' lang='lat' dir='ltr'>At</span> <span class='ocrx_word' id='word_1_267' title='bbox 317 3700 415 3747; x_wconf 74' lang='lat' dir='ltr'>retinere</span> <span class='ocrx_word' id='word_1_268' title='bbox 435 3696 489 3760; x_wconf 81' lang='lat' dir='ltr'>diu]</span> <span class='ocrx_word' id='word_1_269' title='bbox 511 3696 613 3755; x_wconf 78' lang='lat' dir='ltr'>Morari,</span> <span class='ocrx_word' id='word_1_270' title='bbox 630 3696 696 3744; x_wconf 87' lang='lat' dir='ltr'>domi</span> <span class='ocrx_word' id='word_1_271' title='bbox 729 3696 787 3760; x_wconf 78' lang='lat' dir='ltr'>eto]</span> <span class='ocrx_word' id='word_1_272' title='bbox 799 3699 857 3745; x_wconf 90' lang='lat' dir='ltr'>Ver.</span> <span class='ocrx_word' id='word_1_273' title='bbox 871 3699 893 3744; x_wconf 90' lang='lat'>8.</span> <span class='ocrx_word' id='word_1_274' title='bbox 911 3699 942 3746; x_wconf 91' lang='lat' dir='ltr'>de</span> <span class='ocrx_word' id='word_1_275' title='bbox 958 3698 1022 3756; x_wconf 82' lang='lat' dir='ltr'>nive,</span> <span class='ocrx_word' id='word_1_276' title='bbox 1040 3706 1120 3756; x_wconf 88' lang='lat' dir='ltr'>vento,</span> <span class='ocrx_word' id='word_1_277' title='bbox 1137 3698 1271 3761; x_wconf 76' lang='lat' dir='ltr'>grandine,</span> 
     </span>
     <span class='ocr_line' id='line_1_37' title="bbox 160 3758 1269 3825; baseline 0.006 -20"><span class='ocrx_word' id='word_1_278' title='bbox 160 3758 272 3807; x_wconf 84' lang='lat' dir='ltr'>homines</span> <span class='ocrx_word' id='word_1_279' title='bbox 284 3759 397 3809; x_wconf 85' lang='lat' dir='ltr'>retinere.</span> <span class='ocrx_word' id='word_1_280' title='bbox 427 3761 511 3810; x_wconf 80' lang='lat' dir='ltr'>Faber.</span> <span class='ocrx_word' id='word_1_281' title='bbox 729 3762 825 3825; x_wconf 84' lang='lat' dir='ltr'>pruina,</span> <span class='ocrx_word' id='word_1_282' title='bbox 835 3761 920 3824; x_wconf 76' lang='lat' dir='ltr'>glacie,</span> <span class='ocrx_word' id='word_1_283' title='bbox 931 3762 992 3810; x_wconf 92' lang='lat' dir='ltr'>nihil</span> <span class='ocrx_word' id='word_1_284' title='bbox 1004 3761 1109 3825; x_wconf 85' lang='lat' dir='ltr'>speciale</span> <span class='ocrx_word' id='word_1_285' title='bbox 1122 3759 1269 3820; x_wconf 78' lang='lat' dir='ltr'>Lucretius3</span> 
     </span>
    </p>

    <p class='ocr_par' dir='ltr' id='par_1_6' title="bbox 161 3823 1271 3954">
     <span class='ocr_line' id='line_1_38' title="bbox 195 3823 1271 3890; baseline 0.004 -19"><span class='ocrx_word' id='word_1_286' title='bbox 195 3823 250 3871; x_wconf 75' lang='lat'><strong>519.</strong></span> <span class='ocrx_word' id='word_1_287' title='bbox 277 3826 355 3871; x_wconf 83' lang='lat' dir='ltr'>Multa</span> <span class='ocrx_word' id='word_1_288' title='bbox 375 3824 487 3887; x_wconf 68' lang='lat' dir='ltr'>ficerunt]</span> <span class='ocrx_word' id='word_1_289' title='bbox 516 3825 607 3874; x_wconf 86' lang='lat' dir='ltr'>Nescio</span> <span class='ocrx_word' id='word_1_290' title='bbox 635 3824 697 3887; x_wconf 87' lang='lat' dir='ltr'>quis,</span> <span class='ocrx_word' id='word_1_291' title='bbox 730 3826 1271 3890; x_wconf 65' lang='lat' dir='ltr'>quiveroreshascontemplemuquinubes,</span> 
     </span>
     <span class='ocr_line' id='line_1_39' title="bbox 161 3888 1270 3954; baseline 0.005 -18"><span class='ocrx_word' id='word_1_292' title='bbox 161 3890 344 3947; x_wconf 68' lang='lat' dir='ltr'>multafleoturs</span> <span class='ocrx_word' id='word_1_293' title='bbox 362 3888 409 3937; x_wconf 79' lang='lat' dir='ltr'>ista</span> <span class='ocrx_word' id='word_1_294' title='bbox 417 3889 554 3937; x_wconf 85' lang='lat' dir='ltr'>observatio</span> <span class='ocrx_word' id='word_1_295' title='bbox 567 3889 633 3937; x_wconf 80' lang='lat' dir='ltr'>nullu</span> <span class='ocrx_word' id='word_1_296' title='bbox 644 3898 688 3937; x_wconf 85' lang='lat' dir='ltr'>est</span> <span class='ocrx_word' id='word_1_297' title='bbox 730 3901 756 3939; x_wconf 92' lang='lat' dir='ltr'>et</span> <span class='ocrx_word' id='word_1_298' title='bbox 770 3890 862 3939; x_wconf 88' lang='lat' dir='ltr'>imbres</span> <span class='ocrx_word' id='word_1_299' title='bbox 878 3891 1022 3949; x_wconf 85' lang='lat' dir='ltr'>consideret,</span> <span class='ocrx_word' id='word_1_300' title='bbox 1040 3891 1082 3954; x_wconf 92' lang='lat' dir='ltr'>qui</span> <span class='ocrx_word' id='word_1_301' title='bbox 1100 3890 1206 3953; x_wconf 89' lang='lat' dir='ltr'>denique</span> <span class='ocrx_word' id='word_1_302' title='bbox 1223 3907 1270 3941; x_wconf 80' lang='grc'>00-</span> 
     </span>
    </p>

    <p class='ocr_par' dir='ltr' id='par_1_7' title="bbox 161 3951 1274 4148">
     <span class='ocr_line' id='line_1_40' title="bbox 195 3951 1273 4068; baseline 0.006 -69"><span class='ocrx_word' id='word_1_303' title='bbox 195 3954 249 3999; x_wconf 80' lang='grc'>522,</span> <span class='ocrx_word' id='word_1_304' title='bbox 267 3951 381 4015; x_wconf 68' lang='lat' dir='ltr'>munuc]</span> <span class='ocrx_word' id='word_1_305' title='bbox 394 3953 531 4001; x_wconf 89' lang='lat' dir='ltr'>Humorem</span> <span class='ocrx_word' id='word_1_306' title='bbox 546 3969 559 4000; x_wconf 92' lang='lat' dir='ltr'>e</span> <span class='ocrx_word' id='word_1_307' title='bbox 576 3954 638 4002; x_wconf 86' lang='lat' dir='ltr'>coelo</span> <span class='ocrx_word' id='word_1_308' title='bbox 654 3955 696 4001; x_wconf 93' lang='lat' dir='ltr'>de·</span> <span class='ocrx_word' id='word_1_309' title='bbox 729 3954 779 4004; x_wconf 83' lang='lat' dir='ltr'>rias</span> <span class='ocrx_word' id='word_1_310' title='bbox 794 3954 971 4020; x_wconf 78' lang='lat' dir='ltr'>principiorum</span> <span class='ocrx_word' id='word_1_311' title='bbox 987 3956 1084 4013; x_wconf 82' lang='lat' dir='ltr'>formas,</span> <span class='ocrx_word' id='word_1_312' title='bbox 1098 3956 1196 4068; x_wconf 61' lang='lat' dir='ltr'>dputes,</span> <span class='ocrx_word' id='word_1_313' title='bbox 1214 3972 1273 4005; x_wconf 88' lang='lat' dir='ltr'>mo·</span> 
     </span>
     <span class='ocr_line' id='line_1_41' title="bbox 161 4015 1274 4084; baseline 0.008 -20"><span class='ocrx_word' id='word_1_314' title='bbox 161 4016 257 4080; x_wconf 84' lang='lat' dir='ltr'>lapsum</span> <span class='ocrx_word' id='word_1_315' title='bbox 266 4015 354 4064; x_wconf 88' lang='lat' dir='ltr'>iterum</span> <span class='ocrx_word' id='word_1_316' title='bbox 364 4026 436 4079; x_wconf 86' lang='lat' dir='ltr'>atque</span> <span class='ocrx_word' id='word_1_317' title='bbox 444 4017 533 4065; x_wconf 85' lang='lat' dir='ltr'>iterum</span> <span class='ocrx_word' id='word_1_318' title='bbox 545 4034 641 4067; x_wconf 90' lang='lat' dir='ltr'>sursum</span> <span class='ocrx_word' id='word_1_319' title='bbox 652 4018 696 4066; x_wconf 86' lang='lat' dir='ltr'>he·</span> <span class='ocrx_word' id='word_1_320' title='bbox 730 4029 818 4082; x_wconf 76' lang='lat' dir='ltr'>rusque</span> <span class='ocrx_word' id='word_1_321' title='bbox 839 4019 866 4067; x_wconf 92' lang='lat' dir='ltr'>in</span> <span class='ocrx_word' id='word_1_322' title='bbox 888 4020 971 4068; x_wconf 83' lang='lat' dir='ltr'>animo</span> <span class='ocrx_word' id='word_1_323' title='bbox 991 4021 1086 4078; x_wconf 79' lang='lat' dir='ltr'>babeat,</span> <span class='ocrx_word' id='word_1_324' title='bbox 1111 4020 1152 4068; x_wconf 85' lang='lat' dir='ltr'>&#39;le</span> <span class='ocrx_word' id='word_1_325' title='bbox 1173 4020 1274 4084; x_wconf 74' lang='lat' dir='ltr'>reliqua</span> 
     </span>
     <span class='ocr_line' id='line_1_42' title="bbox 161 4081 1273 4148; baseline 0.003 -18"><span class='ocrx_word' id='word_1_326' title='bbox 161 4081 210 4130; x_wconf 80' lang='lat' dir='ltr'>let:</span> <span class='ocrx_word' id='word_1_327' title='bbox 228 4083 360 4130; x_wconf 77' lang='lat' dir='ltr'>Lambinus.</span> <span class='ocrx_word' id='word_1_328' title='bbox 730 4100 784 4147; x_wconf 75' lang='lat' dir='ltr'>qum</span> <span class='ocrx_word' id='word_1_329' title='bbox 795 4099 845 4132; x_wconf 91' lang='lat' dir='ltr'>non</span> <span class='ocrx_word' id='word_1_330' title='bbox 857 4084 1011 4148; x_wconf 82' lang='lat' dir='ltr'>explicantur</span> <span class='ocrx_word' id='word_1_331' title='bbox 1021 4096 1130 4133; x_wconf 81' lang='lat' dir='ltr'>meteora</span> <span class='ocrx_word' id='word_1_332' title='bbox 1140 4085 1273 4139; x_wconf 83' lang='lat' dir='ltr'>commode</span> 
     </span>
    </p>

    <p class='ocr_par' dir='ltr' id='par_1_8' title="bbox 195 4145 948 4212">
     <span class='ocr_line' id='line_1_43' title="bbox 195 4145 948 4212; baseline 0.003 -18"><span class='ocrx_word' id='word_1_333' title='bbox 195 4146 250 4194; x_wconf 79' lang='lat'><strong>523.</strong></span> <span class='ocrx_word' id='word_1_334' title='bbox 275 4148 339 4194; x_wconf 77' lang='lat' dir='ltr'>Hinc</span> <span class='ocrx_word' id='word_1_335' title='bbox 359 4148 399 4193; x_wconf 77' lang='grc'>001</span> <span class='ocrx_word' id='word_1_336' title='bbox 421 4148 467 4203; x_wconf 84' lang='lat' dir='ltr'>Sol,</span> <span class='ocrx_word' id='word_1_337' title='bbox 486 4145 543 4208; x_wconf 77' lang='lat' dir='ltr'>eto]</span> <span class='ocrx_word' id='word_1_338' title='bbox 567 4147 607 4195; x_wconf 94' lang='lat' dir='ltr'>De</span> <span class='ocrx_word' id='word_1_339' title='bbox 631 4146 698 4197; x_wconf 89' lang='lat' dir='ltr'>Iride</span> <span class='ocrx_word' id='word_1_340' title='bbox 731 4147 948 4212; x_wconf 80' lang='lat' dir='ltr'>explicarepossit.</span> 
     </span>
    </p>
   </div>
   <div class='ocr_carea' id='block_1_4' title="bbox 161 4209 1276 4341">
    <p class='ocr_par' dir='ltr' id='par_1_9' title="bbox 161 4209 1276 4341">
     <span class='ocr_line' id='line_1_44' title="bbox 161 4209 1273 4323; baseline 0.002 -64"><span class='ocrx_word' id='word_1_341' title='bbox 161 4226 247 4274; x_wconf 76' lang='lat' dir='ltr'>pauca,</span> <span class='ocrx_word' id='word_1_342' title='bbox 259 4226 282 4258; x_wconf 89' lang='grc'>0.</span> <span class='ocrx_word' id='word_1_343' title='bbox 295 4212 317 4286; x_wconf 51' lang='lat'>3:</span> <span class='ocrx_word' id='word_1_344' title='bbox 330 4226 409 4273; x_wconf 89' lang='lat' dir='ltr'>neque</span> <span class='ocrx_word' id='word_1_345' title='bbox 424 4209 509 4258; x_wconf 87' lang='lat' dir='ltr'>multis</span> <span class='ocrx_word' id='word_1_346' title='bbox 525 4226 594 4285; x_wconf 82' lang='lat' dir='ltr'>opus,</span> <span class='ocrx_word' id='word_1_347' title='bbox 606 4211 696 4323; x_wconf 77' lang='lat' dir='ltr'>quippe</span> <span class='ocrx_word' id='word_1_348' title='bbox 740 4277 745 4288; x_wconf 35' lang='grc' dir='ltr'><strong><em>ι</em></strong></span> <span class='ocrx_word' id='word_1_349' title='bbox 763 4215 818 4260; x_wconf 82' lang='grc'><strong>530.</strong></span> <span class='ocrx_word' id='word_1_350' title='bbox 838 4214 930 4290; x_wconf 64' lang='lat' dir='ltr'>Fluvios</span> <span class='ocrx_word' id='word_1_351' title='bbox 941 4212 1052 4276; x_wconf 69' lang='lat' dir='ltr'>refrenat</span> <span class='ocrx_word' id='word_1_352' title='bbox 1068 4211 1273 4279; x_wconf 68' lang='grc' dir='ltr'><strong>0000010]νίοῤ-</strong></span> 
     </span>
     <span class='ocr_line' id='line_1_45' title="bbox 162 4275 1276 4341; baseline 0.003 -18"><span class='ocrx_word' id='word_1_353' title='bbox 162 4276 252 4325; x_wconf 90' lang='lat' dir='ltr'>nubem</span> <span class='ocrx_word' id='word_1_354' title='bbox 264 4276 370 4325; x_wconf 82' lang='lat' dir='ltr'>rondenr</span> <span class='ocrx_word' id='word_1_355' title='bbox 382 4291 413 4324; x_wconf 87' lang='lat' dir='ltr'>ex</span> <span class='ocrx_word' id='word_1_356' title='bbox 425 4275 527 4324; x_wconf 80' lang='lat' dir='ltr'>adverso</span> <span class='ocrx_word' id='word_1_357' title='bbox 538 4286 610 4325; x_wconf 81' lang='lat' dir='ltr'>suem</span> <span class='ocrx_word' id='word_1_358' title='bbox 627 4277 695 4325; x_wconf 80' lang='lat' dir='ltr'>ilus-</span> <span class='ocrx_word' id='word_1_359' title='bbox 729 4278 784 4336; x_wconf 88' lang='lat' dir='ltr'>hus,</span> <span class='ocrx_word' id='word_1_360' title='bbox 799 4279 970 4327; x_wconf 77' lang='lat' dir='ltr'>Glottecursur</span> <span class='ocrx_word' id='word_1_361' title='bbox 980 4277 1228 4341; x_wconf 78' lang='lat' dir='ltr'>fraeneretaquarum.</span> <span class='ocrx_word' id='word_1_362' title='bbox 1272 4289 1276 4317; x_wconf 78' lang='lat'>2</span> 
     </span>
    </p>
   </div>
   <div class='ocr_carea' id='block_1_5' title="bbox 0 0 1449 4852">
    <p class='ocr_par' dir='ltr' id='par_1_10' title="bbox 0 0 1449 4852">
     <span class='ocr_line' id='line_1_46' title="bbox 0 0 1449 4852; baseline 0 0"><span class='ocrx_word' id='word_1_363' title='bbox 0 0 1449 4852; x_wconf 95' lang='lat' dir='ltr'> </span> 
     </span>
    </p>
   </div>
  </div>
 </body>
</html>
