2872 4852
214 233 256 295 48
598 221 641 286 T.
672 216 943 286 LUCRETII

302 384 403 457 Quod
418 381 446 444 si
460 389 550 444 tanta
565 378 650 442 foret
666 374 762 461 sylvis
778 373 970 440 abscondita
984 370 1122 446 flamma,

300 485 380 548 Non
395 491 530 568 possent
544 478 645 545 ullum
659 487 787 562 tempus
802 475 936 541 celarier
950 471 1066 557 Ignes:

238 599 286 646 905
306 583 514 650 Conficerent
529 581 624 666 volgo
640 579 756 664 sylvas,
773 575 922 642 Arbuata
936 582 1128 639 cremarent.

345 685 368 750 J
370 707 463 750 amne
478 684 569 748 vides
584 683 695 768 igitur,
710 678 820 765 paullo
835 677 924 762 quod
941 675 1081 741 diximus
1097 684 1184 749 ante,

304 785 479 871 Permagni
492 783 615 850 referre
629 784 743 848 eadem
761 780 943 845 Primordia
958 799 1045 862 saepe

304 889 388 954 Cum
402 889 532 972 quibus,
549 896 582 951 et
597 883 686 969 quali
699 885 847 969 positura
861 881 1099 955 contineantur,

305 991 351 1057 Et
366 1012 448 1076 quos
462 990 548 1054 inter
562 1009 597 1051 se
612 987 692 1051 dent
706 995 825 1062 motus,
840 983 1082 1067 accipiantque3

240 1107 288 1155 910
305 1092 418 1176 Atque
433 1091 548 1154 eadem
561 1085 671 1173 paullo
686 1087 770 1152 inter
785 1107 821 1150 se
835 1095 960 1149 mutata
972 1104 1083 1148 creare

305 1194 414 1279 Igneis
429 1216 448 1257 e
464 1191 590 1276 Lignis‚
605 1211 672 1274 quo
687 1197 784 1273 pacto
799 1186 913 1252 Verba
928 1205 1059 1270 quoque
1073 1184 1146 1268 ipsa

305 1295 397 1360 Inter
412 1316 447 1359 se
461 1291 571 1379 paullo
585 1291 717 1356 mutatis
733 1299 808 1353 sunt
822 1288 1000 1365 elementis,

306 1398 390 1462 Cum
406 1396 534 1473 mam,
551 1404 650 1478 atque
664 1391 770 1457 Ianus
786 1391 939 1456 distincta
952 1411 1031 1455 voce
1046 1390 1216 1453 notemus?

350 1499 503 1582 Denique
514 1498 584 1582 jam
597 1516 801 1580 quaecunque
816 1493 850 1557 in
865 1494 964 1560 rebus
979 1491 1085 1559 cernis
1100 1490 1234 1576 apertis,

242 1615 290 1662 91⁵
308 1600 344 1665 Si
358 1598 431 1664 fieri
444 1620 510 1663 non
524 1620 622 1683 posse
636 1607 746 1683 putee,
761 1596 840 1680 quin
855 1594 1009 1663 Materiai

309 1703 459 1786 Corpora
472 1699 629 1765 consimili
643 1708 760 1763 natura
773 1696 913 1782 praedita
926 1695 1044 1782 fingas,

308 1804 384 1869 Hac
399 1803 524 1868 ratione
539 1801 600 1865 tibi
613 1808 752 1885 pereunt
768 1797 952 1863 Primordia
965 1818 1092 1864 rerum:

309 1905 384 1971 Fiet
398 1904 447 1968 uti
461 1903 530 1967 risu
542 1900 680 1967 tremulo
695 1922 854 1966 concussa
868 1900 1073 1978 cachinnent,
1153 1965 1156 1967 ,

310 2007 357 2071 Et
371 2004 519 2089 lacrymis
536 2003 629 2068 salsis
642 2002 830 2069 humectent
845 2025 913 2080 ora,
929 2022 1107 2086 genasque.

245 2120 294 2169 sao
356 2106 457 2171 Nunc
469 2127 543 2190 age,
559 2105 651 2190 quod
664 2114 815 2189 superest
829 2124 1002 2190 cognosce,
1014 2112 1049 2169 et
1063 2101 1185 2169 clarius·
1195 2101 1282 2168 audi.

310 2207 385 2273 Nec
399 2229 451 2272 me
466 2207 563 2272 animi
577 2205 659 2271 fallit
670 2227 768 2291 quam
781 2205 847 2271 sint
861 2207 1012 2282 obscura,
1028 2204 1088 2272 sed
1101 2205 1169 2270 acri

310 2310 479 2376 Percussit
493 2308 608 2394 thyrso
623 2307 748 2373 Laudis
764 2329 841 2393 spes
854 2328 973 2392 magna
987 2306 1102 2372 Meum
1116 2328 1185 2384 cor,

310 2412 358 2478 Et
372 2410 465 2478 simul
479 2412 616 2477 incussit
629 2431 762 2475 suavem
775 2407 821 2473 mi
834 2409 867 2474 in
881 2418 998 2494 pectus
1013 2428 1155 2473 amorem

257 2665 312 2713 906.
329 2666 411 2712 Iamna
422 2666 485 2712 vides
495 2667 576 2727 igitar,
588 2661 644 2727 etc]
661 2662 762 2712 Semina
793 2661 938 2727 particulam
954 2669 979 2711 et
994 2661 1188 2712 interserendam
1203 2673 1257 2710 asae
1276 2668 1335 2725 post

225 2728 303 2778 multa
314 2727 506 2791 Ignisinlignis
517 2727 593 2775 latere
604 2743 680 2792 supra
695 2727 761 2776 affir·
793 2743 876 2776 reram.
909 2726 974 2786 Alia,
991 2725 1140 2782 Lambinum
1164 2734 1190 2775 et
1204 2724 1231 2774 hi
1247 2724 1333 2801 dispu-

224 2801 341 2850 maverat,
353 2791 395 2841 illa
406 2800 488 2866 autem
498 2791 566 2866 ligna
576 2791 625 2840 ista
635 2807 686 2840 non
701 2807 760 2840 can·
793 2800 860 2841 tent:
884 2789 936 2840 sive
952 2791 1095 2866 interponas
1110 2798 1141 2866 ct,
1158 2789 1211 2840 sive
1227 2789 1333 2866 reiicraa,

224 2872 332 2970 stra
346 2856 599 2985 mattas
613 2856 764 2983 iffi
795 2853 1335 2985 adstetuffitmttthlt

226 2985 296 3049 Ignis
306 2984 409 3034 induere
422 3000 473 3034 non
488 2993 636 3049 pomorana
657 2993 683 3034 et
697 2984 764 3044 inde,
797 2985 902 3048 elegans,
914 2994 940 3034 et
950 3001 1068 3036 morosus.

224 3065 247 3099 v.
261 3052 284 3097 8.
296 3049 485 3124 suprapositam
499 3048 601 3114 Epicuri
614 3048 766 3124 seutentiam
829 3051 885 3125 920.
906 3053 976 3100 Naar
996 3067 1047 3114 aga,
1064 3051 1126 3113 quod
1141 3055 1252 3125 ruperat,
1275 3045 1334 3124 paq]

224 3114 764 3253 atttrttttrtttsstttst?
795 3114 999 3242 ldffilm
1012 3115 1185 3229 ...3de
1199 3127 1336 3242 mm

224 3243 310 3294 eadem
321 3242 443 3308 principia
458 3243 562 3301 Coelum,
574 3243 671 3301 Terras,
683 3244 762 3302 Mare,
795 3243 937 3294 sublimiora
948 3244 1023 3304 ducit,
1035 3244 1066 3294 de
1075 3260 1120 3294 auo
1130 3243 1246 3303 carmine,
1257 3258 1280 3292 v.
1293 3243 1335 3292 80.

224 3307 307 3358 omnia
317 3308 422 3372 denique
433 3308 596 3364 constituere3
614 3307 670 3356 ideo
681 3316 764 3357 autem
795 3308 925 3384 magnifice
952 3309 1081 3373 loquutus:
1116 3308 1252 3358 Horridum
1280 3321 1335 3357 esee

223 3388 264 3448 res
275 3374 384 3423 diversas
395 3389 449 3422 esse
462 3373 520 3437 qnia
535 3372 583 3422 alia
599 3372 693 3421 semina
708 3372 764 3422 aliis
796 3373 899 3438 Eprcuri
904 3373 1092 3439 philosophiam,
1101 3388 1147 3423 neo
1158 3371 1265 3437 adrulgi
1274 3386 1334 3436 gua·

224 3437 522 3501 diversaefiguraediverso
528 3437 614 3486 ordine
617 3440 763 3502 junguntur,
797 3446 850 3488 tum
860 3438 961 3496 facetum
979 3438 1102 3503 promittit
1113 3453 1209 3488 verosa
1223 3437 1336 3486 versibau

224 3509 250 3548 et
260 3500 423 3551 diversimode
434 3512 572 3561 moventur,
584 3511 613 3551 ut
626 3501 653 3550 in
664 3503 765 3552 vocibus
796 3502 848 3552 anis
858 3503 975 3554 suavibus
986 3512 1012 3552 et
1021 3503 1116 3553 decons
1126 3503 1162 3552 ita
1171 3501 1240 3552 illam
1250 3500 1334 3566 periu-

225 3564 316 3612 Lrous
328 3573 354 3613 et
366 3566 446 3615 Ionra
457 3582 599 3616 communes
610 3576 668 3616 suut
679 3567 764 3627 literar,
796 3583 882 3617 surum
891 3578 917 3618 et
932 3577 1076 3618 ornaturum
1087 3583 1148 3626 esse,
1160 3576 1189 3617 ut
1204 3564 1334 3643 speciosis·

224 3637 333 3677 atroces
344 3628 405 3692 ipsae
416 3631 592 3679 suntdiversoe.
796 3631 859 3681 dms
876 3633 975 3682 tandem
994 3642 1019 3681 et
1039 3632 1180 3682 dulcissima
1196 3631 1335 3682 ndebitur:

257 3693 313 3740 908.
329 3695 509 3806 destineantur}
516 3694 763 3759 Aliiemqiaagaatnrr
796 3696 883 3745 saltem
900 3696 927 3744 id
946 3696 1089 3746 effecturum
1108 3698 1174 3760 qnod
1190 3695 1280 3747 medici
1298 3693 1335 3745 ia·

226 3758 402 3820 contingantur,
414 3758 444 3806 B.
456 3772 490 3807 un
508 3763 702 3822 ecanttgsmatur.
795 3759 872 3818 ciunt,
895 3761 937 3824 qui
958 3761 1080 3825 ingratam
1103 3761 1229 3825 potionem
1250 3758 1340 3825 puerit

236 3883 241 3896 ι
257 3822 313 3869 914.
329 3823 434 3884 Denique
435 3821 491 3884 jam
498 3839 642 3884 quacunque,
650 3820 706 3885 ete]
718 3823 763 3872 Ul·
796 3824 883 3875 dantes
904 3824 987 3889 poculi
1007 3840 1062 3875 oras
1081 3826 1155 3877 melle
1172 3825 1335 3890 continguntr

224 3893 311 3961 arnum
320 3894 492 3948 argumentum
499 3896 585 3935 contra
590 3887 765 3950 Anaxagoram
796 3891 865 3951 cujus
876 3904 964 3954 sapore
974 3889 1072 3955 decepti
1084 3891 1156 3954 pueri
1167 3905 1250 3941 amara
1260 3889 1337 3943 etiam

224 3951 323 4024 suhjrcrt
338 3965 370 3998 ex
389 3949 501 4009 absurdo,
518 3966 541 3999 v.
559 3951 582 3999 6.
617 3951 764 4014 Sequeretur
812 3953 927 4004 harmaca
934 3955 1072 4003 absorbent.
1099 3954 1337 4030 Impmhusquidam

225 4028 291 4089 emm
310 4013 470 4088 ὁμοιομερείας
488 4013 604 4090 ridentes,
621 4015 763 4090 flentesque,
795 3968 836 4067 lic
845 4017 921 4077 labor,
933 4019 976 4068 sed
986 4019 1074 4069 futura
1082 4019 1168 4083 gloriae
1176 4035 1234 4084 apes
1240 4019 1336 4076 incitat,

225 4077 320 4154 etthan
330 4077 357 4126 rd
367 4092 447 4154 genus
456 4087 580 4138 sonantur,
591 4089 621 4129 nt
632 4095 716 4129 omma
731 4095 764 4129 ex
796 4090 822 4130 et
832 4091 860 4131 ut
877 4082 996 4133 Memmio
1012 4099 1057 4133 auo
1074 4092 1150 4133 totam
1167 4093 1281 4135 namram
1295 4097 1336 4132 re·

224 4142 411 4192 armrhbusflen
437 4143 575 4202 roboretur.
796 4161 852 4196 rum
868 4147 982 4212 explicet,
998 4148 1140 4212 semeditnr
1155 4147 1337 4216 opnrdifflcile,

257 4205 313 4284 ⁹3⁷·
330 4158 437 4284 Remus
446 4206 549 4270 Aliquid
564 4208 650 4258 deesse
666 4216 710 4257 aut
724 4207 763 4258 in·
796 4211 908 4271 arduum,
930 4221 955 4260 et
977 4227 992 4263 a
1014 4212 1082 4263 nullo
1103 4213 1224 4267 hacteuus
1246 4212 1337 4263 Latino

225 4279 288 4320 vern
308 4281 446 4336 suspicatur
465 4271 614 4330 Gaasendus,
634 4281 677 4322 aut
696 4282 764 4323 certe
796 4275 912 4326 Carmine
924 4285 1051 4327 tentatum.
