2872 4852
450 247 621 315 LIBER
649 241 911 314 Tnnnlun
1171 248 1232 312 179

126 415 198 460 muta
221 419 281 469 crgo
299 402 506 456 audiatolubilirr
530 404 594 468 quis,
614 404 661 454 rin.
694 410 767 467 quam
782 403 833 454 sela
848 401 1190 467 niqmeondniseroetess
1205 408 1232 454 e't

125 471 248 533 (rinnon
256 472 308 533 ism
318 468 505 531 oecmritratin)
518 469 611 520 antm
619 486 661 531 pa·
694 477 825 533 putrescat.

126 543 220 584 aetram
237 545 261 583 et
277 535 349 582 Curae
365 536 445 582 edaces
461 533 520 582 alibi
535 533 660 598 appellan-
728 533 899 592 Undecimum,
911 547 926 581 a
936 548 959 581 r.
976 533 1074 582 aaran
1084 549 1107 582 r.
1119 534 1176 582 606.
1192 533 1230 582 ni·

126 609 173 650 tua.
199 599 282 662 Digna
291 598 560 663 mortalietCorpcreo
571 598 663 648 Animo
695 596 1063 661 hilaliudestquaminverbo
1073 597 1157 654 lusura
1175 597 1231 649 ideo

125 664 173 716 ista
189 663 357 716 ratiocinatio!
385 663 479 718 Quarto
494 672 577 713 sutem
588 679 660 726 argu·
694 661 937 725 enimrimsliquam
950 661 1048 715 ridemr
1063 662 1231 726 habere,quie

125 737 209 780 mento
224 728 309 779 adem
325 727 459 792 responsio,
475 743 530 790 que
544 728 660 786 meando,
693 726 740 777 ista
750 726 883 791 spirituum
889 725 995 777 demntia
1005 726 1231 792 appellatam

79 812 80 815 ’
124 792 249 845 minaeis
692 791 833 854 deliquium.

156 857 247 909 Tribus
258 855 418 920 sequentibus
432 856 590 920 mentis,
606 871 623 905 a
636 872 659 911 v,
728 857 784 905 Duo
800 855 935 918 sequentia,
950 870 999 904 ar.
1017 856 1073 904 606.
1085 855 1117 905 ad
1132 870 1156 905 v.
1173 855 1229 905 626.

124 921 181 973 476.
202 922 234 974 ad
255 938 279 971 r.
303 923 358 973 624.
379 921 468 973 medici
486 922 659 986 respondeant,
691 924 784 984 negant
798 919 1000 985 Animamexire
1019 935 1091 984 posse
1108 920 1230 984 integram

124 1001 262 1048 qmnquam
273 985 309 1035 nii
320 1001 381 1050 opus
390 995 430 1036 est
440 1002 564 1051 responso.
581 987 660 1037 crura
692 985 741 1034 nisi
756 1000 802 1049 per
817 985 900 1035 musea
913 984 1046 1048 expiretur,
1063 999 1109 1034 nec
1125 985 1230 1034 abror&

124 1051 246 1109 vacillent,
270 1050 390 1103 tardcscat
414 1051 505 1114 lingua,
526 1060 554 1100 et
575 1059 661 1104 natent
692 1049 799 1112 quidem,
818 1049 841 1098 si
862 1050 899 1098 Co
945 1052 1002 1098 reus
1021 1049 1084 1099 ieret
1105 1049 1227 1100 Animust

123 1115 196 1174 oculi,
212 1115 271 1178 quid
289 1116 341 1165 haee
361 1119 392 1165 ad
411 1115 547 1166 Animumt
573 1114 661 1178 surgis
693 1114 787 1167 addunt
797 1113 898 1177 insuper
949 1113 1023 1162 imam
1033 1112 1141 1163 intissam
1150 1113 1228 1164 diseo·

124 1179 229 1243 denique
256 1179 374 1243 gliscenti
407 1195 487 1243 neque
513 1180 541 1229 id
562 1179 661 1243 quidem
692 1179 811 1228 tutionem
828 1186 977 1226 metuentem
988 1187 1135 1241 aegramque
1151 1177 1229 1228 inrita

124 1244 221 1302 miram,
247 1243 454 1308 quemadmodum
483 1244 662 1308 quantumlibet
694 1241 927 1308 exire:Bespcndet
935 1243 1001 1307 apud
1010 1242 1229 1302 CiceronemCatn,

124 1308 233 1372 alioquin
248 1309 343 1373 peritus
358 1309 434 1359 tuerit
444 1308 597 1366 citharistes.
611 1324 660 1357 non
695 1311 759 1360 Quid
767 1310 829 1371 qnod
840 1310 1022 1370 romanianum
1034 1311 1130 1370 quiaque
1145 1311 1229 1370 oeqnis·

124 1373 216 1437 poterit
231 1383 314 1424 tamen
330 1389 380 1423 non
391 1373 545 1422 dissonantes
559 1372 660 1423 cantils-
693 1377 749 1421 eima
759 1375 843 1421 Asina
853 1375 957 1430 meatur,
968 1374 1117 1421 stanneam
1132 1375 1229 1434 iniquie-

124 1453 170 1496 nae
191 1437 337 1502 exprimere,
352 1438 375 1490 si
391 1439 532 1502 perturbate
547 1437 660 1487 intende·
693 1441 769 1486 nmo?
796 1438 878 1486 Nonae
898 1439 960 1487 robis
980 1438 1073 1485 aldeam
1086 1439 1184 1486 Animae
1200 1440 1230 1497 is,

124 1503 166 1560 ris.
178 1519 206 1553 ac
217 1502 364 1552 distenderis
376 1503 479 1552 chordas
490 1503 596 1561 cithartn
607 1517 662 1564 qun
693 1505 733 1564 qne'
746 1505 800 1563 piar
815 1509 895 1550 cernat
911 1509 934 1549 et
951 1503 1047 1564 longius,
1064 1503 1141 1558 nidere
1155 1517 1181 1550 ae
1198 1504 1231 1550 ud

123 1567 265 1618 ammoniae
285 1575 342 1617 ante
362 1567 510 1631 pulsabatur.
545 1566 662 1616 Similiter
692 1568 787 1615 arela'ora
800 1569 928 1629 proficieris
950 1569 990 1614 ille
1000 1574 1077 1614 natent
1087 1567 1228 1630 sajusobtn·

123 1630 151 1682 in
161 1633 248 1683 morbo
263 1631 393 1696 epileptico
403 1641 456 1683 ater
466 1631 508 1680 ille
524 1632 659 1680 humator·
692 1634 739 1680 sior
750 1635 820 1690 oens,
836 1648 880 1679 aaa
896 1633 995 1680 videet
1021 1633 1135 1692 Equidem
1149 1632 1232 1692 efferor

122 1711 187 1758 gana
207 1697 327 1754 deturbat,
347 1705 420 1759 atque
439 1696 498 1746 inde
517 1696 559 1745 isti
579 1705 659 1745 motus
691 1699 767 1744 studio
781 1703 862 1758 patres
875 1703 968 1755 manos,
979 1697 1105 1758 qumcclai
1116 1697 1229 1756 etdilees',

123 1760 286 1824 incompositi.
319 1761 382 1809 Cum
394 1777 451 1809 vero
463 1777 553 1824 organa
564 1770 659 1809 tantum
690 1763 799 1815 ns'deadi,¹
820 1777 891 1822 neque
907 1776 959 1808 nero
974 1776 1011 1808 aas
1027 1762 1098 1808 colum
1113 1764 1231 1810 convenire

122 1825 219 1883 afficiat,
232 1834 257 1873 et
273 1824 384 1873 debilitet
400 1827 505 1884 morbus,
518 1825 576 1888 quid
593 1825 659 1874 aliud
691 1841 752 1882 aveo,
769 1827 811 1873 red
831 1827 883 1873 illac
902 1828 979 1884 etiam,
999 1827 1027 1872 de
1043 1828 1125 1887 quibas
1141 1827 1229 1886 audiri,

123 1890 237 1938 restituat
257 1888 401 1938 Medicinat
435 1890 579 1953 Septimum,
600 1905 615 1938 a
637 1906 658 1938 v.
692 1896 716 1938 et
732 1892 784 1952 legi,
802 1897 825 1938 et
842 1893 892 1951 ipse
907 1892 1038 1951 sanamini.
1074 1892 1123 1941 Quo
1139 1892 1230 1953 quidem

122 1956 178 2003 525.
190 1955 220 2002 ad
231 1970 251 2002 v.
263 1954 318 2002 546.
331 1953 418 2003 asserit
427 1955 542 2003 Animam
552 1953 659 2002 hominis
691 1970 725 2003 me
739 1957 923 2015 proficiaceatm
942 1956 1006 2002 hand
1022 1957 1069 2002 scia
1087 1958 1139 2018 quir
1154 1954 1230 2018 facile

121 2018 275 2067 membratim
293 2018 421 2067 morientis
441 2019 532 2067 sensim
554 2018 659 2067 deficere
690 2022 834 2072 retraxerits
851 2021 911 2081 quad
926 2022 947 2066 aa·
960 2022 1011 2081 qais
1027 2021 1091 2067 Deus
1107 2022 1163 2067 milii
1180 2022 1227 2068 lar·

99 2086 100 2089 ’
122 2092 194 2145 atque
216 2082 328 2140 interire,
358 2083 427 2145 quasi
451 2083 581 2146 frigescere
609 2098 658 2130 non
689 2086 847 2145 giatnratea
860 2087 903 2130 iac
913 2087 1230 2145 ataterepneraacam,etin

122 2157 225 2209 possunt
237 2148 313 2195 Artas
325 2147 372 2195 nisi
386 2147 476 2197 Anima
487 2147 560 2195 etiam
571 2146 658 2210 friges·
692 2150 757 2194 cunis
773 2150 872 2210 angiam,
893 2150 1093 2196 calamensem:
1117 2165 1159 2197 neo
1178 2165 1230 2196 vero

122 2221 174 2259 cat:
204 2212 250 2259 hoc
271 2227 328 2259 vero
350 2220 521 2274 argumentum
543 2211 660 2275 supponit
691 2213 765 2269 velim,
783 2215 850 2273 qnasi
872 2215 966 2259 decurso
984 2215 1066 2272 spatio,
1085 2229 1100 2260 a
1119 2215 1181 2260 ealce
1198 2215 1230 2260 ad

123 2274 238 2322 Animam
255 2276 402 2339 Corpoream
415 2284 505 2323 esseet
520 2291 565 2338 per
582 2285 660 2323 totum
692 2291 795 2323 carceres
821 2279 930 2323 revocari.
976 2275 1083 2323 Demum
1108 2275 1231 2324 affirmant

123 2339 219 2402 Corpus
230 2338 350 2396 diffusam,
365 2338 430 2400 quod
446 2340 555 2386 nondum
570 2340 658 2402 proba·
693 2338 819 2396 Animum,
833 2338 947 2401 quoniam
964 2338 990 2386 in
1007 2351 1106 2402 pectore
1123 2340 1229 2388 hominis

124 2402 167 2460 vit,
180 2412 205 2451 et
215 2412 281 2451 certo
294 2403 344 2451 scio
356 2418 428 2451 nemo
440 2418 546 2465 unquam
558 2404 659 2451 demon·
692 2417 790 2466 semper
805 2401 867 2451 situs
879 2412 916 2451 est
929 2403 962 2465 (si
978 2402 1114 2467 Epicurum
1127 2403 1172 2452 viz.
1185 2420 1229 2452 au-

124 2468 218 2516 strabit.
693 2466 809 2530 diamus),
824 2475 893 2515 extra
909 2476 994 2532 pectus
1010 2482 1060 2515 non
1076 2483 1148 2531 posse
1164 2468 1228 2517 inte-

156 2533 284 2590 Octavum,
303 2547 317 2580 a
334 2548 355 2580 v.
373 2531 429 2583 tat.
446 2531 511 2581 adv.
527 2533 581 2580 556.
599 2531 662 2580 nihil
693 2547 764 2594 grum
776 2547 882 2589 manere,
895 2531 964 2595 quasi
976 2547 1033 2580 ares
1048 2531 1074 2579 in
1091 2532 1149 2581 nido
1166 2541 1230 2582 natae

124 2596 182 2659 agit.
217 2597 303 2658 Neque
318 2597 384 2645 enim
401 2597 431 2645 ab
444 2596 492 2644 alio
508 2596 661 2660 intelligendi
694 2605 763 2645 extra
774 2596 843 2644 illum
855 2595 948 2645 versari
958 2604 1088 2659 nequeant.

123 2670 166 2708 aut
193 2661 354 2709 ratiocinandi
381 2660 432 2708 vim
460 2661 534 2709 habet
561 2661 660 2720 Anima,
727 2661 856 2709 Decimum
873 2660 993 2725 quintum,
1010 2676 1025 2709 a
1041 2677 1063 2709 v.
1082 2662 1136 2709 624.
1154 2663 1186 2710 ad
1205 2677 1228 2712 v.

123 2725 326 2787 quemadmodum
337 2725 403 2774 auris
414 2725 537 2785 audiendi,
547 2736 590 2774 aut
601 2741 658 2774 ocu·
693 2727 748 2774 633.
768 2726 877 2787 ejusdem
895 2735 933 2775 est
948 2741 1004 2774 cnm
1020 2725 1121 2788 reliquis
1137 2725 1229 2786 iamne,

123 2789 161 2838 lus
182 2790 280 2839 videndi
297 2799 430 2848 mutuatur,
447 2806 532 2839 verum
548 2806 563 2838 a
579 2790 661 2855 seipsa
693 2799 718 2839 et
729 2789 816 2853 vulgus
832 2790 911 2853 sapit:
928 2805 974 2838 nec
986 2789 1108 2838 decimum
1123 2801 1229 2851 sextum,

122 2854 148 2901 id
164 2855 253 2911 habet;
274 2871 301 2903 ac
317 2854 408 2903 idcirco
420 2854 508 2903 mirum
521 2870 570 2903 non
583 2865 627 2914 est,
639 2855 661 2904 si
692 2854 1230 2919 antistans.669.nmfuseexp1icaset
1291 2874 1293 2878 ’

123 2922 233 2981 sejuncta
250 2935 265 2968 a
287 2921 396 2983 Corpore
414 2920 480 2968 auris
499 2935 549 2968 non
569 2920 660 2979 audiat,
693 2920 775 2978 Poena,
793 2919 814 2968 si
830 2928 924 2968 motum
941 2918 1078 2979 animalem,
1096 2935 1172 2982 eaque
1189 2920 1229 2970 in·

122 2999 201 3045 neque
218 2987 342 3046 sejunctus
358 2984 443 3033 oculus
460 2984 547 3043 videat,
565 2994 659 3034 secreta
690 2993 826 3033 strumenta
837 3000 891 3047 quae
902 2984 944 3033 isti
957 2984 1108 3096 {efficiendo
1124 2984 1228 3035 inservi-

123 3056 204 3096 autem
225 3065 240 3096 a
260 3050 368 3114 Corpore
392 3049 465 3098 Mens
487 3048 608 3113 intelligat
630 3065 658 3098 ac
690 3060 736 3098 unt
751 3049 924 3112 perspexisset.
977 3049 1084 3111 equenti,
1100 3065 1116 3097 a
1132 3065 1155 3097 v.
1173 3050 1228 3102 670.

122 3112 287 3162 ratiocinetur.
691 3114 722 3162 ad
742 3130 765 3162 v.
786 3113 841 3164 678.
887 3113 957 3162 Plato
975 3123 1000 3162 et
1021 3113 1171 3176 Pthagoras
1189 3130 1228 3164 re·

156 3178 236 3236 Nono,
250 3194 298 3227 av.
311 3177 366 3229 5⁵7.
379 3179 443 3227 adv.
457 3178 511 3230 578.
529 3180 575 3227 hoc
586 3179 659 3227 ruodo
691 3195 703 3226 s
721 3179 834 3237 ondeant,
847 3178 907 3226 istos
927 3178 994 3225 enim
1010 3129 1074 3226 scitis
1092 3178 1190 3241 premit,
1204 3189 1230 3228 et

121 3242 336 3305 respondendum:
354 3253 382 3290 ut
396 3244 455 3291 dum
467 3243 578 3292 videmus
592 3243 657 3290 mili·
691 3194 739 3290 alia
752 3245 804 3304 jam
823 3258 883 3305 ago:
910 3242 1032 3290 decimum
1052 3241 1184 3304 septimum
1205 3251 1231 3291 et

123 3314 173 3353 tem
190 3305 278 3368 gladio,
296 3306 398 3368 aliisque
415 3306 489 3354 armis
500 3316 657 3370 pugnantem,
691 3315 812 3363 octavum,
822 3322 837 3353 a
848 3322 871 3354 v.
884 3306 939 3356 679.
949 3304 980 3352 ad
988 3321 1011 3353 v.
1022 3305 1077 3355 712.
1088 3316 1231 3369 supponunt

123 3385 172 3417 non
185 3369 288 3418 dicimus
300 3379 381 3417 tamen
392 3370 462 3418 illum
470 3371 544 3418 armis
555 3370 658 3418 destitu·
692 3370 811 3417 Animum
823 3371 975 3432 Corporeum
986 3384 1031 3433 per
1044 3378 1121 3418 totum
1133 3371 1230 3434 Corpus

124 3441 176 3480 tum
192 3448 243 3481 non
259 3449 331 3497 posse
353 3433 450 3497 plagam
466 3433 541 3482 ullam
560 3433 658 3490 inferre,
692 3432 802 3491 diffundi,
809 3433 932 3481 etcunctis
938 3432 1005 3481 illius
1012 3433 1229 3498 partibusalligari,

124 3512 180 3545 cum
203 3512 290 3546 manus
312 3497 391 3546 adhuc
413 3507 545 3561 suppetant
572 3498 660 3560 quibus
692 3513 740 3559 quo
756 3497 818 3545 nihil
834 3496 925 3555 falsius,
937 3506 981 3544 aut
991 3498 1133 3547 absurdius:
1151 3499 1178 3547 in
1189 3515 1230 3549 ca·

123 3560 235 3624 infligere
250 3561 313 3609 ictus
330 3562 423 3624 possit3
446 3561 481 3609 sic
497 3577 553 3610 cum
569 3561 661 3610 Anima
692 3561 751 3636 pite,
762 3571 876 3623 tanquam
888 3561 1003 3625 princeps
1014 3562 1040 3610 in
1052 3562 1120 3622 solio,
1129 3563 1229 3624 residet,

123 3626 241 3674 membris
256 3625 372 3688 undique,
387 3634 415 3674 ut
431 3625 545 3690 panoplia
557 3626 661 3688 quadam
692 3625 774 3688 ibique
786 3625 931 3674 dominatun

123 3690 246 3748 induatur,
256 3689 401 3754 organisque
411 3691 472 3739 adeo
483 3691 607 3754 corporeis
618 3707 659 3739 va·
725 3691 806 3745 Quam
822 3688 899 3738 rutilis
916 3689 949 3738 sit
963 3688 1011 3738 ista
1021 3706 1036 3738 a
1048 3707 1070 3739 v.
1089 3691 1143 3743 716.
1163 3693 1195 3742 ad
1206 3711 1229 3744 v.

121 3755 172 3803 rias
187 3754 326 3803 functiones
343 3756 421 3813 obeat,
432 3755 562 3803 dicendum
576 3764 659 3803 tamen
692 3754 747 3806 740.
771 3754 802 3802 de
830 3754 953 3803 vermibus
981 3756 1116 3805 observatio
1144 3774 1229 3808 omnes

122 3835 172 3868 nou
184 3829 228 3878 est,
240 3819 283 3868 ubi
294 3819 369 3868 istum
380 3835 477 3867 omnem
489 3820 557 3882 quasi
569 3819 659 3868 milita·
691 3819 809 3877 sentiunt,
826 3819 868 3881 qui
884 3834 979 3868 vermer
999 3819 1026 3868 in
1046 3829 1118 3880 terra,
1138 3822 1229 3885 planta,

121 3900 175 3933 rem
183 3894 327 3949 apparatum
339 3884 441 3942 extrerit,
452 3884 543 3932 nullam
555 3884 604 3948 ipsi
615 3900 658 3933 ne·
691 3899 769 3942 caseo,
787 3884 859 3932 rebus
875 3885 984 3947 prolecto
998 3900 1123 3948 nunquam
1135 3887 1228 3936 anima·

122 3964 169 4012 que
185 3948 339 4012 intelligendi
351 3964 430 4011 neque
441 3948 563 3997 sentiendi
574 3965 660 4012 super·
692 3948 725 3998 tis
735 3947 831 4012 genitos
842 3948 962 3997 viderunt

122 4014 345 4062 essefunctionem.
723 4013 773 4068 Qui
806 4012 952 4062 Animarum
990 4013 1230 4077 transmigrationem

156 4077 253 4126 Decimi
272 4077 417 4141 argumenti,
436 4093 491 4126 av.
511 4076 566 4129 579.
586 4077 617 4125 ad
635 4094 658 4126 v.
692 4078 832 4136 defendunt,
862 4077 903 4126 isti
931 4076 1049 4141 effugiant
1071 4079 1147 4127 nodos
1169 4094 1229 4140 quos

124 4141 179 4188 690.
191 4141 255 4190 vires
271 4158 343 4191 nemo
355 4151 476 4205 agnoscet,
489 4142 538 4191 nisi
548 4141 590 4204 qui
602 4157 658 4191 sen·
691 4141 769 4191 nectit
785 4143 861 4191 Poita
876 4158 891 4191 a
907 4158 930 4190 v.
948 4141 1003 4192 741.
1018 4143 1049 4191 ad
1065 4159 1088 4191 v.
1106 4143 1161 4193 769.
1196 4143 1230 4190 Et

124 4204 184 4252 serit
194 4205 312 4255 Animum
322 4221 376 4255 esse
387 4206 456 4269 quasi
473 4206 659 4255 fundamentum
692 4206 780 4256 deinde
799 4222 814 4255 a
833 4222 855 4255 v.
869 4206 924 4258 770.
942 4207 973 4254 ad
990 4222 1012 4254 v.
1026 4206 1081 4258 776.
1100 4206 1229 4254 Absurdus

124 4267 199 4316 totius
214 4270 332 4329 animalis,
347 4280 372 4319 et
383 4269 479 4335 Corpus
495 4271 587 4320 Animo
605 4280 658 4320 tan-
692 4272 754 4320 foret
764 4271 876 4329 Animus,
889 4271 938 4320 nisl
949 4281 1050 4333 cuperet
1061 4269 1227 4333 Corpusvivi-
