2872 4852
199 213 243 276 30
581 211 624 275 T.
658 209 928 275 LUCRETII

286 366 432 432 Dissolvi
447 388 513 452 quo
528 389 666 452 quaeque
683 389 835 451 supremo
851 377 995 449 tempore
1011 365 1155 450 possint;

285 469 444 534 Materies
459 479 496 533 ut
512 470 700 553 suppeditet
715 470 815 533 rebus
830 468 1032 553 reparandis.

288 572 372 635 Sunt
388 573 487 656 igitur
504 571 616 634 Solida
632 571 814 635 Primordia
831 569 1045 654 simplicitate,

222 685 269 731 550
285 673 359 738 Nec
375 675 499 738 ratione
515 683 640 757 queunt
655 672 717 736 alia
731 684 858 737 servata
873 695 933 759 per
948 693 1052 735 aevum

287 777 342 840 Ex
358 775 484 840 infinito
494 776 563 860 jam
578 785 723 859 tempore
739 797 792 839 res
808 796 969 858 reparare.

329 877 494 962 Denique,
511 879 539 942 si
552 878 673 942 nullam
687 877 785 942 finem
800 877 930 941 Natura
945 874 1095 960 parasset

287 980 491 1064 Frangendis
506 981 619 1058 rebus,
630 981 699 1066 jam
715 979 862 1063 Corpora
877 979 1022 1042 materiai

287 1082 403 1165 Usque
417 1083 551 1146 redacta
566 1082 685 1159 forent,
702 1104 771 1145 aevo
786 1082 957 1165 frangente
973 1080 1094 1166 priore,

222 1196 269 1242 555
287 1182 336 1247 Ut
350 1183 430 1247 nihil
445 1206 487 1248 ex
502 1182 563 1247 illis
580 1207 599 1247 a
614 1194 704 1251 certo
720 1193 864 1268 tempore
879 1192 992 1266 posset

286 1287 501 1372 Conceptum‚
518 1309 675 1349 summum
691 1285 795 1350 aetatis
811 1284 991 1368 pervadere
1009 1282 1139 1346 florem:

285 1388 375 1453 Nam
389 1388 517 1472 quidvis
533 1388 627 1452 citius
643 1386 776 1451 dissolvi
790 1409 889 1470 posse
903 1386 1061 1462 videmus

288 1491 397 1564 Qtram
413 1513 526 1555 rursus
542 1489 643 1555 refici.
684 1490 896 1573 Quapropter
912 1487 1009 1572 longa
1025 1488 1090 1552 diei

288 1592 428 1657 lnfinitae
443 1604 523 1671 aetas
539 1593 679 1657 anteacti
695 1593 849 1676 temporis
865 1591 967 1655 omnis

223 1705 271 1753 ⁵6⁰
290 1694 391 1767 Quod
407 1694 558 1779 fregisset
573 1693 692 1771 adhuc,
709 1694 908 1770 disturbans,
925 1690 1183 1774 dissolvensque,

287 1797 327 1861 Id
342 1818 507 1879 nunquam
521 1794 646 1879 reliquo
663 1796 807 1881 reparari
823 1805 968 1878 tempore
983 1804 1113 1878 posset:

288 1897 337 1963 At
353 1920 439 1962 nunc
454 1898 602 1961 nimirum
616 1897 789 1982 frangendi
803 1897 933 1960 reddita
947 1894 1021 1958 finis

289 2001 389 2066 Certa
402 2010 528 2065 manet:
552 2001 703 2085 quoniam
718 1999 809 2064 refici
824 2021 893 2062 rem
908 2020 1070 2082 quamque
1086 1998 1243 2074 videmus,

288 2103 334 2167 Et
348 2103 441 2167 finita
457 2101 551 2167 simul
565 2103 743 2187 generatim
758 2111 905 2186 tempora
919 2103 1018 2165 rebus

224 2219 271 2265 565
287 2207 393 2283 Stare,
411 2206 529 2290 quibus
544 2206 672 2289 possint
688 2205 748 2268 aevi
764 2205 952 2289 contingere
968 2203 1093 2268 florem.

334 2307 412 2372 Huc
428 2308 565 2384 accedit,
580 2308 629 2371 uti
644 2305 845 2380 Solidissima
858 2306 1004 2369 materiai

291 2412 440 2494 Corpora
455 2432 529 2476 cum
543 2419 704 2486 constant,
721 2409 848 2493 possint
863 2418 971 2473 tamen
987 2407 1093 2472 omnia
1108 2408 1201 2471 reddi

290 2500 416 2589 Mollia,
433 2535 507 2596 quae
522 2511 613 2588 fiant,
630 2508 712 2588 Aer,
729 2508 838 2594 Aqua,
856 2509 974 2586 Terra,
991 2509 1155 2594 Vapores,

291 2615 369 2688 Quo
384 2623 482 2697 pacto
497 2613 589 2691 fiant,
606 2622 639 2676 et
654 2634 719 2696 qua
734 2612 765 2674 vi
780 2633 909 2695 cunque
924 2622 1097 2696 genantur,

238 2817 293 2863 552.
311 2818 422 2878 Denique,
437 2817 458 2862 a·
472 2818 566 2874 nnllam,
578 2814 635 2877 eta]
649 2815 743 2863 Iterum
776 2818 876 2876 diesque,
889 2815 986 2878 egregie
996 2815 1131 2862 confirmat.

205 2897 228 2929 v.
240 2882 277 2928 14.
288 2889 371 2927 monet
380 2895 462 2927 rerum
471 2879 581 2928 omnium
592 2879 744 2928 incremento
809 2880 865 2927 561.
883 2882 913 2926 Id
929 2897 1043 2942 nunqnam
1055 2876 1161 2941 'reliquo]
1183 2875 1252 2924 Libri
1268 2884 1314 2925 vet.

205 2954 324 2994 statutum
334 2959 386 2992 esse
397 2953 492 2992 certum
504 2953 530 2992 et
540 2943 669 2992 definitum
681 2953 743 2993 tem·
776 2961 891 3006 nunqnam
902 2947 1005 3006 relliqua.

205 3026 267 3074 pus;
284 3008 387 3071 ideoque
399 3008 518 3057 sominae
531 3007 619 3072 quibus
635 3008 689 3056 istae
704 3024 745 3056 res
811 3009 865 3057 666.
878 3011 933 3057 Hae
944 3012 1040 3067 aceedit,
1052 3012 1095 3067 nti,
1105 3006 1161 3070 eto]
1170 3007 1316 3055 Atomorum

205 3082 326 3136 augentur
346 3083 418 3121 certae
439 3089 492 3122 esse
512 3073 591 3133 molis,
611 3073 742 3122 indissolu·
776 3072 924 3122 soliditatem
934 3090 955 3122 v.
967 3076 1003 3122 12.
1012 3074 1147 3122 confirmat.
1177 3070 1241 3126 Quia
1250 3069 1315 3118 enim

205 3138 265 3187 bilia
287 3137 368 3195 etiam,
392 3153 436 3186 nec
457 3137 537 3201 frangi
559 3153 646 3201 posse:
674 3138 745 3186 aliter
776 3138 932 3186 manifestum
954 3148 992 3186 est
1011 3154 1065 3186 esse
1084 3137 1110 3185 in
1128 3151 1209 3186 rerum
1228 3146 1317 3183 natura

206 3203 272 3251 enim
293 3218 338 3266 per
358 3202 483 3250 infinitum
500 3202 569 3260 illud,
589 3203 654 3266 quod
676 3202 744 3260 abiit,
777 3204 886 3266 Corpora
909 3206 968 3252 dara
996 3220 1024 3252 ac
1049 3205 1134 3260 mollia,
1157 3201 1271 3257 declarat,
1295 3199 1315 3248 si

206 3277 311 3332 tempus,
319 3267 396 3316 fracta
404 3277 429 3316 et
440 3267 558 3332 dissipata
568 3267 595 3316 in
607 3276 656 3316 tam
669 3266 745 3316 exiles
777 3267 899 3331 principia
925 3268 1023 3330 quidem
1048 3277 1203 3317 assumantur
1229 3267 1315 3322 Solida,

205 3333 323 3382 minutias
333 3333 432 3382 redacta
442 3332 560 3389 fuissent;
573 3342 601 3382 ut
612 3332 687 3380 nullis
697 3348 744 3380 un·
776 3348 848 3396 posse
860 3347 891 3380 cx
901 3331 950 3380 illis
961 3332 1015 3380 fieri
1027 3349 1076 3381 non
1091 3332 1163 3380 modo
1179 3347 1218 3380 res
1235 3331 1315 3386 duras,

206 3413 286 3459 quam,
299 3398 401 3461 ideoque
414 3414 463 3446 non
474 3398 560 3462 paucis
571 3397 642 3446 annis
658 3397 743 3446 refice·
777 3407 806 3446 ut
814 3397 971 3462 perspicuum
982 3407 1025 3456 est,
1036 3413 1120 3446 verum
1133 3397 1207 3446 etiam
1219 3395 1316 3449 molles;

206 3473 298 3520 rentur,
317 3463 384 3510 etin
401 3463 490 3512 molem
506 3464 677 3512 coalescerent
712 3463 747 3512 Et
778 3463 892 3525 quoniam
904 3462 968 3525 quod
980 3462 1115 3512 concrescit
1128 3478 1161 3511 ex
1176 3461 1237 3526 ipsis
1254 3459 1315 3509 mol·

205 3525 258 3574 haec
270 3526 353 3574 omnia
363 3537 478 3590 agnoscet
491 3529 533 3590 qui
549 3545 589 3577 res
606 3528 678 3577 citius
694 3527 744 3576 dis·
778 3528 869 3577 lescere
880 3528 972 3592 poterit
983 3545 1015 3577 ex
1031 3527 1211 3577 intermistione
1227 3529 1315 3574 fannis.

206 3590 267 3638 solvi
280 3607 352 3653 quam
364 3593 432 3640 refici
444 3609 515 3656 posse
526 3593 624 3656 cogitat.
779 3593 823 3640 Sin
832 3602 914 3640 autem
924 3596 1007 3642 Mollis
1016 3602 1193 3658 supponantur,
1201 3601 1252 3639 tum
1260 3600 1315 3654 pot·

239 3656 294 3703 656.
312 3655 415 3719 Florem]
433 3659 521 3715 Finem,
539 3659 569 3705 G.
588 3658 673 3706 Lamb.
691 3656 745 3705 alii-
778 3667 851 3706 erunt
861 3657 959 3718 quidem
971 3673 1011 3707 res
1022 3657 1085 3706 effici
1098 3660 1191 3711 molles,-
1207 3664 1234 3703 at
1249 3654 1318 3702 nulla

206 3735 266 3782 que;
285 3719 405 3781 istamque
418 3720 491 3768 etiam
503 3736 587 3770 vocem
604 3722 692 3782 Fayus,
704 3720 745 3784 qui
778 3721 840 3770 ratio
849 3721 942 3770 suberit
950 3738 994 3771 cur
1002 3722 1098 3787 possint
1106 3721 1154 3770 dici
1163 3723 1228 3768 dnroe
1240 3717 1315 3772 effici3

205 3783 310 3833 aliorum
327 3799 421 3832 errores
438 3800 535 3848 semper
551 3787 677 3849 approbat,
691 3794 745 3833 tue·
778 3785 900 3834 soliditate
910 3782 1315 3850 viz.,quaeestfundamcntumdu0

207 3858 262 3897 ture
281 3858 306 3897 at
311 3851 381 3910 finem
393 3849 431 3897 vel
443 3865 543 3912 prorsus
555 3858 655 3898 enervat
670 3865 741 3912 argu·
776 3850 849 3907 ritiei,
861 3850 929 3899 nulla
940 3861 1047 3901 extante.
1079 3852 1217 3900 Gaesendaa

205 3922 322 3970 mentum,
335 3913 374 3962 vel
386 3913 472 3961 saltem
483 3913 604 3962 infirmius
619 3913 706 3972 reddit,
719 3924 744 3963 et
809 3915 864 3963 569.
882 3919 934 3968 Qun
942 3920 966 3964 ni
977 3932 1064 3978 cunque
1072 3912 1201 3980 genantur]
1216 3915 1316 3974 Quaque

205 3977 338 4026 obscurius
357 3980 411 4026 Flos
419 3982 503 4037 etatis,
516 3978 586 4039 ἀκμὴ,
593 3981 675 4041 justus
686 3994 742 4043 per·
774 3987 894 4042 geruntur,
918 3980 975 4028 Nat.
1006 3984 1130 4037 Geronton,
1143 3978 1192 4026 Gif.
1224 3986 1250 4024 et
1273 3977 1314 4024 Pa.

204 4043 329 4105 lectusque
341 4043 417 4105 vigor.
776 4053 865 4092 amant.
910 4046 1029 4094 Genantnr
1059 4054 1141 4093 tuetur
1174 4041 1315 4090 Lambinus.

238 4110 293 4165 558,
311 4109 366 4156 559.
390 4109 471 4170 Lnnga
489 4109 536 4166 diei
554 4110 654 4168 Infinita
672 4106 741 4170 oetos]
775 4110 865 4157 Totum
876 4125 934 4159 vero
947 4111 1013 4158 hunc
1025 4124 1123 4158 versum
1140 4117 1255 4170 tanquam
1268 4106 1313 4154 irn-

206 4172 286 4221 Faber
301 4171 368 4236 legit,
384 4175 452 4234 longa
468 4175 524 4230 dier,
537 4180 560 4220 et
572 4174 666 4234 Infinita
677 4181 741 4231 cetos,
774 4183 916 4285 gortunum,
926 4175 1029 4222 etmalae
1038 4173 1096 4222 fidei
1107 4186 1271 4236 possessorem
1284 4186 1316 4219 ex

205 4246 231 4284 et
248 4237 311 4285 hanc
329 4236 524 4286 emendationem
541 4237 616 4298 huJua
637 4236 700 4293 libri,
719 4253 741 4285 v.
793 4255 820 4286 oc
839 4238 892 4286 loco
910 4239 1072 4287 amovendum
1091 4253 1144 4286 esse
1163 4253 1265 4285 censeo:
1290 4246 1316 4284 at

205 4303 260 4351 234.
290 4305 385 4364 Infinita
409 4310 466 4352 etat
493 4319 613 4361 consonae,
636 4309 743 4350 anteacta
775 4302 1021 4365 siquisretineatcum
1031 4302 1143 4352 Lambini
1152 4302 1315 4367 explicatione
