2872 4852
210 247 252 308 32
591 242 634 305 T.
667 240 939 305 LUCRETII
971 264 972 268 ¹

298 399 455 483 Corporis
471 406 522 462 est
537 396 679 481 aliquod,
697 397 800 460 nostri
815 397 904 481 quod
920 418 1053 461 cernere
1070 418 1185 462 sensus

232 515 279 565 595
298 503 373 567 Jam
388 512 573 587 nequeunt3
596 503 630 566 id
646 502 794 565 nimirum
810 501 878 565 sine
893 500 1042 584 partibus
1057 511 1177 579 exstat,

297 606 344 669 Et
360 605 497 668 Minima
511 614 639 668 constat
654 614 788 681 natura3
812 625 871 667 nec
887 602 948 667 fuit
964 625 1106 687 unquam

298 708 363 772 Per
379 731 413 773 se
431 717 602 784 secretum,
617 729 724 790 neque
738 704 876 790 posthac
891 726 964 768 esse
978 704 1115 783 valebit3

297 808 445 875 Alterius
460 809 611 893 quoniam
626 818 677 873 est
691 809 798 892 ipsum
813 829 902 892 para,
918 807 1099 891 primaque,
1116 808 1244 872 etima:

296 913 379 977 Inde
395 913 476 989 aliae,
494 921 591 995 atque
608 909 678 974 aliae
694 909 812 974 similes
828 931 870 973 ex
887 910 1000 974 ordine
1015 921 1126 994 partes

232 1026 279 1074 600
297 1015 436 1099 Agmine
452 1014 617 1078 condenso
630 1020 779 1077 naturam
793 1011 949 1097 Corporis
965 1012 1111 1097 explent.

297 1118 394 1193 Quae,
409 1116 560 1200 quoniam
576 1138 637 1200 per
653 1138 687 1180 se
703 1124 869 1199 nequeunt
884 1126 1045 1194 constare,
1062 1138 1196 1181 necesse
1212 1116 1252 1178 ’st

298 1220 448 1294 Haerere,
464 1226 501 1282 ut
516 1227 679 1301 nequeant
694 1216 760 1281 ulla
774 1219 899 1282 ratione
916 1217 1037 1282 revelli.

298 1323 383 1386 Sunt
398 1321 497 1405 igitur
513 1318 625 1383 Solida
640 1319 823 1383 Primordie
839 1319 1053 1404 simplicitate,

298 1424 384 1497 Quae
399 1423 535 1488 minimis
552 1422 672 1506 stipata
686 1421 853 1485 cohaerent
867 1423 1016 1506 partibus
1032 1431 1139 1498 arcte3

234 1538 281 1584 6οὸ
298 1526 375 1590 Non
390 1548 433 1589 ex
448 1524 587 1589 ullorum
602 1534 763 1588 conventu
777 1523 958 1602 conciliata,

297 1628 366 1692 Sed
379 1628 481 1711 magis
497 1637 621 1689 aeterna
634 1624 790 1708 pollentia
806 1625 1035 1708 Simplicitate:

297 1730 396 1794 Unde
411 1749 518 1812 neque
533 1726 627 1790 avelli
642 1727 825 1810 quicquam,
842 1749 948 1811 neque
966 1727 1100 1791 diminui
1110 1728 1179 1811 jam
1260 1792 1261 1795 ,

298 1832 457 1897 Concedit
472 1830 614 1906 Natura,
630 1850 800 1893 reservans
818 1830 940 1893 semina
954 1830 1065 1893 rebus.

340 1933 516 2010 Praeterea,
533 1932 595 1996 nisi
610 1932 672 1996 erit
687 1931 870 2010 Minimum,
888 1932 1085 1997 Parvissima
1099 1954 1238 2016 quaeqne

231 2048 280 2095 διο
299 2035 445 2118 Corpora
461 2035 657 2098 constabunt
672 2035 877 2119 expertibus
894 2034 1052 2099 Infinitis:¹

297 2137 431 2220 Quippe
447 2138 504 2200 ubi
519 2135 660 2200 dimidiae
674 2137 777 2221 partis
793 2159 870 2220 pars
887 2158 1015 2222 semper
1028 2136 1164 2201 habebit

205 2389 353 2445 separatum,
366 2387 438 2444 atque
455 2379 557 2428 existis
573 2381 679 2428 Minimis
696 2387 746 2427 tote
778 2378 927 2428 sententiam
943 2377 1045 2442 corrigit
1061 2386 1086 2426 et
1102 2378 1223 2435 emendet,
1237 2377 1319 2441 potius

205 2449 323 2509 cujusque
351 2449 447 2494 Seminis
475 2444 551 2493 moles
581 2443 745 2494 constituitur.
778 2443 977 2508 quamexplicat.
1006 2443 1082 2506 Siqua
1098 2443 1164 2491 enim
1181 2442 1256 2491 sitin
1272 2443 1319 2490 hoc

205 2512 269 2559 Cum
282 2527 340 2559 vero
352 2521 434 2574 partes
444 2509 621 2558 constituentes
633 2525 648 2557 a
664 2525 690 2557 se
706 2509 745 2557 in·
779 2519 923 2572 argumento
930 2508 973 2566 vis,
984 2507 1065 2570 siquid
1073 2507 1127 2572 ipsa
1134 2508 1208 2556 verba
1214 2508 1319 2564 valeant,

205 2575 284 2624 vicem
296 2583 414 2638 separata
426 2574 532 2622 existere
545 2583 704 2636 nequeunte
720 2589 746 2622 se
779 2575 879 2621 Minimo
900 2574 960 2629 haec,
984 2588 998 2620 e
1020 2573 1108 2636 quibus
1131 2587 1176 2621 sua
1197 2572 1319 2636 principia

205 2639 311 2688 invicem
323 2638 406 2686 divelli
419 2653 468 2686 non
484 2647 601 2701 possunt:
620 2637 746 2700 quodcun·
779 2637 911 2700 componit,
923 2637 1054 2686 Lucretius
1064 2637 1137 2700 plane
1152 2639 1319 2686 anematim

205 2701 747 2830 {linirent{ltthttttehtt
779 2701 1318 2815 {ttttlttttttll‘tt'tttnt

206 2831 271 2881 tueri
289 2832 361 2880 valet,
397 2831 505 2893 Ideoque
524 2830 649 2893 quodlibet
668 2834 747 2880 Semen
780 2830 882 2894 Epicuri
894 2831 1070 2894 magnitudine,
1082 2841 1108 2879 et
1118 2832 1204 2896 ligura,
1215 2831 1319 2894 ideoque

207 2896 313 2960 simplex
331 2910 431 2944 necesse
451 2905 495 2954 est,
516 2904 542 2943 et
563 2894 745 2951 indissolubile;
779 2896 889 2958 partibus
898 2895 1003 2970 prredita
1018 2911 1071 2944 esse
1088 2896 1143 2958 quis
1159 2895 1255 2945 dubitat
1271 2896 1320 2945 uisi

207 2961 430 3024 quoniamconstst
459 2960 552 3008 artibus
563 2969 683 3024 conceptu
699 2960 745 3007 mi·
780 2959 858 3022 quiin
870 2959 1101 3025 illrusphilosophia
1116 2960 1150 3010 ho
1222 2960 1262 3018 sit,
1274 2976 1318 3008 ne·

207 3025 288 3084 nimis,
297 2975 746 3088 etquasnulbvispotestdisjungere,
779 3039 827 3087 que
855 3024 997 3088 Epicurum,
1026 3025 1079 3088 περὶ
1106 3041 1157 3086 γον
1216 3024 1321 3086 Ἀτόμου

207 3090 322 3154 quoniam
339 3089 407 3138 nulla
424 3100 461 3138 est
474 3090 577 3151 visquae
590 3089 617 3137 in
633 3089 746 3138 Nihilum
779 3088 1037 3153 scripsissenoveritl
1069 3090 1125 3138 Hoc
1147 3090 1223 3154 igitur
1242 3090 1320 3138 voluit

207 3155 288 3203 valeat
298 3153 422 3218 redigere:
441 3156 470 3202 In
482 3157 552 3202 Nintl
562 3154 627 3202 enim
637 3157 713 3203 Nintt.
779 3153 923 3202 Lueretius:
940 3155 1035 3204 semine
1045 3154 1126 3219 prima
1138 3164 1196 3204 sunt
1212 3154 1317 3204 indisso-

242 3220 305 3268 lbid
321 3219 372 3268 Alii
387 3219 480 3283 legunt,
495 3222 607 3272 Quoniam
621 3227 656 3267 ert
670 3226 745 3267 eatre-
779 3218 864 3267 lubilia
876 3228 901 3266 et
911 3227 1010 3278 aeterna,
1023 3235 1072 3268 non
1083 3220 1141 3282 quis
1151 3219 1262 3295 pertibus
1278 3235 1319 3268 ea-

207 3302 267 3333 mnm
289 3288 391 3349 qnodque
415 3301 521 3333 cacumen
551 3286 656 3346 Corporis
684 3286 748 3331 illics
780 3293 843 3342 rent,
854 3284 896 3332 sed
905 3284 962 3346 quia
988 3285 1078 3333 erfecta
1089 3284 1212 3334 soliditate
1223 3284 1319 3349 pollen·

208 3353 357 3412 qnodnostrs',
370 3358 412 3398 etc.
780 3348 816 3396 tia
831 3348 931 3397 nullavi
961 3348 966 3359 “
1000 3348 1050 3412 ‘ngi
1063 3359 1106 3398 aut
1117 3349 1201 3399 divelli
1211 3349 1317 3415 possint:

241 3417 295 3463 698.
314 3415 365 3462 Alii
376 3415 469 3479 legunt,
481 3417 587 3464 Alterius
597 3418 702 3477 qnoniam
714 3422 748 3463 est
780 3413 801 3462 si
823 3429 882 3462 vero
903 3413 958 3476 quis
980 3423 1057 3478 roget,
1079 3415 1164 3478 quales
1186 3423 1244 3464 sunt
1265 3415 1319 3464 iste

208 3482 297 3540 ipsam:
312 3483 394 3540 primm
406 3497 491 3542 quoque
502 3488 525 3528 et
536 3484 594 3528 imm.
779 3489 862 3542 partes
874 3479 987 3542 equibus
999 3479 1093 3528 semina
1106 3479 1187 3544 prima
1202 3488 1319 3543 tanquam

242 3544 296 3591 600.
314 3544 426 3607 Agmine]
437 3548 560 3607 Augmr'ne,
572 3544 621 3592 alii.
779 3543 914 3608 composita
940 3543 1128 3609 concipiuntur?
1163 3545 1239 3608 Resp.
1269 3545 1319 3592 Eas

241 3607 296 3655 602.
319 3611 351 3655 Ut
359 3617 471 3670 nequeant
482 3608 543 3670 ullo]
557 3610 634 3657 Recte
643 3609 748 3671 conjecit
780 3609 860 3657 nullas
879 3610 969 3658 habere
988 3618 1078 3673 partes,
1099 3618 1125 3658 et
1144 3624 1197 3657 esse
1220 3609 1318 3658 Mathe·

209 3672 356 3728 Lambinus;
375 3688 420 3720 nee
432 3687 474 3721 eos
486 3673 559 3720 audio
571 3673 612 3735 qui
629 3673 746 3731 scribunt,
780 3674 896 3730 maticas3
920 3673 968 3722 nisi
988 3673 1055 3721 enirn
1075 3673 1134 3721 talia
1152 3673 1255 3722 minima
1275 3674 1318 3723 de·

213 3739 278 3784 Unde
289 3744 373 3799 queant
384 3740 456 3785 nullo.
779 3746 871 3795 rentur,
883 3737 951 3786 nulls
962 3746 1027 3786 esset
1042 3737 1108 3786 inter
1117 3753 1170 3786 rem
1187 3739 1320 3787 maximam

242 3800 297 3852 607,
315 3800 381 3863 Jam]
396 3805 465 3859 Quid,
477 3801 526 3849 Gis.
538 3800 588 3848 alii.
780 3800 1113 3865 etminimaminaequalitas,
1125 3802 1240 3865 quoniam
1251 3813 1319 3852 utre·

241 3867 296 3914 609.
307 3868 433 3924 Praetereo,
443 3869 489 3914 nisi
498 3870 544 3914 erit
552 3868 679 3923 Minimum,
688 3865 745 3928 eto]
779 3881 827 3928 que
838 3881 878 3915 res
889 3866 999 3915 infinitas
1009 3876 1092 3931 partes
1102 3868 1196 3932 pariter
1206 3869 1317 3917 contine·

210 3931 286 3978 Modo
295 3930 515 3979 statueratsemina
523 3945 555 3978 ex
566 3930 677 3994 partibus
687 3946 746 3979 con·
779 3941 830 3986 ret;
861 3931 964 3994 ideoque
991 3942 1094 3995 utraque
1122 3942 1187 3982 esset
1213 3933 1317 3982 infinita.

208 4005 281 4059 septu
293 3995 401 4044 minimis
412 3994 539 4058 componi;
557 3995 616 4043 talis
626 4011 685 4043 vero
699 3995 745 4043 mi·
781 3995 911 4060 Epicurus,
925 3996 1004 4060 Epist
1016 3997 1047 4046 ad
1065 3998 1228 4055 Herodotum,
1241 3999 1269 4047 ob
1283 3999 1322 4046 lsi

208 4059 275 4108 nimo
295 4075 348 4109 esse
369 4077 391 4109 v.
416 4063 453 4108 13.
477 4059 604 4108 notissimo
626 4060 677 4118 illo,
699 4075 748 4123 quo
780 4059 883 4122 νομίζειν
895 4060 1095 4126 ἐντῷὁρισμένφ
1107 4061 1318 4127 admittebant

209 4140 293 4173 omnes
313 4124 364 4173 sere
383 4124 522 4237 philosophi
544 4133 654 4182 utuntur,
673 4139 745 4188 argu·
780 4124 867 4185 ὔγκους
887 4124 1028 4175 demolire
1047 4127 1094 4190 γὰρ
1114 4131 1204 4190 σαφῶς,
1223 4127 1319 4176 &saw

208 4199 292 4238 mento
308 4191 441 4239 confirmat
492 4205 508 4237 n
525 4188 564 4237 his
576 4189 686 4238 versibus
702 4205 745 4238 ex·
780 4189 842 4252 ἅπαξ
855 4208 892 4240 τις
909 4191 963 4254 εἴη)
981 4191 1019 4240 ὅτι
1035 4192 1125 4256 ἄπειροι
1143 4193 1212 4254 ὄγκοι
1230 4194 1257 4242 lv
1271 4192 1318 4241 τινὶ

208 4254 329 4319 plicandis
339 4271 389 4303 non
401 4264 451 4304 tarn
462 4254 603 4318 interpretis
615 4270 687 4317 quam
702 4270 745 4318 pe·
779 4251 933 4317 ὑπάρχουσιν,
946 4256 999 4305 lorl
1016 4259 1100 4316 νοῆσαι
1115 4261 1165 4307 πῶς
1179 4257 1209 4306 ἂν
1220 4256 1256 4306 br
1273 4274 1316 4306 πε-

208 4320 273 4368 troni
284 4329 367 4384 partes
378 4321 428 4384 egit
440 4319 588 4377 Gassendus,
601 4333 625 4367 et
639 4319 746 4368 Lucretii
778 4319 927 4382 περασμένον
934 4323 1007 4371 τοῦτο
1019 4322 1056 4380 εἴη
1066 4322 1095 4370 rh
1105 4320 1213 4384 μέγεθος.
