<?xml version="1.0" encoding="UTF-8"?>
<!DOCTYPE html PUBLIC "-//W3C//DTD XHTML 1.0 Transitional//EN"
    "http://www.w3.org/TR/xhtml1/DTD/xhtml1-transitional.dtd">
<html xmlns="http://www.w3.org/1999/xhtml" xml:lang="en" lang="en">
 <head>
  <title>
</title>
<meta http-equiv="Content-Type" content="text/html;charset=utf-8" />
  <meta name='ocr-system' content='tesseract 3.04.00' />
  <meta name='ocr-capabilities' content='ocr_page ocr_carea ocr_par ocr_line ocrx_word'/>
</head>
<body>
  <div class='ocr_page' id='page_1' title='image "./titilucretiicar04carugoog_0113.png"; bbox 0 0 2872 4852; ppageno 0'>
   <div class='ocr_carea' id='block_1_1' title="bbox 424 216 1240 282">
    <p class='ocr_par' dir='ltr' id='par_1_1' title="bbox 424 216 1240 282">
     <span class='ocr_line' id='line_1_1' title="bbox 424 216 1240 282; baseline 0 0"><span class='ocrx_word' id='word_1_1' title='bbox 424 217 593 282; x_wconf 85' lang='lat' dir='ltr'>LIBER</span> <span class='ocrx_word' id='word_1_2' title='bbox 621 216 924 282; x_wconf 85' lang='lat' dir='ltr'>SECUNDUS.</span> <span class='ocrx_word' id='word_1_3' title='bbox 1186 217 1240 282; x_wconf 48' lang='lat'><strong>89&gt;</strong></span> 
     </span>
    </p>
   </div>
   <div class='ocr_carea' id='block_1_2' title="bbox 137 372 1182 2299">
    <p class='ocr_par' dir='ltr' id='par_1_2' title="bbox 137 372 1182 2299">
     <span class='ocr_line' id='line_1_2' title="bbox 207 372 942 459; baseline -0.004 -19"><span class='ocrx_word' id='word_1_4' title='bbox 207 375 381 440; x_wconf 80' lang='lat' dir='ltr'><strong>Materiam</strong></span> <span class='ocrx_word' id='word_1_5' title='bbox 395 397 524 459; x_wconf 91' lang='lat' dir='ltr'><strong>quoque</strong></span> <span class='ocrx_word' id='word_1_6' title='bbox 537 373 637 438; x_wconf 87' lang='lat' dir='ltr'><strong>finitis</strong></span> <span class='ocrx_word' id='word_1_7' title='bbox 654 372 786 438; x_wconf 86' lang='lat' dir='ltr'><strong>differre</strong></span> <span class='ocrx_word' id='word_1_8' title='bbox 802 373 942 458; x_wconf 88' lang='lat' dir='ltr'>Figuris.</span> 
     </span>
     <span class='ocr_line' id='line_1_3' title="bbox 250 474 1169 562; baseline -0.004 -20"><span class='ocrx_word' id='word_1_9' title='bbox 250 478 413 562; x_wconf 90' lang='lat' dir='ltr'><strong>Denique,</strong></span> <span class='ocrx_word' id='word_1_10' title='bbox 431 479 472 541; x_wconf 91' lang='lat' dir='ltr'><strong>ab</strong></span> <span class='ocrx_word' id='word_1_11' title='bbox 487 477 623 562; x_wconf 85' lang='lat' dir='ltr'>Ignibus</span> <span class='ocrx_word' id='word_1_12' title='bbox 639 477 681 540; x_wconf 90' lang='lat' dir='ltr'><strong>ad</strong></span> <span class='ocrx_word' id='word_1_13' title='bbox 695 475 820 560; x_wconf 91' lang='lat' dir='ltr'><strong>gelidas</strong></span> <span class='ocrx_word' id='word_1_14' title='bbox 835 475 1015 559; x_wconf 85' lang='lat' dir='ltr'><strong>hiemisque</strong></span> <span class='ocrx_word' id='word_1_15' title='bbox 1031 474 1169 539; x_wconf 90' lang='lat' dir='ltr'><strong>Pruinas</strong></span> 
     </span>
     <span class='ocr_line' id='line_1_4' title="bbox 141 577 1006 663; baseline 0.002 -25"><span class='ocrx_word' id='word_1_16' title='bbox 141 593 189 639; x_wconf 82' lang='lat'><strong>515</strong></span> <span class='ocrx_word' id='word_1_17' title='bbox 208 580 318 645; x_wconf 89' lang='lat' dir='ltr'><strong>Finitu</strong></span> <span class='ocrx_word' id='word_1_18' title='bbox 333 580 383 657; x_wconf 87' lang='lat' dir='ltr'><strong>’st,</strong></span> <span class='ocrx_word' id='word_1_19' title='bbox 398 590 552 662; x_wconf 89' lang='lat' dir='ltr'><strong>retroque</strong></span> <span class='ocrx_word' id='word_1_20' title='bbox 566 580 638 663; x_wconf 92' lang='lat' dir='ltr'><strong>pari</strong></span> <span class='ocrx_word' id='word_1_21' title='bbox 652 578 776 642; x_wconf 90' lang='lat' dir='ltr'><strong>ratione</strong></span> <span class='ocrx_word' id='word_1_22' title='bbox 792 600 941 642; x_wconf 91' lang='lat' dir='ltr'><strong>remensu</strong></span> <span class='ocrx_word' id='word_1_23' title='bbox 956 577 1006 640; x_wconf 77' lang='lat' dir='ltr'><strong>’st</strong></span> 
     </span>
     <span class='ocr_line' id='line_1_5' title="bbox 206 679 1061 765; baseline -0.005 -19"><span class='ocrx_word' id='word_1_24' title='bbox 206 683 293 747; x_wconf 90' lang='lat' dir='ltr'><strong>Finit</strong></span> <span class='ocrx_word' id='word_1_25' title='bbox 306 683 392 746; x_wconf 91' lang='lat' dir='ltr'><strong>enim</strong></span> <span class='ocrx_word' id='word_1_26' title='bbox 407 680 515 757; x_wconf 88' lang='lat' dir='ltr'><strong>Calor,</strong></span> <span class='ocrx_word' id='word_1_27' title='bbox 532 702 570 745; x_wconf 91' lang='lat' dir='ltr'><strong>ac</strong></span> <span class='ocrx_word' id='word_1_28' title='bbox 585 680 715 764; x_wconf 88' lang='lat' dir='ltr'><strong>Frigus,</strong></span> <span class='ocrx_word' id='word_1_29' title='bbox 731 680 894 765; x_wconf 89' lang='lat' dir='ltr'><strong>mediique</strong></span> <span class='ocrx_word' id='word_1_30' title='bbox 911 679 1061 763; x_wconf 91' lang='lat' dir='ltr'><strong>Tepores</strong></span> 
     </span>
     <span class='ocr_line' id='line_1_6' title="bbox 206 781 1128 868; baseline -0.005 -19"><span class='ocrx_word' id='word_1_31' title='bbox 206 786 296 849; x_wconf 88' lang='lat' dir='ltr'><strong>Inter</strong></span> <span class='ocrx_word' id='word_1_32' title='bbox 311 794 483 868; x_wconf 90' lang='lat' dir='ltr'><strong>utrumque</strong></span> <span class='ocrx_word' id='word_1_33' title='bbox 495 784 617 867; x_wconf 90' lang='lat' dir='ltr'><strong>jacent,</strong></span> <span class='ocrx_word' id='word_1_34' title='bbox 634 783 804 868; x_wconf 85' lang='lat' dir='ltr'><strong>explentes</strong></span> <span class='ocrx_word' id='word_1_35' title='bbox 819 782 933 847; x_wconf 87' lang='lat' dir='ltr'><strong>ordine</strong></span> <span class='ocrx_word' id='word_1_36' title='bbox 947 781 1128 845; x_wconf 87' lang='lat' dir='ltr'><strong>Summam:</strong></span> 
     </span>
     <span class='ocr_line' id='line_1_7' title="bbox 178 885 816 970; baseline -0.003 -19"><span class='ocrx_word' id='word_1_37' title='bbox 178 922 181 927; x_wconf 95' lang='lat'><em>·</em></span> <span class='ocrx_word' id='word_1_38' title='bbox 207 888 299 970; x_wconf 90' lang='lat' dir='ltr'><strong>Ergo</strong></span> <span class='ocrx_word' id='word_1_39' title='bbox 313 886 405 950; x_wconf 86' lang='lat' dir='ltr'><strong>finita</strong></span> <span class='ocrx_word' id='word_1_40' title='bbox 420 886 542 950; x_wconf 90' lang='lat' dir='ltr'><strong>distant</strong></span> <span class='ocrx_word' id='word_1_41' title='bbox 557 885 681 950; x_wconf 89' lang='lat' dir='ltr'><strong>ratione</strong></span> <span class='ocrx_word' id='word_1_42' title='bbox 696 896 816 962; x_wconf 89' lang='lat' dir='ltr'><strong>creata,</strong></span> 
     </span>
     <span class='ocr_line' id='line_1_8' title="bbox 204 988 1032 1074; baseline -0.006 -20"><span class='ocrx_word' id='word_1_43' title='bbox 204 988 350 1074; x_wconf 89' lang='lat' dir='ltr'><strong>Ancipiti</strong></span> <span class='ocrx_word' id='word_1_44' title='bbox 365 989 516 1073; x_wconf 91' lang='lat' dir='ltr'><strong>quoniam</strong></span> <span class='ocrx_word' id='word_1_45' title='bbox 530 1010 683 1052; x_wconf 91' lang='lat' dir='ltr'><strong>mucrone</strong></span> <span class='ocrx_word' id='word_1_46' title='bbox 699 989 851 1072; x_wconf 90' lang='lat' dir='ltr'><strong>utrinque</strong></span> <span class='ocrx_word' id='word_1_47' title='bbox 867 996 1032 1062; x_wconf 91' lang='lat' dir='ltr'><strong>notantur,</strong></span> 
     </span>
     <span class='ocr_line' id='line_1_9' title="bbox 140 1088 1000 1173; baseline 0 -23"><span class='ocrx_word' id='word_1_48' title='bbox 140 1105 188 1151; x_wconf 76' lang='lat'><strong>520</strong></span> <span class='ocrx_word' id='word_1_49' title='bbox 206 1092 294 1156; x_wconf 92' lang='lat' dir='ltr'><strong>Hinc</strong></span> <span class='ocrx_word' id='word_1_50' title='bbox 309 1091 472 1168; x_wconf 86' lang='lat' dir='ltr'><strong>Flammis,</strong></span> <span class='ocrx_word' id='word_1_51' title='bbox 488 1090 573 1155; x_wconf 92' lang='lat' dir='ltr'><strong>illinc</strong></span> <span class='ocrx_word' id='word_1_52' title='bbox 588 1090 701 1173; x_wconf 82' lang='lat' dir='ltr'><strong>rigidis</strong></span> <span class='ocrx_word' id='word_1_53' title='bbox 717 1090 843 1153; x_wconf 90' lang='lat' dir='ltr'><strong>insessa</strong></span> <span class='ocrx_word' id='word_1_54' title='bbox 858 1088 1000 1152; x_wconf 76' lang='lat' dir='ltr'><strong>Pruinis</strong></span> 
     </span>
     <span class='ocr_line' id='line_1_10' title="bbox 247 1193 1182 1278; baseline -0.009 -21"><span class='ocrx_word' id='word_1_55' title='bbox 247 1194 347 1266; x_wconf 81' lang='lat' dir='ltr'><strong>Quod</strong></span> <span class='ocrx_word' id='word_1_56' title='bbox 363 1194 513 1278; x_wconf 90' lang='lat' dir='ltr'><strong>quoniam</strong></span> <span class='ocrx_word' id='word_1_57' title='bbox 529 1193 637 1269; x_wconf 88' lang='lat' dir='ltr'><strong>docui,</strong></span> <span class='ocrx_word' id='word_1_58' title='bbox 654 1213 788 1276; x_wconf 88' lang='lat' dir='ltr'><strong>pergam</strong></span> <span class='ocrx_word' id='word_1_59' title='bbox 803 1200 996 1256; x_wconf 86' lang='lat' dir='ltr'><strong>connectere</strong></span> <span class='ocrx_word' id='word_1_60' title='bbox 1012 1209 1092 1264; x_wconf 91' lang='lat' dir='ltr'><strong>rem,</strong></span> <span class='ocrx_word' id='word_1_61' title='bbox 1108 1208 1182 1270; x_wconf 87' lang='lat' dir='ltr'><strong>quae</strong></span> 
     </span>
     <span class='ocr_line' id='line_1_11' title="bbox 206 1294 1012 1378; baseline -0.009 -17"><span class='ocrx_word' id='word_1_62' title='bbox 206 1298 260 1361; x_wconf 90' lang='lat' dir='ltr'><strong>Ex</strong></span> <span class='ocrx_word' id='word_1_63' title='bbox 276 1295 339 1360; x_wconf 91' lang='lat' dir='ltr'><strong>hoc</strong></span> <span class='ocrx_word' id='word_1_64' title='bbox 354 1306 431 1378; x_wconf 92' lang='lat' dir='ltr'><strong>apta</strong></span> <span class='ocrx_word' id='word_1_65' title='bbox 445 1295 544 1359; x_wconf 90' lang='lat' dir='ltr'><strong>fidem</strong></span> <span class='ocrx_word' id='word_1_66' title='bbox 559 1295 669 1360; x_wconf 84' lang='lat' dir='ltr'><strong>ducit:</strong></span> <span class='ocrx_word' id='word_1_67' title='bbox 695 1294 878 1358; x_wconf 91' lang='lat' dir='ltr'><strong>Primordia</strong></span> <span class='ocrx_word' id='word_1_68' title='bbox 892 1314 1012 1368; x_wconf 90' lang='lat' dir='ltr'><strong>rerum,</strong></span> 
     </span>
     <span class='ocr_line' id='line_1_12' title="bbox 205 1393 934 1481; baseline -0.005 -20"><span class='ocrx_word' id='word_1_69' title='bbox 205 1398 296 1462; x_wconf 91' lang='lat' dir='ltr'><strong>Inter</strong></span> <span class='ocrx_word' id='word_1_70' title='bbox 311 1420 345 1461; x_wconf 93' lang='lat' dir='ltr'><strong>se</strong></span> <span class='ocrx_word' id='word_1_71' title='bbox 361 1397 462 1460; x_wconf 89' lang='lat' dir='ltr'><strong>Simili</strong></span> <span class='ocrx_word' id='word_1_72' title='bbox 477 1419 551 1481; x_wconf 70' lang='lat' dir='ltr'><strong>quaa</strong></span> <span class='ocrx_word' id='word_1_73' title='bbox 567 1405 643 1461; x_wconf 90' lang='lat' dir='ltr'><strong>sunt</strong></span> <span class='ocrx_word' id='word_1_74' title='bbox 657 1395 803 1479; x_wconf 87' lang='lat' dir='ltr'><strong>perfecta</strong></span> <span class='ocrx_word' id='word_1_75' title='bbox 816 1393 934 1478; x_wconf 87' lang='lat' dir='ltr'><strong>figura,</strong></span> 
     </span>
     <span class='ocr_line' id='line_1_13' title="bbox 205 1497 935 1563; baseline -0.004 -1"><span class='ocrx_word' id='word_1_76' title='bbox 205 1499 337 1563; x_wconf 87' lang='lat' dir='ltr'><strong>Infinita</strong></span> <span class='ocrx_word' id='word_1_77' title='bbox 352 1497 479 1563; x_wconf 88' lang='lat' dir='ltr'><strong>cluere:</strong></span> <span class='ocrx_word' id='word_1_78' title='bbox 503 1499 621 1562; x_wconf 89' lang='lat' dir='ltr'><strong>etenim</strong></span> <span class='ocrx_word' id='word_1_79' title='bbox 636 1497 790 1561; x_wconf 85' lang='lat' dir='ltr'><strong>distantia</strong></span> <span class='ocrx_word' id='word_1_80' title='bbox 805 1519 878 1561; x_wconf 91' lang='lat' dir='ltr'><strong>cum</strong></span> <span class='ocrx_word' id='word_1_81' title='bbox 894 1497 935 1559; x_wconf 89' lang='lat' dir='ltr'><strong>sit</strong></span> 
     </span>
     <span class='ocr_line' id='line_1_14' title="bbox 140 1597 1056 1681; baseline 0.001 -22"><span class='ocrx_word' id='word_1_82' title='bbox 140 1613 188 1660; x_wconf 81' lang='lat'><strong>525</strong></span> <span class='ocrx_word' id='word_1_83' title='bbox 206 1600 397 1665; x_wconf 87' lang='lat' dir='ltr'><strong>Formarum</strong></span> <span class='ocrx_word' id='word_1_84' title='bbox 411 1599 514 1676; x_wconf 91' lang='lat' dir='ltr'><strong>finita,</strong></span> <span class='ocrx_word' id='word_1_85' title='bbox 530 1622 665 1664; x_wconf 89' lang='lat' dir='ltr'><strong>necesse</strong></span> <span class='ocrx_word' id='word_1_86' title='bbox 681 1598 731 1675; x_wconf 89' lang='lat' dir='ltr'><strong>&#39;st,</strong></span> <span class='ocrx_word' id='word_1_87' title='bbox 748 1621 822 1681; x_wconf 91' lang='lat' dir='ltr'><strong>quae</strong></span> <span class='ocrx_word' id='word_1_88' title='bbox 838 1597 965 1662; x_wconf 85' lang='lat' dir='ltr'><strong>Similes</strong></span> <span class='ocrx_word' id='word_1_89' title='bbox 982 1597 1056 1673; x_wconf 90' lang='lat' dir='ltr'><strong>sint,</strong></span> 
     </span>
     <span class='ocr_line' id='line_1_15' title="bbox 206 1699 895 1781; baseline -0.004 -15"><span class='ocrx_word' id='word_1_90' title='bbox 206 1704 291 1767; x_wconf 90' lang='lat' dir='ltr'><strong>Esse</strong></span> <span class='ocrx_word' id='word_1_91' title='bbox 307 1702 473 1781; x_wconf 80' lang='lat' dir='ltr'><strong>Infinitas3</strong></span> <span class='ocrx_word' id='word_1_92' title='bbox 497 1712 554 1766; x_wconf 93' lang='lat' dir='ltr'><strong>aut</strong></span> <span class='ocrx_word' id='word_1_93' title='bbox 570 1724 724 1765; x_wconf 89' lang='lat' dir='ltr'><strong>summam</strong></span> <span class='ocrx_word' id='word_1_94' title='bbox 741 1699 895 1765; x_wconf 91' lang='lat' dir='ltr'><strong>Materiai</strong></span> 
     </span>
     <span class='ocr_line' id='line_1_16' title="bbox 204 1801 1020 1888; baseline -0.005 -19"><span class='ocrx_word' id='word_1_95' title='bbox 204 1806 343 1869; x_wconf 88' lang='lat' dir='ltr'><strong>Finitam</strong></span> <span class='ocrx_word' id='word_1_96' title='bbox 359 1815 525 1868; x_wconf 89' lang='lat' dir='ltr'><strong>constare:</strong></span> <span class='ocrx_word' id='word_1_97' title='bbox 549 1804 583 1867; x_wconf 91' lang='lat' dir='ltr'><strong>id</strong></span> <span class='ocrx_word' id='word_1_98' title='bbox 599 1804 688 1888; x_wconf 92' lang='lat' dir='ltr'><strong>quod</strong></span> <span class='ocrx_word' id='word_1_99' title='bbox 704 1825 769 1866; x_wconf 90' lang='lat' dir='ltr'><strong>non</strong></span> <span class='ocrx_word' id='word_1_100' title='bbox 785 1825 857 1866; x_wconf 89' lang='lat' dir='ltr'><strong>esse</strong></span> <span class='ocrx_word' id='word_1_101' title='bbox 873 1801 1020 1886; x_wconf 87' lang='lat' dir='ltr'><strong>probavi.</strong></span> 
     </span>
     <span class='ocr_line' id='line_1_17' title="bbox 247 1903 1182 1992; baseline -0.006 -21"><span class='ocrx_word' id='word_1_102' title='bbox 247 1907 348 1979; x_wconf 82' lang='lat' dir='ltr'><strong>Quod</strong></span> <span class='ocrx_word' id='word_1_103' title='bbox 363 1908 514 1992; x_wconf 93' lang='lat' dir='ltr'><strong>quoniam</strong></span> <span class='ocrx_word' id='word_1_104' title='bbox 530 1907 638 1983; x_wconf 89' lang='lat' dir='ltr'><strong>docui,</strong></span> <span class='ocrx_word' id='word_1_105' title='bbox 654 1927 740 1970; x_wconf 94' lang='lat' dir='ltr'><strong>nunc</strong></span> <span class='ocrx_word' id='word_1_106' title='bbox 757 1904 965 1988; x_wconf 80' lang='lat' dir='ltr'><strong>suaviloquia,</strong></span> <span class='ocrx_word' id='word_1_107' title='bbox 982 1925 1055 1988; x_wconf 85' lang='lat' dir='ltr'><strong>age,</strong></span> <span class='ocrx_word' id='word_1_108' title='bbox 1070 1903 1182 1987; x_wconf 84' lang='lat' dir='ltr'><strong>paucis</strong></span> 
     </span>
     <span class='ocr_line' id='line_1_18' title="bbox 203 2005 943 2092; baseline -0.005 -18"><span class='ocrx_word' id='word_1_109' title='bbox 203 2009 365 2074; x_wconf 88' lang='lat' dir='ltr'><strong>Versibus</strong></span> <span class='ocrx_word' id='word_1_110' title='bbox 381 2009 562 2085; x_wconf 90' lang='lat' dir='ltr'><strong>ostendam,</strong></span> <span class='ocrx_word' id='word_1_111' title='bbox 579 2005 774 2092; x_wconf 87' lang='lat' dir='ltr'><strong>corpuscula</strong></span> <span class='ocrx_word' id='word_1_112' title='bbox 789 2006 943 2072; x_wconf 91' lang='lat' dir='ltr'><strong>Materiai</strong></span> 
     </span>
     <span class='ocr_line' id='line_1_19' title="bbox 137 2112 954 2194; baseline 0.002 -23"><span class='ocrx_word' id='word_1_113' title='bbox 137 2126 186 2172; x_wconf 84' lang='lat'><strong>530</strong></span> <span class='ocrx_word' id='word_1_114' title='bbox 204 2114 260 2176; x_wconf 89' lang='lat' dir='ltr'><strong>Ex</strong></span> <span class='ocrx_word' id='word_1_115' title='bbox 274 2112 400 2176; x_wconf 91' lang='lat' dir='ltr'><strong>infinito</strong></span> <span class='ocrx_word' id='word_1_116' title='bbox 417 2133 572 2175; x_wconf 90' lang='lat' dir='ltr'><strong>summam</strong></span> <span class='ocrx_word' id='word_1_117' title='bbox 587 2133 696 2174; x_wconf 87' lang='lat' dir='ltr'><strong>rerum</strong></span> <span class='ocrx_word' id='word_1_118' title='bbox 711 2132 815 2194; x_wconf 91' lang='lat' dir='ltr'><strong>usque</strong></span> <span class='ocrx_word' id='word_1_119' title='bbox 831 2119 954 2186; x_wconf 90' lang='lat' dir='ltr'><strong>tenere,</strong></span> 
     </span>
     <span class='ocr_line' id='line_1_20' title="bbox 203 2211 904 2299; baseline -0.006 -21"><span class='ocrx_word' id='word_1_120' title='bbox 203 2214 358 2299; x_wconf 89' lang='lat' dir='ltr'><strong>Undique</strong></span> <span class='ocrx_word' id='word_1_121' title='bbox 374 2213 501 2298; x_wconf 89' lang='lat' dir='ltr'><strong>protelo</strong></span> <span class='ocrx_word' id='word_1_122' title='bbox 516 2211 692 2296; x_wconf 90' lang='lat' dir='ltr'><strong>Plagarum</strong></span> <span class='ocrx_word' id='word_1_123' title='bbox 707 2213 904 2276; x_wconf 89' lang='lat' dir='ltr'><strong>continuato.</strong></span> 
     </span>
    </p>
   </div>
   <div class='ocr_carea' id='block_1_3' title="bbox 114 2408 1227 4400">
    <p class='ocr_par' dir='ltr' id='par_1_3' title="bbox 114 2408 1227 2737">
     <span class='ocr_line' id='line_1_21' title="bbox 149 2408 1226 2479; baseline -0.006 -17"><span class='ocrx_word' id='word_1_124' title='bbox 149 2417 204 2462; x_wconf 78' lang='lat'><strong>514.</strong></span> <span class='ocrx_word' id='word_1_125' title='bbox 222 2417 334 2477; x_wconf 77' lang='lat' dir='ltr'><strong>Denique,</strong></span> <span class='ocrx_word' id='word_1_126' title='bbox 347 2419 378 2463; x_wconf 86' lang='lat' dir='ltr'><strong>ab</strong></span> <span class='ocrx_word' id='word_1_127' title='bbox 396 2418 499 2479; x_wconf 79' lang='lat' dir='ltr'><strong>Ignibus,</strong></span> <span class='ocrx_word' id='word_1_128' title='bbox 517 2414 574 2477; x_wconf 72' lang='lat' dir='ltr'><strong>eta]</strong></span> <span class='ocrx_word' id='word_1_129' title='bbox 587 2415 651 2463; x_wconf 83' lang='lat' dir='ltr'><strong>Con·</strong></span> <span class='ocrx_word' id='word_1_130' title='bbox 686 2413 785 2476; x_wconf 89' lang='lat' dir='ltr'><strong>quippe,</strong></span> <span class='ocrx_word' id='word_1_131' title='bbox 806 2428 862 2461; x_wconf 80' lang='lat' dir='ltr'><strong>oum</strong></span> <span class='ocrx_word' id='word_1_132' title='bbox 881 2412 977 2476; x_wconf 78' lang='lat' dir='ltr'><strong>speciei</strong></span> <span class='ocrx_word' id='word_1_133' title='bbox 998 2412 1130 2474; x_wconf 86' lang='lat' dir='ltr'><strong>figurarum</strong></span> <span class='ocrx_word' id='word_1_134' title='bbox 1151 2408 1226 2457; x_wconf 70' lang='lat' dir='ltr'><strong>finita</strong></span> 
     </span>
     <span class='ocr_line' id='line_1_22' title="bbox 114 2472 1226 2543; baseline -0.007 -16"><span class='ocrx_word' id='word_1_135' title='bbox 114 2479 404 2543; x_wconf 86' lang='lat' dir='ltr'><strong>firmat,v.7.quiavulgo</strong></span> <span class='ocrx_word' id='word_1_136' title='bbox 414 2479 653 2528; x_wconf 89' lang='lat' dir='ltr'><strong>resdeterminantur</strong></span> <span class='ocrx_word' id='word_1_137' title='bbox 687 2478 743 2535; x_wconf 84' lang='lat' dir='ltr'><strong>sint,</strong></span> <span class='ocrx_word' id='word_1_138' title='bbox 760 2477 917 2541; x_wconf 87' lang='lat' dir='ltr'><strong>perspicuum</strong></span> <span class='ocrx_word' id='word_1_139' title='bbox 935 2487 979 2535; x_wconf 86' lang='lat' dir='ltr'><strong>est,</strong></span> <span class='ocrx_word' id='word_1_140' title='bbox 992 2477 1022 2535; x_wconf 87' lang='lat' dir='ltr'><strong>si,</strong></span> <span class='ocrx_word' id='word_1_141' title='bbox 1039 2489 1092 2538; x_wconf 78' lang='lat' dir='ltr'><strong>quoe</strong></span> <span class='ocrx_word' id='word_1_142' title='bbox 1103 2475 1148 2523; x_wconf 79' lang='lat' dir='ltr'><strong>sub</strong></span> <span class='ocrx_word' id='word_1_143' title='bbox 1165 2472 1226 2536; x_wconf 89' lang='lat' dir='ltr'><strong>ipsis</strong></span> 
     </span>
     <span class='ocr_line' id='line_1_23' title="bbox 114 2541 1225 2607; baseline -0.006 -15"><span class='ocrx_word' id='word_1_144' title='bbox 114 2544 245 2593; x_wconf 88' lang='lat' dir='ltr'><strong>contrariis</strong></span> <span class='ocrx_word' id='word_1_145' title='bbox 254 2544 417 2606; x_wconf 87' lang='lat' dir='ltr'><strong>qualitatibus,</strong></span> <span class='ocrx_word' id='word_1_146' title='bbox 428 2561 481 2607; x_wconf 83' lang='lat' dir='ltr'><strong>quae</strong></span> <span class='ocrx_word' id='word_1_147' title='bbox 492 2545 527 2592; x_wconf 91' lang='lat' dir='ltr'><strong>ita</strong></span> <span class='ocrx_word' id='word_1_148' title='bbox 539 2553 654 2592; x_wconf 75' lang='lat' dir='ltr'><strong>extremae</strong></span> <span class='ocrx_word' id='word_1_149' title='bbox 686 2542 843 2590; x_wconf 90' lang='lat' dir='ltr'><strong>continentur</strong></span> <span class='ocrx_word' id='word_1_150' title='bbox 850 2542 941 2599; x_wconf 88' lang='lat' dir='ltr'><strong>Atomi,</strong></span> <span class='ocrx_word' id='word_1_151' title='bbox 952 2542 1022 2590; x_wconf 89' lang='lat' dir='ltr'><strong>finito</strong></span> <span class='ocrx_word' id='word_1_152' title='bbox 1029 2541 1225 2595; x_wconf 88' lang='lat' dir='ltr'><strong>forentnumero,</strong></span> 
     </span>
     <span class='ocr_line' id='line_1_24' title="bbox 114 2602 1225 2673; baseline -0.005 -17"><span class='ocrx_word' id='word_1_153' title='bbox 114 2619 180 2667; x_wconf 89' lang='lat' dir='ltr'><strong>sunt,</strong></span> <span class='ocrx_word' id='word_1_154' title='bbox 198 2619 226 2657; x_wconf 91' lang='lat' dir='ltr'><strong>ut</strong></span> <span class='ocrx_word' id='word_1_155' title='bbox 241 2609 324 2673; x_wconf 91' lang='lat' dir='ltr'><strong>plures</strong></span> <span class='ocrx_word' id='word_1_156' title='bbox 335 2609 432 2672; x_wconf 89' lang='lat' dir='ltr'><strong>quidem</strong></span> <span class='ocrx_word' id='word_1_157' title='bbox 449 2611 539 2672; x_wconf 90' lang='lat' dir='ltr'><strong>gradus</strong></span> <span class='ocrx_word' id='word_1_158' title='bbox 553 2608 652 2667; x_wconf 89' lang='lat' dir='ltr'><strong>medios,</strong></span> <span class='ocrx_word' id='word_1_159' title='bbox 686 2607 778 2655; x_wconf 86' lang='lat' dir='ltr'><strong>nullam</strong></span> <span class='ocrx_word' id='word_1_160' title='bbox 788 2607 839 2655; x_wconf 83' lang='lat' dir='ltr'><strong>fore</strong></span> <span class='ocrx_word' id='word_1_161' title='bbox 847 2607 874 2655; x_wconf 91' lang='lat' dir='ltr'><strong>in</strong></span> <span class='ocrx_word' id='word_1_162' title='bbox 885 2607 1008 2655; x_wconf 86' lang='lat' dir='ltr'><strong>Universa</strong></span> <span class='ocrx_word' id='word_1_163' title='bbox 1016 2615 1152 2654; x_wconf 87' lang='lat' dir='ltr'><strong>atomorum</strong></span> <span class='ocrx_word' id='word_1_164' title='bbox 1164 2602 1225 2651; x_wconf 87' lang='lat' dir='ltr'><strong>Infi-</strong></span> 
     </span>
     <span class='ocr_line' id='line_1_25' title="bbox 116 2665 1227 2737; baseline -0.006 -15"><span class='ocrx_word' id='word_1_165' title='bbox 116 2684 141 2722; x_wconf 86' lang='lat' dir='ltr'><strong>at</strong></span> <span class='ocrx_word' id='word_1_166' title='bbox 153 2673 247 2722; x_wconf 91' lang='lat' dir='ltr'><strong>nullum</strong></span> <span class='ocrx_word' id='word_1_167' title='bbox 258 2690 358 2737; x_wconf 88' lang='lat' dir='ltr'><strong>prorsus</strong></span> <span class='ocrx_word' id='word_1_168' title='bbox 370 2684 439 2722; x_wconf 86' lang='lat' dir='ltr'><strong>extra</strong></span> <span class='ocrx_word' id='word_1_169' title='bbox 451 2691 477 2722; x_wconf 92' lang='lat' dir='ltr'><strong>se</strong></span> <span class='ocrx_word' id='word_1_170' title='bbox 487 2674 598 2722; x_wconf 86' lang='lat' dir='ltr'><strong>habeant</strong></span> <span class='ocrx_word' id='word_1_171' title='bbox 687 2671 797 2720; x_wconf 88' lang='lat' dir='ltr'><strong>nitatem.</strong></span> <span class='ocrx_word' id='word_1_172' title='bbox 832 2673 889 2720; x_wconf 79' lang='grc' dir='ltr'><em>Καθ’</em></span> <span class='ocrx_word' id='word_1_173' title='bbox 908 2669 1014 2729; x_wconf 72' lang='grc' dir='ltr'>ἑκάστην</span> <span class='ocrx_word' id='word_1_174' title='bbox 1031 2669 1058 2718; x_wconf 79' lang='grc' dir='ltr'><strong>δὲ</strong></span> <span class='ocrx_word' id='word_1_175' title='bbox 1079 2665 1227 2731; x_wconf 75' lang='grc' dir='ltr'><strong><em>σχημάτισιν</em></strong></span> 
     </span>
    </p>

    <p class='ocr_par' dir='ltr' id='par_1_4' title="bbox 114 2730 1227 3060">
     <span class='ocr_line' id='line_1_26' title="bbox 150 2730 1226 2802; baseline -0.006 -17"><span class='ocrx_word' id='word_1_176' title='bbox 150 2739 212 2787; x_wconf 88' lang='lat' dir='ltr'><strong>Ibid.</strong></span> <span class='ocrx_word' id='word_1_177' title='bbox 236 2742 274 2787; x_wconf 77' lang='lat' dir='ltr'><strong>At</strong></span> <span class='ocrx_word' id='word_1_178' title='bbox 297 2739 405 2802; x_wconf 78' lang='lat' dir='ltr'><strong>Ignibus]</strong></span> <span class='ocrx_word' id='word_1_179' title='bbox 428 2740 502 2787; x_wconf 89' lang='lat' dir='ltr'><strong>Hunc</strong></span> <span class='ocrx_word' id='word_1_180' title='bbox 523 2739 603 2786; x_wconf 89' lang='lat' dir='ltr'><strong>locum</strong></span> <span class='ocrx_word' id='word_1_181' title='bbox 623 2737 654 2786; x_wconf 90' lang='lat' dir='ltr'><strong>de</strong></span> <span class='ocrx_word' id='word_1_182' title='bbox 688 2733 770 2786; x_wconf 76' lang='grc' dir='ltr'><strong>ἅπλῶς</strong></span> <span class='ocrx_word' id='word_1_183' title='bbox 787 2735 878 2800; x_wconf 70' lang='grc' dir='ltr'><strong>ἄπειροί</strong></span> <span class='ocrx_word' id='word_1_184' title='bbox 894 2735 955 2785; x_wconf 75' lang='grc' dir='ltr'><strong><em>εἰσιν</em></strong></span> <span class='ocrx_word' id='word_1_185' title='bbox 969 2735 1074 2796; x_wconf 63' lang='lat' dir='ltr'><strong>&#39;Arriaca</strong></span> <span class='ocrx_word' id='word_1_186' title='bbox 1090 2734 1118 2781; x_wconf 77' lang='grc' dir='ltr'><strong>οὔ</strong></span> <span class='ocrx_word' id='word_1_187' title='bbox 1133 2730 1181 2795; x_wconf 67' lang='grc' dir='ltr'><strong>γὰρ</strong></span> <span class='ocrx_word' id='word_1_188' title='bbox 1197 2731 1226 2780; x_wconf 77' lang='lat' dir='ltr'><strong>rb</strong></span> 
     </span>
     <span class='ocr_line' id='line_1_27' title="bbox 115 2797 1225 2866; baseline -0.006 -15"><span class='ocrx_word' id='word_1_189' title='bbox 115 2803 183 2851; x_wconf 87' lang='lat' dir='ltr'><strong>zonis</strong></span> <span class='ocrx_word' id='word_1_190' title='bbox 200 2803 369 2866; x_wconf 88' lang='lat' dir='ltr'><strong>accipiendum</strong></span> <span class='ocrx_word' id='word_1_191' title='bbox 388 2804 430 2866; x_wconf 89' lang='lat' dir='ltr'><strong>(de</strong></span> <span class='ocrx_word' id='word_1_192' title='bbox 446 2803 477 2852; x_wconf 93' lang='lat' dir='ltr'><strong>iis</strong></span> <span class='ocrx_word' id='word_1_193' title='bbox 495 2803 560 2851; x_wconf 91' lang='lat' dir='ltr'><strong>enim</strong></span> <span class='ocrx_word' id='word_1_194' title='bbox 578 2803 652 2850; x_wconf 86' lang='lat' dir='ltr'><strong>Lam·</strong></span> <span class='ocrx_word' id='word_1_195' title='bbox 686 2803 735 2850; x_wconf 82' lang='grc' dir='ltr'><strong>πᾶν</strong></span> <span class='ocrx_word' id='word_1_196' title='bbox 747 2802 828 2862; x_wconf 71' lang='grc' dir='ltr'>εἴητῷ</span> <span class='ocrx_word' id='word_1_197' title='bbox 843 2801 929 2858; x_wconf 75' lang='grc' dir='ltr'>πλήθει</span> <span class='ocrx_word' id='word_1_198' title='bbox 940 2803 989 2849; x_wconf 80' lang='grc' dir='ltr'><strong>τῶν</strong></span> <span class='ocrx_word' id='word_1_199' title='bbox 1003 2797 1111 2859; x_wconf 69' lang='lat' dir='ltr'><strong>’Aeduae</strong></span> <span class='ocrx_word' id='word_1_200' title='bbox 1122 2797 1225 2860; x_wconf 67' lang='grc' dir='ltr'><strong>ἄπειρον,</strong></span> 
     </span>
     <span class='ocr_line' id='line_1_28' title="bbox 114 2857 1225 2931; baseline -0.005 -15"><span class='ocrx_word' id='word_1_201' title='bbox 114 2869 187 2916; x_wconf 92' lang='lat' dir='ltr'><strong>binus</strong></span> <span class='ocrx_word' id='word_1_202' title='bbox 204 2867 391 2931; x_wconf 79' lang='lat' dir='ltr'><strong>interpretatur)</strong></span> <span class='ocrx_word' id='word_1_203' title='bbox 409 2884 458 2916; x_wconf 90' lang='lat' dir='ltr'><strong>non</strong></span> <span class='ocrx_word' id='word_1_204' title='bbox 478 2878 545 2931; x_wconf 90' lang='lat' dir='ltr'><strong>puto,</strong></span> <span class='ocrx_word' id='word_1_205' title='bbox 562 2868 606 2915; x_wconf 90' lang='lat' dir='ltr'><strong>sed</strong></span> <span class='ocrx_word' id='word_1_206' title='bbox 622 2867 653 2915; x_wconf 92' lang='lat' dir='ltr'><strong>de</strong></span> <span class='ocrx_word' id='word_1_207' title='bbox 688 2865 752 2926; x_wconf 78' lang='grc' dir='ltr'><strong><em>εἰμὴ</em></strong></span> <span class='ocrx_word' id='word_1_208' title='bbox 764 2863 846 2915; x_wconf 75' lang='grc' dir='ltr'><strong><em>ἁπλῶς</em></strong></span> <span class='ocrx_word' id='word_1_209' title='bbox 857 2865 947 2928; x_wconf 70' lang='grc' dir='ltr'>ἄπειροι</span> <span class='ocrx_word' id='word_1_210' title='bbox 959 2864 988 2914; x_wconf 79' lang='lat' dir='ltr'><strong>tir</strong></span> <span class='ocrx_word' id='word_1_211' title='bbox 1000 2865 1059 2914; x_wconf 80' lang='grc' dir='ltr'><strong><em>εἰσιν</em></strong></span> <span class='ocrx_word' id='word_1_212' title='bbox 1071 2864 1095 2912; x_wconf 85' lang='lat' dir='ltr'><strong>al</strong></span> <span class='ocrx_word' id='word_1_213' title='bbox 1106 2863 1157 2911; x_wconf 72' lang='grc' dir='ltr'><strong>καθ’</strong></span> <span class='ocrx_word' id='word_1_214' title='bbox 1170 2857 1225 2910; x_wconf 73' lang='grc' dir='ltr'><strong>ἑκά-</strong></span> 
     </span>
     <span class='ocr_line' id='line_1_29' title="bbox 116 2925 1227 2996; baseline -0.005 -17"><span class='ocrx_word' id='word_1_215' title='bbox 116 2932 140 2980; x_wconf 91' lang='lat' dir='ltr'><strong>vi</strong></span> <span class='ocrx_word' id='word_1_216' title='bbox 163 2932 328 2981; x_wconf 86' lang='lat' dir='ltr'><strong>intensissima</strong></span> <span class='ocrx_word' id='word_1_217' title='bbox 352 2932 424 2996; x_wconf 89' lang='lat' dir='ltr'><strong>ignis,</strong></span> <span class='ocrx_word' id='word_1_218' title='bbox 448 2933 479 2981; x_wconf 92' lang='lat' dir='ltr'><strong>de</strong></span> <span class='ocrx_word' id='word_1_219' title='bbox 501 2933 598 2996; x_wconf 82' lang='lat' dir='ltr'><strong>frigore,</strong></span> <span class='ocrx_word' id='word_1_220' title='bbox 623 2932 653 2980; x_wconf 89' lang='lat' dir='ltr'><strong>de</strong></span> <span class='ocrx_word' id='word_1_221' title='bbox 687 2947 749 2989; x_wconf 83' lang='grc' dir='ltr'>στην</span> <span class='ocrx_word' id='word_1_222' title='bbox 759 2949 788 2978; x_wconf 85' lang='grc' dir='ltr'><strong>τε</strong></span> <span class='ocrx_word' id='word_1_223' title='bbox 800 2927 948 2994; x_wconf 75' lang='grc' dir='ltr'><strong><em>σχημάτισιν</em></strong></span> <span class='ocrx_word' id='word_1_224' title='bbox 957 2931 1042 2990; x_wconf 76' lang='grc' dir='ltr'>ὁμοῖαι.</span> <span class='ocrx_word' id='word_1_225' title='bbox 1060 2927 1183 2992; x_wconf 84' lang='lat' dir='ltr'><strong>Epicurus</strong></span> <span class='ocrx_word' id='word_1_226' title='bbox 1194 2925 1227 2986; x_wconf 86' lang='lat' dir='ltr'><strong>ad</strong></span> 
     </span>
     <span class='ocr_line' id='line_1_30' title="bbox 116 2995 849 3060; baseline -0.004 -14"><span class='ocrx_word' id='word_1_227' title='bbox 116 3007 206 3060; x_wconf 78' lang='lat' dir='ltr'><strong>tepore,</strong></span> <span class='ocrx_word' id='word_1_228' title='bbox 220 3007 265 3045; x_wconf 90' lang='lat' dir='ltr'><strong>etc.</strong></span> <span class='ocrx_word' id='word_1_229' title='bbox 293 3001 377 3046; x_wconf 82' lang='lat' dir='ltr'><strong>Fater.</strong></span> <span class='ocrx_word' id='word_1_230' title='bbox 688 2995 849 3044; x_wconf 89' lang='lat' dir='ltr'><strong>Herodotum.</strong></span> 
     </span>
    </p>

    <p class='ocr_par' dir='ltr' id='par_1_5' title="bbox 115 3057 1227 3254">
     <span class='ocr_line' id='line_1_31' title="bbox 148 3057 1227 3125; baseline -0.006 -16"><span class='ocrx_word' id='word_1_231' title='bbox 148 3064 202 3110; x_wconf 84' lang='lat'><strong>519.</strong></span> <span class='ocrx_word' id='word_1_232' title='bbox 215 3061 469 3124; x_wconf 78' lang='lat' dir='ltr'><strong>Ancipiti-macrone]</strong></span> <span class='ocrx_word' id='word_1_233' title='bbox 488 3061 588 3125; x_wconf 90' lang='lat' dir='ltr'><strong>Duplici</strong></span> <span class='ocrx_word' id='word_1_234' title='bbox 603 3070 652 3109; x_wconf 89' lang='lat' dir='ltr'><strong>ter·</strong></span> <span class='ocrx_word' id='word_1_235' title='bbox 720 3062 775 3108; x_wconf 76' lang='lat'><strong>524.</strong></span> <span class='ocrx_word' id='word_1_236' title='bbox 796 3059 902 3122; x_wconf 83' lang='lat' dir='ltr'><strong>Etenim]</strong></span> <span class='ocrx_word' id='word_1_237' title='bbox 924 3061 972 3107; x_wconf 88' lang='lat' dir='ltr'><strong>Pro</strong></span> <span class='ocrx_word' id='word_1_238' title='bbox 992 3063 1051 3106; x_wconf 76' lang='lat' dir='ltr'><strong>cutm</strong></span> <span class='ocrx_word' id='word_1_239' title='bbox 1074 3057 1227 3106; x_wconf 89' lang='lat' dir='ltr'><strong>contendunt</strong></span> 
     </span>
     <span class='ocr_line' id='line_1_32' title="bbox 115 3119 1226 3190; baseline -0.005 -16"><span class='ocrx_word' id='word_1_240' title='bbox 115 3127 189 3184; x_wconf 92' lang='lat' dir='ltr'><strong>mino,</strong></span> <span class='ocrx_word' id='word_1_241' title='bbox 202 3142 290 3190; x_wconf 90' lang='lat' dir='ltr'><strong>nempe</strong></span> <span class='ocrx_word' id='word_1_242' title='bbox 306 3127 364 3175; x_wconf 88' lang='lat' dir='ltr'><strong>hinc</strong></span> <span class='ocrx_word' id='word_1_243' title='bbox 375 3127 463 3184; x_wconf 89' lang='lat' dir='ltr'><strong>calore,</strong></span> <span class='ocrx_word' id='word_1_244' title='bbox 480 3127 548 3174; x_wconf 90' lang='lat' dir='ltr'><strong>illinc</strong></span> <span class='ocrx_word' id='word_1_245' title='bbox 565 3126 654 3189; x_wconf 88' lang='lat' dir='ltr'><strong>frigore</strong></span> <span class='ocrx_word' id='word_1_246' title='bbox 687 3124 800 3173; x_wconf 87' lang='lat' dir='ltr'><strong>Giianius</strong></span> <span class='ocrx_word' id='word_1_247' title='bbox 813 3134 837 3172; x_wconf 93' lang='lat' dir='ltr'><strong>et</strong></span> <span class='ocrx_word' id='word_1_248' title='bbox 854 3126 953 3182; x_wconf 83' lang='lat' dir='ltr'><strong>Parcus,</strong></span> <span class='ocrx_word' id='word_1_249' title='bbox 966 3123 1054 3187; x_wconf 90' lang='lat' dir='ltr'><strong>quibus</strong></span> <span class='ocrx_word' id='word_1_250' title='bbox 1070 3122 1132 3171; x_wconf 93' lang='lat' dir='ltr'><strong>nihil</strong></span> <span class='ocrx_word' id='word_1_251' title='bbox 1148 3119 1226 3184; x_wconf 87' lang='lat' dir='ltr'><strong>magis</strong></span> 
     </span>
     <span class='ocr_line' id='line_1_33' title="bbox 115 3189 1094 3254; baseline -0.005 -15"><span class='ocrx_word' id='word_1_252' title='bbox 115 3191 189 3239; x_wconf 87' lang='lat' dir='ltr'><strong>medii</strong></span> <span class='ocrx_word' id='word_1_253' title='bbox 201 3201 297 3254; x_wconf 89' lang='lat' dir='ltr'><strong>tepores</strong></span> <span class='ocrx_word' id='word_1_254' title='bbox 306 3191 470 3240; x_wconf 88' lang='lat' dir='ltr'><strong>includuntur.</strong></span> <span class='ocrx_word' id='word_1_255' title='bbox 687 3189 801 3253; x_wconf 86' lang='lat' dir='ltr'><strong>displicet</strong></span> <span class='ocrx_word' id='word_1_256' title='bbox 812 3205 883 3251; x_wconf 89' lang='lat' dir='ltr'><strong>quam</strong></span> <span class='ocrx_word' id='word_1_257' title='bbox 896 3205 980 3238; x_wconf 90' lang='lat' dir='ltr'><strong>versus</strong></span> <span class='ocrx_word' id='word_1_258' title='bbox 992 3189 1094 3250; x_wconf 86' lang='lat' dir='ltr'><strong>integer.</strong></span> 
     </span>
    </p>

    <p class='ocr_par' dir='ltr' id='par_1_6' title="bbox 115 3251 1226 3384">
     <span class='ocr_line' id='line_1_34' title="bbox 149 3251 1226 3319; baseline -0.006 -16"><span class='ocrx_word' id='word_1_259' title='bbox 149 3257 211 3305; x_wconf 84' lang='lat' dir='ltr'><strong>lbid.</strong></span> <span class='ocrx_word' id='word_1_260' title='bbox 227 3256 356 3318; x_wconf 75' lang='lat' dir='ltr'><strong>Notaretur]</strong></span> <span class='ocrx_word' id='word_1_261' title='bbox 370 3257 517 3319; x_wconf 88' lang='lat' dir='ltr'><strong>Metaphora</strong></span> <span class='ocrx_word' id='word_1_262' title='bbox 538 3255 653 3304; x_wconf 88' lang='lat' dir='ltr'><strong>atermi·</strong></span> <span class='ocrx_word' id='word_1_263' title='bbox 720 3256 774 3301; x_wconf 81' lang='lat'><strong>528.</strong></span> <span class='ocrx_word' id='word_1_264' title='bbox 801 3257 866 3306; x_wconf 77' lang='lat' dir='ltr'><strong>Quod</strong></span> <span class='ocrx_word' id='word_1_265' title='bbox 888 3257 992 3316; x_wconf 80' lang='lat' dir='ltr'><strong>quoniam</strong></span> <span class='ocrx_word' id='word_1_266' title='bbox 1013 3251 1092 3314; x_wconf 85' lang='lat' dir='ltr'><strong>docui]</strong></span> <span class='ocrx_word' id='word_1_267' title='bbox 1115 3251 1226 3304; x_wconf 82' lang='lat' dir='ltr'><strong>Quatuor</strong></span> 
     </span>
     <span class='ocr_line' id='line_1_35' title="bbox 115 3314 1226 3384; baseline -0.005 -16"><span class='ocrx_word' id='word_1_268' title='bbox 115 3320 154 3369; x_wconf 91' lang='lat' dir='ltr'><strong>nis</strong></span> <span class='ocrx_word' id='word_1_269' title='bbox 165 3320 281 3384; x_wconf 85' lang='lat' dir='ltr'><strong>depactis.</strong></span> <span class='ocrx_word' id='word_1_270' title='bbox 299 3325 382 3368; x_wconf 86' lang='lat' dir='ltr'><strong>Fater.</strong></span> <span class='ocrx_word' id='word_1_271' title='bbox 687 3327 816 3380; x_wconf 87' lang='lat' dir='ltr'><strong>sequentes</strong></span> <span class='ocrx_word' id='word_1_272' title='bbox 842 3333 927 3366; x_wconf 90' lang='lat' dir='ltr'><strong>versus</strong></span> <span class='ocrx_word' id='word_1_273' title='bbox 955 3327 1070 3378; x_wconf 87' lang='lat' dir='ltr'><strong>tanquam</strong></span> <span class='ocrx_word' id='word_1_274' title='bbox 1097 3314 1226 3362; x_wconf 77' lang='lat' dir='ltr'><strong>inidoneos</strong></span> 
     </span>
    </p>

    <p class='ocr_par' dir='ltr' id='par_1_7' title="bbox 115 3378 1225 3834">
     <span class='ocr_line' id='line_1_36' title="bbox 149 3378 1224 3445; baseline -0.007 -13"><span class='ocrx_word' id='word_1_275' title='bbox 149 3387 203 3432; x_wconf 81' lang='lat'><strong>520.</strong></span> <span class='ocrx_word' id='word_1_276' title='bbox 221 3383 324 3445; x_wconf 76' lang='lat' dir='ltr'><strong>insessa]</strong></span> <span class='ocrx_word' id='word_1_277' title='bbox 350 3386 461 3441; x_wconf 85' lang='lat' dir='ltr'><strong>Obsessa,</strong></span> <span class='ocrx_word' id='word_1_278' title='bbox 490 3383 651 3431; x_wconf 85' lang='lat' dir='ltr'><strong>circumfusa:</strong></span> <span class='ocrx_word' id='word_1_279' title='bbox 685 3391 829 3444; x_wconf 88' lang='lat' dir='ltr'><strong>argumento</strong></span> <span class='ocrx_word' id='word_1_280' title='bbox 839 3381 984 3445; x_wconf 85' lang='lat' dir='ltr'><strong>explicando</strong></span> <span class='ocrx_word' id='word_1_281' title='bbox 996 3379 1152 3444; x_wconf 65' lang='lat' dir='ltr'><strong>praetermisit</strong></span> <span class='ocrx_word' id='word_1_282' title='bbox 1162 3378 1224 3426; x_wconf 86' lang='lat' dir='ltr'><strong>Gas-</strong></span> 
     </span>
     <span class='ocr_line' id='line_1_37' title="bbox 115 3441 1225 3510; baseline -0.005 -14"><span class='ocrx_word' id='word_1_283' title='bbox 115 3449 165 3506; x_wconf 89' lang='lat' dir='ltr'><strong>alii,</strong></span> <span class='ocrx_word' id='word_1_284' title='bbox 186 3447 286 3510; x_wconf 79' lang='lat' dir='ltr'><strong>infesta.-</strong></span> <span class='ocrx_word' id='word_1_285' title='bbox 303 3450 440 3505; x_wconf 88' lang='lat' dir='ltr'><strong>Turnebus,</strong></span> <span class='ocrx_word' id='word_1_286' title='bbox 455 3447 540 3510; x_wconf 78' lang='lat' dir='ltr'><strong>inferro</strong></span> <span class='ocrx_word' id='word_1_287' title='bbox 553 3451 653 3508; x_wconf 77' lang='lat' dir='ltr'><strong>pruinis,</strong></span> <span class='ocrx_word' id='word_1_288' title='bbox 686 3447 792 3501; x_wconf 87' lang='lat' dir='ltr'><strong>sendus;</strong></span> <span class='ocrx_word' id='word_1_289' title='bbox 818 3454 844 3493; x_wconf 90' lang='lat' dir='ltr'><strong>et</strong></span> <span class='ocrx_word' id='word_1_290' title='bbox 863 3446 946 3494; x_wconf 89' lang='lat' dir='ltr'><strong>abesse</strong></span> <span class='ocrx_word' id='word_1_291' title='bbox 971 3454 1080 3508; x_wconf 90' lang='lat' dir='ltr'><strong>possunt,</strong></span> <span class='ocrx_word' id='word_1_292' title='bbox 1104 3444 1124 3492; x_wconf 90' lang='lat' dir='ltr'><strong>si</strong></span> <span class='ocrx_word' id='word_1_293' title='bbox 1145 3441 1225 3491; x_wconf 89' lang='lat' dir='ltr'><strong>consi·</strong></span> 
     </span>
     <span class='ocr_line' id='line_1_38' title="bbox 116 3507 1225 3576; baseline -0.005 -16"><span class='ocrx_word' id='word_1_294' title='bbox 116 3514 131 3560; x_wconf 90' lang='lat' dir='ltr'><strong>i.</strong></span> <span class='ocrx_word' id='word_1_295' title='bbox 145 3528 166 3560; x_wconf 92' lang='lat' dir='ltr'><strong>e.</strong></span> <span class='ocrx_word' id='word_1_296' title='bbox 178 3513 245 3576; x_wconf 80' lang='lat' dir='ltr'><strong>ferra</strong></span> <span class='ocrx_word' id='word_1_297' title='bbox 257 3517 280 3560; x_wconf 82' lang='lat' dir='ltr'><strong>in</strong></span> <span class='ocrx_word' id='word_1_298' title='bbox 294 3517 394 3574; x_wconf 78' lang='lat' dir='ltr'><strong>pruinis,</strong></span> <span class='ocrx_word' id='word_1_299' title='bbox 412 3528 455 3560; x_wconf 88' lang='lat' dir='ltr'><strong>seu</strong></span> <span class='ocrx_word' id='word_1_300' title='bbox 474 3511 611 3560; x_wconf 88' lang='lat' dir='ltr'><strong>desinentia</strong></span> <span class='ocrx_word' id='word_1_301' title='bbox 627 3510 653 3558; x_wconf 93' lang='lat' dir='ltr'><strong>in</strong></span> <span class='ocrx_word' id='word_1_302' title='bbox 686 3512 799 3559; x_wconf 90' lang='lat' dir='ltr'><strong>deremus</strong></span> <span class='ocrx_word' id='word_1_303' title='bbox 811 3509 953 3558; x_wconf 87' lang='lat' dir='ltr'><strong>Lucretium</strong></span> <span class='ocrx_word' id='word_1_304' title='bbox 965 3511 996 3559; x_wconf 91' lang='lat' dir='ltr'><strong>de</strong></span> <span class='ocrx_word' id='word_1_305' title='bbox 1007 3510 1092 3573; x_wconf 78' lang='lat' dir='ltr'><strong>figurir</strong></span> <span class='ocrx_word' id='word_1_306' title='bbox 1104 3507 1225 3557; x_wconf 91' lang='lat' dir='ltr'><strong>seminum</strong></span> 
     </span>
     <span class='ocr_line' id='line_1_39' title="bbox 116 3574 1224 3639; baseline -0.006 -11"><span class='ocrx_word' id='word_1_307' title='bbox 116 3577 228 3636; x_wconf 87' lang='lat' dir='ltr'><strong>Pruinas,</strong></span> <span class='ocrx_word' id='word_1_308' title='bbox 240 3593 284 3625; x_wconf 92' lang='lat' dir='ltr'><strong>seu</strong></span> <span class='ocrx_word' id='word_1_309' title='bbox 294 3577 393 3626; x_wconf 89' lang='lat' dir='ltr'><strong>Pruinis</strong></span> <span class='ocrx_word' id='word_1_310' title='bbox 404 3577 486 3632; x_wconf 68' lang='lat' dir='ltr'><strong>finita,</strong></span> <span class='ocrx_word' id='word_1_311' title='bbox 505 3576 539 3624; x_wconf 88' lang='lat' dir='ltr'><strong>ita</strong></span> <span class='ocrx_word' id='word_1_312' title='bbox 555 3575 654 3638; x_wconf 89' lang='lat' dir='ltr'><strong>ingenio</strong></span> <span class='ocrx_word' id='word_1_313' title='bbox 686 3576 819 3638; x_wconf 87' lang='lat' dir='ltr'><strong>disputare,</strong></span> <span class='ocrx_word' id='word_1_314' title='bbox 832 3574 922 3623; x_wconf 89' lang='lat' dir='ltr'><strong>sivero</strong></span> <span class='ocrx_word' id='word_1_315' title='bbox 939 3575 1092 3639; x_wconf 89' lang='lat' dir='ltr'><strong>particulare,</strong></span> <span class='ocrx_word' id='word_1_316' title='bbox 1105 3574 1170 3637; x_wconf 91' lang='lat' dir='ltr'><strong>quod</strong></span> <span class='ocrx_word' id='word_1_317' title='bbox 1186 3588 1224 3621; x_wconf 86' lang='lat' dir='ltr'><strong>se-</strong></span> 
     </span>
     <span class='ocr_line' id='line_1_40' title="bbox 115 3640 1224 3704; baseline -0.004 -13"><span class='ocrx_word' id='word_1_318' title='bbox 115 3653 140 3691; x_wconf 90' lang='lat' dir='ltr'><strong>et</strong></span> <span class='ocrx_word' id='word_1_319' title='bbox 152 3642 264 3691; x_wconf 88' lang='lat' dir='ltr'><strong>acumine</strong></span> <span class='ocrx_word' id='word_1_320' title='bbox 276 3659 320 3690; x_wconf 88' lang='lat' dir='ltr'><strong>suo</strong></span> <span class='ocrx_word' id='word_1_321' title='bbox 330 3641 437 3690; x_wconf 83' lang='lat' dir='ltr'><strong>abutitur</strong></span> <span class='ocrx_word' id='word_1_322' title='bbox 447 3641 486 3689; x_wconf 86' lang='lat' dir='ltr'><strong>vir</strong></span> <span class='ocrx_word' id='word_1_323' title='bbox 492 3640 533 3688; x_wconf 91' lang='lat' dir='ltr'><strong>ille</strong></span> <span class='ocrx_word' id='word_1_324' title='bbox 543 3656 653 3704; x_wconf 86' lang='lat' dir='ltr'><strong>magnus,</strong></span> <span class='ocrx_word' id='word_1_325' title='bbox 687 3640 776 3702; x_wconf 90' lang='lat' dir='ltr'><strong>quitur,</strong></span> <span class='ocrx_word' id='word_1_326' title='bbox 789 3650 959 3703; x_wconf 84' lang='lat' dir='ltr'><strong>argumentum</strong></span> <span class='ocrx_word' id='word_1_327' title='bbox 976 3649 1121 3703; x_wconf 88' lang='lat' dir='ltr'><strong>spectemus,</strong></span> <span class='ocrx_word' id='word_1_328' title='bbox 1140 3652 1224 3686; x_wconf 85' lang='lat' dir='ltr'><strong>neces·</strong></span> 
     </span>
     <span class='ocr_line' id='line_1_41' title="bbox 115 3704 1224 3771; baseline -0.005 -14"><span class='ocrx_word' id='word_1_329' title='bbox 115 3719 143 3757; x_wconf 91' lang='lat' dir='ltr'><strong>ut</strong></span> <span class='ocrx_word' id='word_1_330' title='bbox 156 3708 265 3771; x_wconf 85' lang='lat' dir='ltr'><strong>imperiti</strong></span> <span class='ocrx_word' id='word_1_331' title='bbox 282 3706 375 3756; x_wconf 88' lang='lat' dir='ltr'><strong>librarii</strong></span> <span class='ocrx_word' id='word_1_332' title='bbox 388 3722 481 3755; x_wconf 90' lang='lat' dir='ltr'><strong>errores</strong></span> <span class='ocrx_word' id='word_1_333' title='bbox 498 3706 611 3770; x_wconf 85' lang='lat' dir='ltr'><strong>explicet,</strong></span> <span class='ocrx_word' id='word_1_334' title='bbox 629 3715 654 3754; x_wconf 89' lang='lat' dir='ltr'><strong>et</strong></span> <span class='ocrx_word' id='word_1_335' title='bbox 686 3705 745 3753; x_wconf 90' lang='lat' dir='ltr'><strong>sarii</strong></span> <span class='ocrx_word' id='word_1_336' title='bbox 757 3704 877 3752; x_wconf 91' lang='lat' dir='ltr'><strong>videntur.</strong></span> <span class='ocrx_word' id='word_1_337' title='bbox 902 3705 1048 3754; x_wconf 87' lang='lat' dir='ltr'><strong>Atomorum</strong></span> <span class='ocrx_word' id='word_1_338' title='bbox 1059 3706 1104 3753; x_wconf 92' lang='lat' dir='ltr'><strong>sub</strong></span> <span class='ocrx_word' id='word_1_339' title='bbox 1115 3718 1224 3766; x_wconf 89' lang='lat' dir='ltr'><strong>unaqua-</strong></span> 
     </span>
     <span class='ocr_line' id='line_1_42' title="bbox 115 3769 1224 3834; baseline -0.005 -12"><span class='ocrx_word' id='word_1_340' title='bbox 115 3774 235 3822; x_wconf 81' lang='lat' dir='ltr'><strong>desendat</strong></span> <span class='ocrx_word' id='word_1_341' title='bbox 686 3786 733 3833; x_wconf 85' lang='lat' dir='ltr'><strong>que</strong></span> <span class='ocrx_word' id='word_1_342' title='bbox 742 3770 820 3832; x_wconf 82' lang='lat' dir='ltr'><strong>figura</strong></span> <span class='ocrx_word' id='word_1_343' title='bbox 831 3769 977 3819; x_wconf 87' lang='lat' dir='ltr'><strong>infinitatem</strong></span> <span class='ocrx_word' id='word_1_344' title='bbox 984 3771 1056 3818; x_wconf 92' lang='lat' dir='ltr'><strong>modo</strong></span> <span class='ocrx_word' id='word_1_345' title='bbox 1067 3771 1224 3834; x_wconf 63' lang='lat' dir='ltr'><strong>probaveram</strong></span> 
     </span>
    </p>

    <p class='ocr_par' dir='ltr' id='par_1_8' title="bbox 115 3833 1225 4355">
     <span class='ocr_line' id='line_1_43' title="bbox 148 3833 1225 3899; baseline -0.006 -13"><span class='ocrx_word' id='word_1_346' title='bbox 148 3841 202 3887; x_wconf 79' lang='lat'><strong>521.</strong></span> <span class='ocrx_word' id='word_1_347' title='bbox 224 3840 290 3891; x_wconf 75' lang='lat' dir='ltr'><strong>Quod</strong></span> <span class='ocrx_word' id='word_1_348' title='bbox 309 3841 414 3899; x_wconf 79' lang='lat' dir='ltr'><strong>quoniam</strong></span> <span class='ocrx_word' id='word_1_349' title='bbox 436 3835 514 3898; x_wconf 81' lang='lat' dir='ltr'><strong>docui]</strong></span> <span class='ocrx_word' id='word_1_350' title='bbox 537 3835 654 3885; x_wconf 86' lang='lat' dir='ltr'><strong>Probavit</strong></span> <span class='ocrx_word' id='word_1_351' title='bbox 686 3833 1225 3898; x_wconf 83' lang='lat' dir='ltr'><strong>objectionemveroimminentempraevidet,</strong></span> 
     </span>
     <span class='ocr_line' id='line_1_44' title="bbox 115 3896 1223 3965; baseline -0.007 -13"><span class='ocrx_word' id='word_1_352' title='bbox 115 3903 245 3953; x_wconf 89' lang='lat' dir='ltr'><strong>dissimiles</strong></span> <span class='ocrx_word' id='word_1_353' title='bbox 263 3903 352 3965; x_wconf 78' lang='lat' dir='ltr'><strong>figuras</strong></span> <span class='ocrx_word' id='word_1_354' title='bbox 364 3902 446 3950; x_wconf 86' lang='lat' dir='ltr'><strong>finitas</strong></span> <span class='ocrx_word' id='word_1_355' title='bbox 458 3918 518 3960; x_wconf 90' lang='lat' dir='ltr'><strong>esse,</strong></span> <span class='ocrx_word' id='word_1_356' title='bbox 533 3903 584 3963; x_wconf 84' lang='lat' dir='ltr'><strong>jam</strong></span> <span class='ocrx_word' id='word_1_357' title='bbox 596 3917 618 3949; x_wconf 87' lang='lat' dir='ltr'><strong>v.</strong></span> <span class='ocrx_word' id='word_1_358' title='bbox 630 3901 652 3952; x_wconf 87' lang='grc'><strong>7.</strong></span> <span class='ocrx_word' id='word_1_359' title='bbox 686 3917 740 3964; x_wconf 82' lang='lat' dir='ltr'><strong>quae</strong></span> <span class='ocrx_word' id='word_1_360' title='bbox 751 3908 779 3948; x_wconf 85' lang='lat' dir='ltr'><strong>ut</strong></span> <span class='ocrx_word' id='word_1_361' title='bbox 790 3899 878 3948; x_wconf 90' lang='lat' dir='ltr'><strong>melius</strong></span> <span class='ocrx_word' id='word_1_362' title='bbox 889 3915 938 3949; x_wconf 89' lang='lat' dir='ltr'><strong>uua</strong></span> <span class='ocrx_word' id='word_1_363' title='bbox 949 3916 1005 3948; x_wconf 91' lang='lat' dir='ltr'><strong>cum</strong></span> <span class='ocrx_word' id='word_1_364' title='bbox 1016 3899 1175 3964; x_wconf 89' lang='lat' dir='ltr'><strong>responsione</strong></span> <span class='ocrx_word' id='word_1_365' title='bbox 1185 3896 1223 3945; x_wconf 92' lang='lat' dir='ltr'><strong>in-</strong></span> 
     </span>
     <span class='ocr_line' id='line_1_45' title="bbox 115 3964 1225 4032; baseline -0.005 -16"><span class='ocrx_word' id='word_1_366' title='bbox 115 3968 240 4032; x_wconf 87' lang='lat' dir='ltr'><strong>subjungit</strong></span> <span class='ocrx_word' id='word_1_367' title='bbox 268 3967 340 4015; x_wconf 89' lang='lat' dir='ltr'><strong>aliam</strong></span> <span class='ocrx_word' id='word_1_368' title='bbox 369 3966 469 4030; x_wconf 88' lang='lat' dir='ltr'><strong>Epicuri</strong></span> <span class='ocrx_word' id='word_1_369' title='bbox 498 3966 653 4024; x_wconf 89' lang='lat' dir='ltr'><strong>sententiam,</strong></span> <span class='ocrx_word' id='word_1_370' title='bbox 687 3965 817 4028; x_wconf 85' lang='lat' dir='ltr'><strong>telligatur,</strong></span> <span class='ocrx_word' id='word_1_371' title='bbox 828 3973 931 4028; x_wconf 91' lang='lat' dir='ltr'><strong>quatuor</strong></span> <span class='ocrx_word' id='word_1_372' title='bbox 940 3965 979 4013; x_wconf 91' lang='lat' dir='ltr'><strong>his</strong></span> <span class='ocrx_word' id='word_1_373' title='bbox 988 3965 1098 4012; x_wconf 85' lang='lat' dir='ltr'><strong>versibus</strong></span> <span class='ocrx_word' id='word_1_374' title='bbox 1109 3964 1225 4012; x_wconf 88' lang='lat' dir='ltr'><strong>lectorem</strong></span> 
     </span>
     <span class='ocr_line' id='line_1_46' title="bbox 115 4029 1092 4095; baseline -0.003 -15"><span class='ocrx_word' id='word_1_375' title='bbox 115 4038 200 4081; x_wconf 83' lang='lat' dir='ltr'><strong>semina</strong></span> <span class='ocrx_word' id='word_1_376' title='bbox 209 4037 253 4081; x_wconf 84' lang='lat' dir='ltr'><strong>viz.</strong></span> <span class='ocrx_word' id='word_1_377' title='bbox 261 4050 310 4095; x_wconf 80' lang='lat' dir='ltr'><strong>qua</strong></span> <span class='ocrx_word' id='word_1_378' title='bbox 320 4040 373 4079; x_wconf 84' lang='lat' dir='ltr'><strong>sant</strong></span> <span class='ocrx_word' id='word_1_379' title='bbox 382 4035 554 4094; x_wconf 76' lang='lat' dir='ltr'><strong>rimilirfigaroe</strong></span> <span class='ocrx_word' id='word_1_380' title='bbox 563 4048 654 4079; x_wconf 83' lang='lat' dir='ltr'><strong>numero</strong></span> <span class='ocrx_word' id='word_1_381' title='bbox 686 4039 777 4088; x_wconf 89' lang='lat' dir='ltr'><strong>monet,</strong></span> <span class='ocrx_word' id='word_1_382' title='bbox 790 4029 848 4092; x_wconf 91' lang='lat' dir='ltr'><strong>quid</strong></span> <span class='ocrx_word' id='word_1_383' title='bbox 861 4046 891 4078; x_wconf 86' lang='lat' dir='ltr'><strong>ex</strong></span> <span class='ocrx_word' id='word_1_384' title='bbox 910 4039 990 4086; x_wconf 88' lang='lat' dir='ltr'><strong>ectare</strong></span> <span class='ocrx_word' id='word_1_385' title='bbox 1002 4029 1092 4078; x_wconf 86' lang='lat' dir='ltr'><strong>debuit</strong></span> 
     </span>
     <span class='ocr_line' id='line_1_47' title="bbox 116 4046 1225 4158; baseline -0.011 -11"><span class='ocrx_word' id='word_1_386' title='bbox 116 4100 209 4156; x_wconf 64' lang='lat' dir='ltr'><strong>[muira</strong></span> <span class='ocrx_word' id='word_1_387' title='bbox 224 4114 287 4150; x_wconf 73' lang='lat' dir='ltr'><strong>esser</strong></span> <span class='ocrx_word' id='word_1_388' title='bbox 307 4097 408 4145; x_wconf 84' lang='lat' dir='ltr'><strong>Infinita</strong></span> <span class='ocrx_word' id='word_1_389' title='bbox 420 4096 571 4153; x_wconf 88' lang='lat' dir='ltr'><strong>orbicularia,</strong></span> <span class='ocrx_word' id='word_1_390' title='bbox 592 4095 651 4143; x_wconf 86' lang='lat' dir='ltr'><strong>Infi·</strong></span> <span class='ocrx_word' id='word_1_391' title='bbox 719 4097 773 4143; x_wconf 82' lang='lat'><strong>531.</strong></span> <span class='ocrx_word' id='word_1_392' title='bbox 798 4046 908 4158; x_wconf 70' lang='lat' dir='ltr'><strong>I’roieloll</strong></span> <span class='ocrx_word' id='word_1_393' title='bbox 925 4097 1042 4143; x_wconf 86' lang='lat' dir='ltr'><strong>Proteiam</strong></span> <span class='ocrx_word' id='word_1_394' title='bbox 1066 4091 1165 4157; x_wconf 89' lang='lat' dir='ltr'><strong>proprie</strong></span> <span class='ocrx_word' id='word_1_395' title='bbox 1187 4096 1225 4136; x_wconf 79' lang='lat' dir='ltr'><strong>ert</strong></span> 
     </span>
     <span class='ocr_line' id='line_1_48' title="bbox 116 4156 1224 4226; baseline -0.008 -19"><span class='ocrx_word' id='word_1_396' title='bbox 116 4161 168 4208; x_wconf 91' lang='lat' dir='ltr'><strong>nita</strong></span> <span class='ocrx_word' id='word_1_397' title='bbox 183 4172 260 4218; x_wconf 85' lang='lat' dir='ltr'><strong>ovata,</strong></span> <span class='ocrx_word' id='word_1_398' title='bbox 280 4161 381 4209; x_wconf 86' lang='lat' dir='ltr'><strong>Infinita</strong></span> <span class='ocrx_word' id='word_1_399' title='bbox 398 4161 563 4226; x_wconf 87' lang='lat' dir='ltr'><strong>pyramidalia,</strong></span> <span class='ocrx_word' id='word_1_400' title='bbox 581 4170 653 4222; x_wconf 88' lang='lat' dir='ltr'><strong>atque</strong></span> <span class='ocrx_word' id='word_1_401' title='bbox 687 4168 750 4209; x_wconf 82' lang='lat' dir='ltr'><strong>tener</strong></span> <span class='ocrx_word' id='word_1_402' title='bbox 762 4162 802 4208; x_wconf 86' lang='lat' dir='ltr'><strong>ille</strong></span> <span class='ocrx_word' id='word_1_403' title='bbox 813 4162 877 4208; x_wconf 83' lang='lat' dir='ltr'><strong>ducti</strong></span> <span class='ocrx_word' id='word_1_404' title='bbox 889 4163 965 4207; x_wconf 82' lang='lat' dir='ltr'><strong>aratri</strong></span> <span class='ocrx_word' id='word_1_405' title='bbox 972 4176 1016 4221; x_wconf 83' lang='lat' dir='ltr'><strong>per</strong></span> <span class='ocrx_word' id='word_1_406' title='bbox 1026 4161 1106 4206; x_wconf 83' lang='lat' dir='ltr'><strong>sulcas.</strong></span> <span class='ocrx_word' id='word_1_407' title='bbox 1138 4156 1224 4214; x_wconf 87' lang='lat' dir='ltr'><strong>Itaque</strong></span> 
     </span>
     <span class='ocr_line' id='line_1_49' title="bbox 116 4216 1221 4288; baseline -0.009 -16"><span class='ocrx_word' id='word_1_408' title='bbox 116 4224 151 4272; x_wconf 91' lang='lat' dir='ltr'><strong>ita</strong></span> <span class='ocrx_word' id='word_1_409' title='bbox 164 4224 194 4273; x_wconf 84' lang='lat' dir='ltr'><strong>de</strong></span> <span class='ocrx_word' id='word_1_410' title='bbox 211 4226 318 4282; x_wconf 79' lang='lat' dir='ltr'><strong>caeteris3</strong></span> <span class='ocrx_word' id='word_1_411' title='bbox 344 4227 412 4275; x_wconf 88' lang='lat' dir='ltr'><strong>addit</strong></span> <span class='ocrx_word' id='word_1_412' title='bbox 429 4226 517 4274; x_wconf 87' lang='lat' dir='ltr'><strong>deinde</strong></span> <span class='ocrx_word' id='word_1_413' title='bbox 534 4224 654 4274; x_wconf 87' lang='lat' dir='ltr'><strong>rationem</strong></span> <span class='ocrx_word' id='word_1_414' title='bbox 683 4228 796 4288; x_wconf 77' lang='lat' dir='ltr'><strong>protelem</strong></span> <span class='ocrx_word' id='word_1_415' title='bbox 811 4224 858 4273; x_wconf 91' lang='lat' dir='ltr'><strong>erit</strong></span> <span class='ocrx_word' id='word_1_416' title='bbox 874 4224 1015 4273; x_wconf 86' lang='lat' dir='ltr'><strong>continuata</strong></span> <span class='ocrx_word' id='word_1_417' title='bbox 1031 4221 1094 4270; x_wconf 86' lang='lat' dir='ltr'><strong>actio</strong></span> <span class='ocrx_word' id='word_1_418' title='bbox 1107 4226 1133 4266; x_wconf 87' lang='lat' dir='ltr'><strong>et</strong></span> <span class='ocrx_word' id='word_1_419' title='bbox 1147 4216 1221 4277; x_wconf 79' lang='lat' dir='ltr'><strong>tiran-</strong></span> 
     </span>
     <span class='ocr_line' id='line_1_50' title="bbox 116 4281 1223 4355; baseline -0.007 -19"><span class='ocrx_word' id='word_1_420' title='bbox 116 4304 148 4336; x_wconf 81' lang='lat' dir='ltr'><strong>ex</strong></span> <span class='ocrx_word' id='word_1_421' title='bbox 158 4289 283 4338; x_wconf 81' lang='lat' dir='ltr'><strong>infinitate</strong></span> <span class='ocrx_word' id='word_1_422' title='bbox 291 4291 410 4340; x_wconf 86' lang='lat' dir='ltr'><strong>seminum</strong></span> <span class='ocrx_word' id='word_1_423' title='bbox 420 4290 533 4355; x_wconf 88' lang='lat' dir='ltr'><strong>superius</strong></span> <span class='ocrx_word' id='word_1_424' title='bbox 540 4290 652 4355; x_wconf 86' lang='lat' dir='ltr'><strong>probata;</strong></span> <span class='ocrx_word' id='word_1_425' title='bbox 687 4307 751 4339; x_wconf 80' lang='grc' dir='ltr'><strong><em>στος.</em></strong></span> <span class='ocrx_word' id='word_1_426' title='bbox 769 4293 852 4338; x_wconf 83' lang='lat' dir='ltr'><strong>Faber.</strong></span> <span class='ocrx_word' id='word_1_427' title='bbox 879 4291 1006 4347; x_wconf 73' lang='lat' dir='ltr'><strong>Praeclare,</strong></span> <span class='ocrx_word' id='word_1_428' title='bbox 1018 4287 1110 4348; x_wconf 83' lang='lat' dir='ltr'><strong>fugare,</strong></span> <span class='ocrx_word' id='word_1_429' title='bbox 1124 4281 1223 4350; x_wconf 81' lang='lat' dir='ltr'><strong>Terent.</strong></span> 
     </span>
    </p>

    <p class='ocr_par' dir='ltr' id='par_1_9' title="bbox 817 4367 834 4400">
     <span class='ocr_line' id='line_1_51' title="bbox 817 4367 834 4400; baseline 0 0"><span class='ocrx_word' id='word_1_430' title='bbox 817 4367 834 4400; x_wconf 83' lang='lat' dir='ltr'><strong>u</strong></span> 
     </span>
    </p>
   </div>
   <div class='ocr_carea' id='block_1_4' title="bbox 0 0 1443 4852">
    <p class='ocr_par' dir='ltr' id='par_1_10' title="bbox 0 0 1443 4852">
     <span class='ocr_line' id='line_1_52' title="bbox 0 0 1443 4852; baseline 0 0"><span class='ocrx_word' id='word_1_431' title='bbox 0 0 1443 4852; x_wconf 95' lang='lat' dir='ltr'><strong> </strong></span> 
     </span>
    </p>
   </div>
  </div>
 </body>
</html>
