2872 4852
216 228 260 292 64
602 221 645 288 Τ.
675 216 944 288 LUCRETII

254 394 286 440 ιο
305 382 340 446 Si
356 402 421 445 non
435 380 519 445 forte
535 390 608 443 tuas
624 379 788 464 Legiones
803 402 863 464 per
877 377 950 444 loca
965 377 1071 461 campi

301 484 443 548 Fervere
459 504 532 547 eum
546 482 658 546 videas
673 480 750 547 belli
765 480 934 545 simulacra
947 479 1100 557 cienteis3

303 587 444 652 Fervere
460 608 533 650 eum
548 585 658 648 videas
675 583 832 660 Classem,
848 583 977 668 lateque
993 581 1121 667 vagari3

303 689 366 753 His
382 690 442 753 tibi
456 698 524 751 tum
539 689 638 753 rebus
655 687 826 751 timefactae
842 684 1042 769 Relligiones

302 790 477 874 Effugiunt
492 790 598 854 animo
613 791 753 875 pavidae,
768 789 945 873 mortisque
962 789 1111 851 timores:

253 906 284 951 4⁵
304 893 391 958 Tum
407 893 558 958 Vacuum
573 903 689 977 peetus
704 892 866 978 linquunt,
882 912 1024 974 curaque
1041 888 1192 953 solutum.

347 995 448 1068 Quod
464 996 491 1058 si
505 994 642 1058 ridicula
656 995 739 1071 haec,
753 994 959 1076 ludibriaque
975 1014 1047 1057 esse
1061 992 1220 1068 videmus,

303 1099 356 1162 Re
370 1119 511 1181 veraque
528 1095 642 1160 Metus
658 1095 834 1172 hominum,
851 1095 1013 1179 Curaeque
1029 1115 1198 1177 sequaceS,

301 1201 377 1266 Nec
391 1210 540 1264 metuunt
556 1199 680 1262 sonitus
695 1221 869 1275 armorum,
885 1220 944 1262 nec
960 1197 1030 1261 fera
1044 1196 1127 1274 tela3

302 1302 537 1385 Audacterque
553 1302 637 1365 inter
652 1300 776 1385 Regae,
792 1322 965 1384 rerumque
981 1298 1149 1364 Potenteis

254 1419 285 1465 50
300 1407 498 1482 Versantur,
513 1427 619 1488 neque
634 1403 795 1488 fulgorem
809 1413 1000 1468 reverentur
1015 1402 1057 1466 ab
1072 1423 1165 1478 auro,

246 1522 250 1529 '
303 1508 378 1574 Nec
394 1509 514 1573 clarum
531 1508 631 1572 vestis
647 1506 852 1590 splendorem
868 1507 1066 1591 purpureai:

303 1610 393 1683 Quid
409 1611 550 1687 dubitas,
567 1611 645 1693 quin
663 1632 756 1673 omne
773 1607 891 1673 sithoc
906 1608 1039 1671 rationis
1054 1615 1184 1692 egestas

304 1711 419 1776 Omnis
436 1734 509 1776 cum
524 1713 556 1774 in
572 1711 714 1775 tenebris
730 1711 912 1794 praesertim
927 1711 992 1773 vita
1006 1707 1152 1774 laboret?

345 1814 433 1877 Nam
448 1812 547 1877 veluti
562 1813 662 1877 Pueri
676 1813 852 1897 trepidant,
869 1823 967 1897 atque
983 1813 1089 1877 omnia
1104 1811 1197 1876 eaecis

217 2030 382 2092 subjiciamus,
394 2036 448 2082 Non
458 2037 490 2096 fit
507 2039 628 2094 thesauris,
640 2052 683 2084 oon
700 2051 756 2083 oaro
790 2033 898 2082 nondum
914 2032 1068 2081 illustratam.
1103 2033 1134 2081 In
1151 2029 1258 2080 tenebris
1269 2045 1331 2080 vero

213 2099 289 2158 peetu’
302 2100 406 2155 solatiam,
420 2101 472 2147 Non
484 2102 576 2147 demant
587 2104 669 2148 animis
681 2117 755 2157 caros,
790 2114 834 2146 nos
855 2113 940 2145 omnes
961 2097 1044 2146 vivere
1064 2113 1096 2145 ex
1115 2113 1178 2145 vano
1200 2095 1332 2145 hominum

216 2178 257 2209 nee
273 2165 411 2225 relligiones,
424 2167 548 2212 Persarum
559 2172 652 2223 montes,
663 2182 707 2213 noa
718 2168 755 2212 di·
789 2172 865 2219 metu,
875 2171 900 2210 et
909 2161 1018 2210 ridiculis
1027 2161 1154 2211 timoribus
1162 2162 1330 2216 demonstrat:

216 2230 271 2274 vitis
282 2231 345 2275 ciria
359 2231 439 2277 Croesi.
790 2236 818 2275 ut
828 2227 901 2291 pueri
911 2227 976 2274 enim
987 2227 1014 2275 in
1026 2227 1134 2276 tenebris
1144 2235 1259 2274 metuunt
1274 2242 1330 2274 om·

249 2293 288 2338 40.
307 2295 333 2340 Si
344 2293 400 2357 non]
414 2293 518 2342 Ironice.
788 2291 837 2349 nia,
850 2300 875 2339 et
887 2291 991 2339 ridicula
1007 2291 1054 2340 sibi
1070 2291 1131 2355 ipsis
1148 2292 1268 2354 effingunt
1282 2306 1330 2354 pe·

248 2358 289 2404 41.
307 2360 404 2408 Feroere
413 2377 463 2407 oum
469 2363 554 2417 videas,
564 2356 621 2422 eta]
632 2359 683 2408 Alii
691 2374 754 2423 prae-
788 2357 873 2414 ricula,
883 2356 919 2405 sic
930 2372 1015 2404 omnes
1026 2357 1142 2420 opinione
1153 2357 1184 2404 de
1195 2355 1330 2420 providen-

216 2420 298 2469 ferunt
309 2425 407 2472 Fervere
423 2442 473 2472 eam
488 2428 567 2474 videos
583 2428 684 2482 classem,
697 2427 755 2472 lote-
789 2422 830 2480 tis,
841 2430 866 2470 et
875 2421 963 2469 futuris
975 2430 1031 2484 post
1042 2431 1145 2470 mortem
1156 2421 1237 2484 poenis
1249 2420 1332 2484 (regri,

216 2503 259 2548 que
270 2492 353 2550 vagari
367 2492 520 2551 Ornatamqae
532 2495 602 2539 armis
615 2492 668 2537 belli
684 2493 755 2537 simu-
789 2496 817 2535 ut
833 2487 909 2536 sentit
926 2485 1057 2550 Epicurus,
1073 2485 1179 2548 somnio)
1198 2494 1331 2534 terrentur.
1362 2492 1367 2516 ⁴

217 2554 296 2600 loelro
308 2556 375 2600 ciere.
790 2553 825 2599 Ut
844 2552 888 2599 has
910 2552 1022 2599 tenebras
1041 2551 1117 2615 fuget,
1136 2559 1162 2598 et
1182 2549 1333 2599 Memmium

250 2618 289 2662 43.
310 2617 453 2681 Timefoetae]
468 2620 523 2666 Hac
535 2635 594 2667 voce
606 2618 684 2666 utitur
695 2617 755 2666 Tul-
789 2617 940 2665 suumomni
952 2626 1019 2664 metu
1030 2625 1055 2664 et
1070 2616 1225 2664 solicitudine
1241 2614 1333 2665 liberet

216 2679 265 2728 lius
277 2679 319 2728 lib.
339 2682 375 2728 II.
393 2682 423 2729 de
439 2683 485 2731 Off.
504 2698 548 2731 nec
563 2683 694 2744 reficimus,
711 2682 757 2730 etsi
791 2680 927 2738 Lucretius,
945 2697 1007 2744 opus
1023 2681 1192 2745 prosequitur,
1203 2690 1228 2729 et
1245 2695 1333 2730 rerum

214 2747 307 2805 pusiola
324 2756 452 2808 sequatur:
470 2747 511 2794 alii
528 2747 614 2811 legunt
630 2746 756 2810 tumefacto.
791 2754 902 2793 naturam
912 2746 1010 2810 copiose
1022 2755 1047 2794 et
1058 2755 1143 2794 ornate
1155 2745 1268 2810 explicat

218 2808 284 2863 Quid
300 2810 326 2856 ni
340 2810 467 2872 tumefactos
485 2815 623 2875 relligiones,
641 2813 657 2860 i.
674 2828 695 2859 e.
714 2827 755 2859 su·
822 2812 860 2857 52.
882 2811 1057 2862 Quinomnesit
1072 2809 1125 2873 lice]
1138 2810 1196 2868 Alii,
1209 2814 1265 2872 quin
1280 2828 1331 2860 ent-

217 2874 312 2937 perbae;
330 2884 358 2922 ut
370 2878 480 2924 Dmninus
494 2885 566 2924 metas
582 2876 647 2940 apud
665 2877 755 2924 Lucre·
788 2879 825 2923 sris
836 2879 868 2923 sit
878 2879 941 2923 lraee:
957 2891 1007 2923 non
1018 2877 1101 2939 probo,
1113 2885 1139 2924 et
1153 2875 1230 2924 multo
1247 2875 1332 2925 minus

218 2937 287 2997 tium,
300 2937 421 2988 Δεσπότις
432 2939 565 3003 Εἱμαρμένη
582 2942 647 3005 apud
664 2941 755 3005 Epicu·
786 2948 889 3002 potestas
897 2956 942 3004 pro
951 2949 1057 3003 egestass
1074 2940 1247 3003 quodquidam
1257 2941 1331 2990 codd.

219 3006 290 3051 ruml
310 3003 473 3054 Laiirtiusvit
482 3005 591 3070 Epicuri.
618 3006 699 3054 Faber
708 3021 757 3053 non
790 3015 932 3068 agnoscunt

218 3076 300 3132 potest
314 3070 344 3117 ab
361 3070 443 3118 animo
460 3087 504 3119 suo
520 3071 652 3134 impetrare
669 3080 696 3119 ut
712 3087 755 3134 ap·
823 3072 861 3118 54.
885 3073 947 3119 Nom
963 3074 1034 3118 veluti
1051 3074 1131 3129 Pueri,
1148 3069 1205 3134 ele]
1227 3071 1331 3131 Seneca,

219 3135 441 3198 probetrelligiones
454 3135 757 3198 limejaetae,pcvidae,cum
790 3136 836 3200 Ep.
857 3137 909 3183 110.
940 3135 1008 3184 Talis
1025 3146 1062 3184 est
1078 3136 1214 3185 animorum
1231 3144 1331 3184 nostro-

215 3202 316 3260 pavidus
322 3208 347 3247 et
357 3199 486 3264 timefactus
494 3201 560 3249 idem
569 3209 664 3259 sonent,
672 3217 756 3265 quam·
790 3217 844 3248 rum
861 3200 979 3258 confusio,
992 3201 1070 3263 qualis
1087 3201 1202 3250 Lucretio
1213 3199 1266 3250 visa
1283 3210 1332 3260 est,

218 3265 302 3312 obrem
318 3264 406 3314 lubens
422 3266 488 3330 legit,
503 3269 550 3315 His
567 3269 610 3314 tibi
627 3274 673 3314 tam
690 3269 757 3314 rebus
790 3269 852 3314 Nam
859 3269 930 3314 veluti
937 3267 1015 3322 Pueri,
1023 3274 1065 3314 eto.
1087 3266 1154 3321 Quid
1160 3268 1232 3328 ergol
1246 3281 1332 3316 noune

217 3330 350 3394 pavefactae
373 3335 503 3396 relligiones
526 3334 650 3396 Effugiant
674 3336 756 3389 animo,
791 3330 857 3379 omni
866 3346 943 3394 puero
953 3331 1078 3380 stultiores
1089 3347 1173 3380 sumus
1184 3329 1225 3393 qui
1236 3329 1263 3379 in
1273 3330 1332 3381 luce

219 3395 301 3457 pavidi
324 3400 445 3460 mortisque
468 3401 559 3447 timores
584 3400 641 3446 Tam
662 3414 758 3446 vacuum
791 3396 936 3444 timeamus?
955 3396 999 3445 sed
1009 3396 1098 3445 falsum
1108 3405 1152 3454 est,
1162 3395 1269 3454 Lucreti,
1279 3410 1332 3445 non

216 3466 296 3518 peetus
308 3463 473 3523 linquentem.
791 3461 905 3511 timemus
916 3461 942 3509 in
957 3461 1018 3519 luce,
1031 3461 1113 3510 omnia
1129 3460 1199 3510 nobis
1216 3461 1333 3510 tenebras

251 3525 290 3570 45.
309 3526 405 3588 Pectus]
425 3531 529 3590 Tempus,
541 3528 610 3577 codd.
637 3527 724 3592 Caput,
736 3527 757 3576 si
790 3526 899 3584 lecimus,
909 3526 971 3574 nihil
980 3527 1099 3585 videmus,
1109 3542 1153 3574 neo
1164 3524 1223 3588 quid
1234 3535 1332 3584 noceat,

219 3587 366 3636 Lambinum
393 3604 436 3639 aut
457 3593 584 3641 Giianium
610 3593 756 3648 audiamus;
790 3592 906 3654 necquid
921 3592 1050 3655 expediam
1070 3601 1120 3640 tota
1133 3592 1182 3641 vita
1198 3590 1331 3640 incursita-

219 3651 310 3709 Vitam,
323 3653 344 3699 si
357 3654 470 3704 Fabrum.
790 3672 852 3714 mus,
863 3672 908 3704 nec
918 3656 949 3703 ob
960 3657 1006 3703 hoc
1017 3657 1160 3714 resistimus,
1170 3665 1213 3705 aut
1223 3655 1331 3705 circurn-

252 3717 291 3762 46.
311 3719 377 3768 Quod
387 3723 408 3766 si
419 3723 526 3778 ridiculo,
536 3719 592 3783 ete]
605 3722 669 3769 Cum
679 3736 757 3783 reges,
790 3720 898 3783 spectius
911 3719 998 3782 pedem
1015 3721 1143 3783 ponimust
1162 3721 1230 3771 vides
1246 3730 1332 3770 autem

219 3779 320 3838 nobiles,
331 3781 446 3830 ditissimi
457 3793 481 3832 et
497 3785 662 3848 potentissimi
677 3785 756 3831 homi·
791 3785 907 3846 quamsit
921 3782 1012 3832 furiosa
1027 3800 1067 3832 res
1083 3786 1108 3833 in
1127 3786 1234 3834 tenebris
1250 3785 1332 3850 impe·

219 3859 279 3892 num
291 3854 365 3903 metu,
377 3862 442 3904 cura,
455 3848 609 3897 solicitudine
621 3850 757 3906 turbentur,
791 3860 837 3905 tus,
850 3864 877 3896 ae
890 3849 1028 3897 mehercule
1040 3850 1066 3898 id
1077 3851 1171 3913 agimu
1188 3859 1216 3900 ut
1231 3851 1332 3914 longius
1359 3901 1360 3904 ,

219 3925 264 3958 nec
276 3910 415 3968 beatiorem,
428 3928 501 3973 quam
515 3912 565 3969 alii,
577 3913 652 3960 vitam
669 3922 756 3975 agant;
790 3913 920 3961 revocandi
932 3913 1015 3970 simus,
1026 3927 1051 3962 et
1062 3931 1118 3963 cum
1129 3916 1269 3979 ignoremus
1281 3931 1332 3991 quo

219 3974 347 4032 honorum,
365 3975 514 4034 divitiarum,
533 3986 579 4024 etc.
598 3976 758 4041 cupiditatem
790 3977 903 4035 feramur,
921 3978 1037 4027 velociter
1055 3990 1135 4028 tamen
1154 3981 1204 4039 illo,
1221 3996 1269 4043 quo
1289 3996 1331 4031 ιιι-

220 4055 252 4087 ex
267 4040 405 4103 ignorantia
416 4057 481 4089 vera
496 4041 629 4089 soelicitatis
646 4041 721 4098 nasci,
734 4058 757 4091 ι.
791 4042 921 4101 tendimus,
931 4043 967 4092 ire
979 4060 1177 4108 perseveramus:
1195 4046 1239 4094 sed
1250 4046 1332 4095 luces·

223 4104 260 4152 15.
277 4105 436 4168 pronunciat3
457 4121 502 4154 nee
519 4105 608 4154 mirum
626 4115 675 4154 tam
691 4120 757 4154 cras·
790 4122 853 4164 cere,
872 4108 894 4157 si
914 4108 1024 4167 velimus,
1045 4119 1133 4184 potest.
1170 4110 1227 4158 Uno
1247 4119 1334 4160 autem

220 4184 272 4217 sam
286 4185 339 4218 esse
354 4169 524 4234 ignorantiam,
537 4186 592 4218 cum
609 4186 694 4218 omnes
706 4170 756 4218 vel·
791 4172 863 4220 modo
879 4174 1071 4236 potest31iqurs
1087 4175 1150 4223 hano
1166 4175 1334 4226 humanorum

220 4233 256 4283 uti
279 4234 305 4282 in
328 4236 434 4284 tenebris
456 4235 616 4293 ambulemus,
635 4235 758 4298 vitamque
790 4236 977 4300 divinorumque
989 4237 1101 4287 notitiam
1113 4240 1241 4303 acceperit,
1252 4241 1273 4289 si
1288 4240 1335 4292 illa

220 4313 321 4360 agamus
348 4300 477 4365 Epicurea
508 4299 673 4364 Philosophia
705 4300 758 4349 luce
791 4318 818 4350 se
835 4318 884 4350 non
900 4302 1043 4367 perfuderit,
1059 4303 1103 4352 sed
1119 4303 1238 4363 infecerit,
1250 4305 1271 4354 si
1289 4322 1333 4359 ea-
