2872 4852
217 227 296 291 150·
595 220 639 286 Τ.
672 221 944 287 LUCRETII

299 381 383 444 Cum
399 378 552 443 cohibere
568 379 680 461 nequit
695 388 945 462 conquassatum
961 399 1003 440 ex
1019 376 1188 461 aliquare,

298 480 350 546 Ac
366 481 561 545 rarefactum
576 481 725 545 detracto
742 481 898 564 sanguine
914 480 1015 555 venis,

299 581 390 646 Aere
407 583 463 667 qui
478 583 592 646 credas
607 605 705 666 posse
720 581 805 645 hanc
821 580 1004 644 cohiberier
1020 579 1107 644 ullo?

235 699 282 744 445
301 685 448 768 Corpore
464 685 519 768 qui
534 694 646 748 nostro
663 706 755 746 rarus
770 683 873 766 magis
890 705 940 746 am
956 682 1156 746 cohibessit?

344 787 521 863 Praeterea,
537 786 627 870 gigni
641 787 764 870 pariter
779 807 852 849 cum
868 785 1025 867 Corpore,
1042 794 1076 848 et
1090 806 1156 846 una

220 922 225 954 :
301 891 457 954 Crescere
474 890 639 965 sentimus,
655 889 842 972 pariterque
859 908 1027 950 senescere
1043 885 1209 949 Mentem:

301 991 389 1055 Nam
404 991 492 1056 velut
506 991 632 1054 infirmo
649 991 760 1066 Pueri,
776 1001 953 1072 teneroque
969 998 1128 1072 vagantur

302 1093 468 1177 Corpore;
493 1094 538 1157 sic
554 1091 664 1157 Animi
680 1094 826 1177 sequitur
842 1092 1003 1156 sententia
1017 1091 1135 1166 tenuiS,

236 1205 285 1252 450
303 1193 384 1259 Inde
400 1196 457 1259 ubi
472 1196 614 1258 robustis
631 1194 771 1258 adolevit
785 1196 906 1258 viribus
923 1204 1018 1269 aetas;

301 1295 479 1362 Consilium
493 1319 624 1381 quoque
639 1297 754 1379 majuS,
770 1307 804 1360 et
819 1296 943 1360 auctior
957 1305 1008 1358 est
1022 1292 1133 1358 Animi
1147 1296 1213 1358 vis:
1260 1337 1262 1341 -

280 1391 283 1396 ’
301 1399 383 1464 Post
399 1400 456 1462 ubi
466 1400 535 1483 jam
549 1398 662 1462 validis
678 1398 835 1482 quassatu
849 1397 889 1460 ’st
904 1398 1025 1487 viribus
1039 1397 1099 1460 aevi

303 1501 444 1586 Corpus,
460 1512 494 1565 et
509 1503 633 1566 obtusis
650 1502 838 1568 cecideruut
852 1500 973 1563 viribus
990 1508 1099 1576 artus3

302 1602 473 1667 Claudicat
488 1602 670 1686 Ingenium,
687 1602 803 1667 delirat
817 1602 1023 1686 Linguaque,
1040 1600 1215 1686 Mensque‚

239 1717 286 1763 455
306 1705 425 1768 Omnia
440 1704 607 1781 deficiunt,
624 1714 722 1788 atque
738 1726 803 1767 uno
820 1714 964 1787 tempore
981 1704 1110 1773 desunt.

303 1807 396 1890 Ergo
412 1805 544 1870 dissolvi
559 1828 689 1890 quoque
705 1806 855 1870 convenit
869 1827 996 1870 omnem
1012 1804 1142 1870 Animai

301 1908 475 1985 Naturam,
490 1931 550 1972 ceu
565 1908 672 1971 fumus
689 1909 722 1971 in
737 1908 819 1972 altas
836 1909 921 1972 aeris
936 1931 1049 1972 auras:

303 2010 578 2093 Quandoquidem
593 2010 683 2095 gigni
698 2011 831 2094 pariter,
847 2011 1034 2095 pariterque
1049 2011 1194 2074 videmus

302 2113 470 2190 Crescere,
486 2122 520 2176 et
535 2112 584 2194 (ut
599 2113 708 2196 docui)
724 2113 817 2177 simul
835 2135 904 2177 aevo
920 2111 1007 2177 fessa
1021 2112 1150 2177 fatiscit.

239 2226 287 2273 460
348 2214 426 2278 Huc
441 2215 578 2291 accedit,
594 2216 643 2279 uti
657 2215 823 2279 videamus
840 2215 969 2298 Corpus
985 2224 1022 2278 ut
1036 2216 1141 2299 ipsum

305 2316 479 2400 Suscipere
494 2317 659 2380 immaneis
674 2318 817 2394 morbos,
833 2317 1015 2400 durumque
1031 2316 1195 2394 dolorem3

306 2418 361 2483 Sic
376 2417 529 2482 Animum
545 2441 639 2483 curas
655 2420 770 2495 aereis,
787 2418 984 2502 luctumque,
1001 2428 1197 2502 metumque,

306 2521 419 2594 Quare
437 2521 626 2605 participem
641 2519 722 2584 lethi
736 2542 866 2604 quoque
883 2521 1033 2583 convenit
1048 2541 1131 2583 esse.

220 2745 248 2776 er
262 2731 358 2776 hominis
372 2733 477 2776 membris
484 2748 493 2782 ,·
510 2727 630 2787 Gifanius‚
643 2745 671 2776 er
686 2731 756 2776 omm'-
791 2729 907 2791 Corpore,
920 2736 1000 2776 etune
1014 2731 1120 2777 Crescere
1131 2733 1246 2778 sentimus.

223 2795 263 2840 bae
279 2796 397 2840 membris:
415 2796 517 2841 omnibus
533 2802 614 2840 autem
628 2792 758 2840 Terentius
824 2795 878 2840 458.
897 2796 1035 2855 Pariterque
1046 2793 1158 2856 videmur]
1171 2793 1223 2843 Alii
1235 2793 1327 2857 legunt,

223 2865 249 2904 et
260 2855 362 2904 Plautus
373 2872 437 2919 saepe
448 2856 590 2920 corripiunt.
790 2859 928 2919 Pariterque
936 2858 1033 2906 videtur
1044 2861 1156 2917 Crescere,
1166 2868 1189 2907 et
1200 2859 1238 2920 (ut
1248 2858 1328 2919 docui)

225 2968 226 2972 ,
254 2921 310 2967 445.
335 2922 380 2967 Am
397 2920 528 2982 cohiberet]
546 2924 597 2978 Am,
615 2920 630 2967 i.
652 2936 672 2968 e.
692 2937 757 2975 eum,⁴
790 2925 859 2968 simul
874 2922 997 2986 creseere
1017 2923 1110 2971 fatisci:
1134 2938 1183 2971 non
1202 2923 1264 2971 tanti
1282 2932 1327 2980 est,

222 2984 258 3032 ita
273 2993 381 3033 veteres:
405 2988 533 3042 cohibesrr't,
549 2985 691 3033 cohibuerit.
720 2985 758 3032 Si·
791 2985 897 3097 priorem
910 2996 992 3035 tamen
1003 2987 1132 3036 lectionem
1143 2988 1248 3036 libenter
1264 3003 1327 3050 prae-

222 3049 313 3097 militer
335 3053 450 3109 terruerit,
473 3053 582 3112 negauit,
605 3052 758 3110 supplicarsit,
801 3065 873 3098 eram.
1283 3096 1285 3103 ,

222 3114 288 3177 apud
309 3113 429 3162 Plautum.
468 3114 517 3162 Alii
536 3129 602 3172 vero,
620 3117 678 3161 hanc
697 3118 757 3162 cohi·
824 3116 879 3163 460.
897 3118 1058 3173 Hucaccedit,
1070 3116 1126 3179 etc]
1139 3117 1230 3174 Tertio,
1249 3133 1270 3166 v.
1290 3117 1328 3164 15.

224 3182 300 3227 tersit.
414 3238 415 3241 Ἴ
792 3180 855 3227 Cum
873 3181 969 3243 Corpus
991 3183 1075 3229 morbo
1096 3190 1211 3239 tentetur,
1231 3197 1328 3239 moeror,

255 3245 311 3292 446.
329 3248 454 3302 Praeterea,
461 3247 529 3308 gigni
538 3247 635 3305 pariter,
644 3241 701 3306 etc]
714 3244 758 3292 Se·
792 3244 871 3303 timor,
884 3254 929 3292 etc.
943 3245 1061 3294 Animum
1072 3255 1205 3309 occupant;
1224 3255 1249 3294 at
1262 3260 1327 3293 mor-

222 3310 310 3368 cund0‚
322 3326 345 3358 v.
360 3311 397 3358 14.
411 3309 457 3358 boc
474 3309 546 3357 modo
562 3308 677 3372 disputat,
695 3310 759 3370 quod
791 3310 822 3357 bo
833 3309 881 3357 isto
893 3311 988 3373 Corpus
1004 3310 1175 3373 corrumpitur,
1193 3326 1237 3375 par
1253 3309 1341 3373 igitur'

222 3389 278 3421 cum
301 3375 409 3439 Corpore
435 3374 551 3438 gignitur,
573 3373 696 3431 adolescit,
720 3389 758 3422 se·
792 3383 829 3422 est
850 3383 879 3422 ut
901 3375 1006 3423 Animus
1026 3390 1129 3423 moerore
1152 3383 1327 3438 corrumpatur.

223 3438 308 3495 nescit,
328 3447 353 3486 et
372 3439 461 3496 deficit,
482 3439 508 3487 id
530 3439 632 3487 mortale
654 3447 704 3486 ert:
734 3447 760 3486 at
793 3439 847 3487 Imo
858 3439 957 3498 morbis,
968 3455 1072 3502 quorum
1083 3439 1153 3488 sedes
1164 3439 1190 3487 in
1202 3439 1256 3503 ipso
1267 3440 1328 3488 Cor-

222 3500 274 3548 hese
293 3503 374 3552 omnia
392 3503 422 3551 de
441 3503 532 3551 Animo
549 3503 666 3559 dicendam
687 3503 758 3567 pueri
790 3519 850 3566 pore
862 3519 915 3552 esse
927 3520 1011 3553 omnes
1022 3504 1177 3562 confitentur,
1194 3503 1267 3552 Mens
1283 3504 1328 3552 ali-

223 3564 288 3613 enim
300 3582 368 3628 reque
381 3566 493 3616 Mentem
509 3583 537 3616 ac
554 3569 650 3631 Corpus
665 3568 758 3616 debiles
790 3568 887 3630 quando
903 3569 1048 3631 attingitur;
1074 3568 1108 3616 sic
1126 3568 1207 3617 insani
1224 3568 1330 3617 Animus

222 3627 353 3686 incedunt3
374 3631 522 3679 adolescenti
538 3648 593 3680 cum
610 3632 759 3680 firmioribus
791 3632 885 3690 delirat,
894 3631 1022 3696 lethargici
1033 3632 1142 3696 sopitur:
1160 3649 1284 3681 cumvero
1291 3633 1330 3682 vis

223 3691 317 3742 viribus
325 3695 441 3743 accrescit
452 3695 546 3744 firmius
553 3695 687 3757 judicium
700 3697 758 3744 dum
791 3695 870 3744 morbi
881 3705 907 3743 et
916 3696 986 3744 dolor
994 3697 1025 3744 ad
1033 3696 1153 3745 Animum
1163 3713 1241 3760 usque
1252 3713 1330 3761 pene-

223 3756 289 3804 senis
302 3757 375 3806 Mens
386 3766 411 3806 et
423 3759 517 3822 Corpus
528 3759 621 3822 pariter
629 3759 750 3809 vacillant.
791 3768 864 3816 trent,
884 3769 987 3809 mortem
1008 3760 1082 3808 etiam
1104 3761 1201 3824 insequi
1222 3761 1330 3811 maxime

256 3823 312 3868 454.
335 3824 478 3884 Linguaque,
498 3822 620 3885 Meruque]
637 3823 697 3879 Alii,
716 3827 759 3871 lin-
792 3823 948 3872 credendum.

222 3889 425 3948 guaceiumque:
443 3886 588 3949 nescioquis
597 3887 663 3949 legit,
672 3891 759 3950 lingue,
824 3888 880 3936 461.
904 3891 1037 3952 Durumque
1062 3889 1172 3952 debrem]
1196 3893 1330 3954 Datumque

224 3953 301 3998 madet
312 3953 385 4008 Meas,
397 3959 425 3997 ut
436 3966 459 3998 v.
471 3949 526 4000 478.
792 3954 898 4011 labereta,
910 3953 965 4001 elii:
989 3968 1061 4016 quam
1076 3953 1206 4003 lectionem
1223 3971 1272 4004 non
1289 3971 1329 4004 re·

257 4013 313 4065 457.
332 4013 758 4077 Ceusumue]0easumum‚Gifanius
788 4015 898 4078 jicerem,
918 4033 975 4066 cum
992 4035 1015 4067 v.
1034 4016 1089 4068 367.
1118 4021 1185 4067 Ostia
1202 4024 1331 4083 rmcipiunt

225 4080 369 4142 Quanquam
382 4094 431 4127 uon
442 4078 514 4126 video
527 4078 584 4142 quid
601 4079 635 4127 ibi
652 4088 708 4142 aget
716 4080 760 4142 fir·
793 4083 865 4128 allum
886 4085 976 4131 reclusa
997 4082 1117 4130 laborem:
1147 4087 1253 4133 Dolorem
1272 4101 1331 4133 vero

225 4161 290 4192 mar.-
307 4143 348 4206 qui
364 4152 534 4218 argumentum
551 4143 688 4207 perpendit,
699 4144 760 4192 fate·
793 4145 890 4194 defendi
902 4155 1009 4210 poteste
1022 4163 1043 4196 v.
1055 4146 1111 4198 473.
1132 4151 1193 4197 Nam
1207 4149 1291 4207 Dolor,
1302 4168 1331 4198 ac

226 4208 292 4257 bitur
302 4209 442 4258 Lucrenum
451 4207 577 4273 scripsisse
587 4224 636 4256 rum
648 4209 760 4270 Corpore;
793 4210 1230 4275 mutarlethisubrr'eeteruterque’et:
1244 4230 1328 4277 quarn·
1391 4230 1393 4234 ’

227 4289 283 4322 nam
300 4291 323 4323 v.
342 4275 398 4332 446,
416 4273 472 4322 447.
509 4276 580 4335 Gigni
595 4275 686 4334 pariter
705 4289 760 4321 cum
794 4273 831 4322 vis
843 4274 917 4337 aliqui
929 4276 1014 4338 legunt
1023 4292 1100 4338 pavor.
