2872 4852
243 245 304 307 144
621 242 665 306 Τ.
697 241 969 306 LUCRETll

326 400 418 472 Quin
431 397 607 483 proclivius
622 399 689 462 Hie
703 400 769 462 iras
783 399 937 462 decurrat
951 399 995 462 ad
1010 404 1132 478 acreis3

326 502 385 567 Ille
399 515 488 566 metu
503 504 598 566 citius
613 501 725 587 paullo
737 512 903 577 tentetur;
925 501 1035 572 atllle

324 606 461 669 Tertius
475 607 613 689 accipiat
626 605 777 689 quaedam
791 603 981 668 clementius
995 627 1103 689 aequo.

260 721 309 766 ³15
327 708 432 792 Inque
446 708 517 771 aliis
531 709 630 771 rebus
645 707 755 770 mullis
771 706 904 771 differre
919 730 1055 772 necesse
1069 709 1110 771 'st

326 811 473 874 Naturae
489 810 655 874 bominum
668 811 785 887 varias,
799 831 974 893 moresque
988 812 1175 893 sequaceis:

326 915 477 986 Quorum
491 935 555 996 ego
567 934 654 976 nuuc
669 934 797 995 nequeo
812 934 917 975 caecas
931 935 1098 996 exponere
1113 935 1239 990 causas,

325 1016 400 1080 Nec
415 1017 559 1100 reperire
574 1015 754 1098 figurarum
767 1025 817 1077 tot
831 1016 972 1090 nomina,
987 1026 1069 1098 quot
1084 1027 1160 1078 sunt

325 1118 511 1202 Principiis,
526 1119 614 1181 unde
628 1117 700 1180 baee
716 1118 820 1180 oritur
834 1118 992 1180 variantia
1004 1139 1125 1181 rerum.

259 1233 309 1279 32⁰
323 1219 409 1284 Illud
424 1222 458 1283 in
471 1220 523 1283 bis
537 1222 636 1284 rebus
651 1220 764 1283 videor
777 1219 908 1283 firmare
923 1230 1075 1303 potesse3

325 1323 442 1407 Usque
456 1324 541 1387 adeo
555 1322 759 1386 Naturamm
772 1324 910 1406 vestigia
924 1321 1028 1405 linqui

324 1424 476 1503 Parvola,
491 1448 566 1507 quae
579 1437 722 1508 nequeat
736 1425 840 1489 Ratio
853 1423 1019 1509 depellere
1034 1425 1144 1501 dictis,

325 1528 374 1592 Ut
388 1527 468 1591 nibil
481 1529 637 1612 impediat
651 1528 783 1612 dignam
798 1527 874 1590 Diis
889 1528 1010 1611 degere
1024 1528 1134 1590 vitam.

368 1629 452 1694 Haec
466 1631 566 1714 igitur
580 1630 711 1693 Natura
725 1640 856 1693 tenetur
870 1628 1019 1712 Corpore
1033 1631 1076 1692 ab
1091 1630 1188 1705 omni,

259 1745 308 1790 325
323 1731 466 1816 Ipsaque
481 1734 627 1816 corporis
642 1743 693 1795 est
708 1743 830 1806 custos,
846 1742 881 1794 et
894 1753 995 1794 causa
1008 1730 1122 1794 salutis
1135 1759 1144 1807 3

322 1834 410 1898 Nam
425 1835 648 1898 communibus
663 1835 749 1897 iuter
764 1856 799 1897 se
814 1834 980 1898 radicibus
995 1833 1134 1910 baereut,

323 1936 397 2000 Nec
413 1937 481 2000 siue
496 1935 640 2020 pernicie
654 1933 764 1998 divelli
778 1957 878 2019 posse
891 1936 1054 1999 videntur.

325 2039 427 2112 Quod
441 2061 545 2123 genus
560 2061 580 2100 e
594 2037 696 2101 Turis
710 2035 816 2121 glebis
828 2036 967 2101 crebere
983 2037 1132 2102 Odorem

323 2140 426 2205 Haud
441 2140 534 2205 facilc
549 2141 600 2218 'st,
615 2142 695 2224 quin
708 2141 848 2203 intereat
861 2150 977 2203 natura
992 2163 1124 2224 quoque
1138 2141 1230 2224 ejus:

257 2257 306 2302 :3³0
322 2243 377 2307 Sic
391 2241 512 2321 Animi,
528 2253 628 2328 atque
642 2241 772 2306 Animae
785 2252 934 2306 naturam
948 2265 1087 2327 corpore
1101 2254 1172 2306 loto

323 2346 511 2412 Extrahere
524 2346 615 2409 baud
629 2345 723 2409 facile
738 2345 789 2422 ’st,
804 2347 884 2430 quin
899 2348 1006 2410 omnia
1020 2345 1257 2411 dissolvantur:

322 2450 477 2534 Implexis
492 2451 538 2513 ita
551 2450 718 2534 principiis
733 2451 777 2513 ab
789 2450 916 2533 origine
930 2451 1035 2534 prima

324 2552 415 2617 Inter
430 2576 465 2617 se
477 2552 561 2616 fiunt
576 2553 720 2617 consorti
733 2552 875 2636 praedita
889 2553 969 2629 vita3

322 2654 397 2718 Nec
413 2656 481 2718 sine
495 2656 527 2718 vi
541 2656 715 2740 quiequam
728 2653 862 2718 alterius
877 2655 940 2718 sibi
953 2675 1053 2739 posse
1067 2654 1197 2717 videtur

258 2767 307 2814 335
322 2755 489 2839 CorporiS,
506 2767 604 2840 atque
620 2756 733 2820 Animi
746 2777 892 2819 seorsum
907 2757 1027 2820 sentire
1042 2766 1207 2839 potestas:

270 2907 325 2954 320.
345 2907 440 2971 Vrdear]
458 2909 534 2956 Recte
546 2909 632 2967 Faber,
648 2925 694 2957 uec
707 2912 773 2957 rideo
805 2909 950 2971 subtegmen
960 2924 1019 2956 vero
1035 2908 1124 2966 anima,
1136 2909 1198 2956 adeo
1209 2915 1236 2955 ut
1247 2915 1342 2955 uuum·

236 2971 288 3034 pati
299 2987 436 3034 passurum
805 2988 852 3035 que
870 2983 955 3021 mutuo
971 2974 1132 3022 intertextum
1148 2989 1211 3038 opus
1226 2980 1342 3020 conamus

270 3037 325 3084 32].
344 3037 503 3101 Naccararum]
523 3038 675 3093 Quibusdam
692 3039 774 3102 placet
806 3038 928 3097 evaderet,
952 3039 1030 3086 altero
1050 3055 1109 3087 vero
1132 3037 1257 3094 dissoluto,
1280 3037 1342 3086 altc-

236 3104 338 3150 natnrai.
365 3103 398 3150 Et
409 3107 533 3166 prodistis
544 3103 570 3152 in
580 3103 692 3166 sequenti
699 3118 773 3153 versu
805 3118 867 3160 rum,
888 3113 961 3165 atque
980 3103 1036 3151 ideo
1052 3114 1182 3166 utrumque
1198 3101 1279 3157 mmm,
1297 3116 1340 3149 ex·

234 3169 308 3215 doctis
319 3167 441 3216 scribitur.
805 3167 947 3216 solveretur.
970 3168 1118 3232 Exemplum
1128 3167 1206 3216 velis?
1220 3182 1251 3214 an
1263 3166 1343 3214 thuris

268 3234 323 3280 323.
339 3235 440 3296 Dignam
457 3232 524 3296 Diis]
543 3234 582 3281 Ita
593 3233 643 3281 vim
655 3241 681 3281 et
691 3233 771 3281 effica-
804 3232 908 3295 glebam,
927 3233 1026 3281 odorem
1049 3235 1080 3281 ab
1096 3233 1144 3280 isto
1160 3233 1231 3280 thure
1248 3246 1342 3294 separa,

235 3297 528 3363 ciamsuaePbilosopbiae
534 3299 682 3364 depraedicat
689 3299 771 3356 Poeta,
805 3307 831 3346 et
847 3313 892 3345 nec
903 3299 970 3355 odor,
982 3313 1062 3360 neque
1076 3298 1132 3346 tbus
1148 3297 1272 3361 integrum
1288 3311 1340 3344 ma·

234 3360 344 3410 imitatus
357 3364 458 3427 Epicuri
466 3364 617 3427 J‘actautiam,
630 3361 691 3426 ζήσῃ
704 3360 730 3411 δὲ
741 3364 771 3411 ὥς
805 3362 879 3420 nebit,
901 3373 927 3411 et
941 3364 1006 3411 idem
1027 3364 1058 3411 de
1078 3363 1170 3411 Animo
1189 3370 1215 3410 et
1232 3362 1342 3425 Corpore

235 3425 289 3475 θεὸς
297 3427 466 3490 δνάνθρόποιη
476 3439 507 3486 et,
516 3428 637 3492 οὐδὲνγὰρ
647 3427 709 3476 ἔοικε
716 3432 771 3486 θνη-
804 3428 966 3476 sentiendum.

234 3492 269 3549 τῷ
280 3487 327 3551 ζῶν
336 3491 454 3554 tremos
466 3495 492 3542 ἐν
503 3492 627 3543 ἀθανάτοις
638 3493 742 3554 ἀγαθοῖς.
836 3495 892 3542 329.
904 3497 978 3542 Haud
985 3493 1061 3556 facile
1072 3491 1114 3554 'rt]
1130 3492 1169 3540 ltu
1180 3491 1239 3540 alibi
1255 3491 1340 3554 hujus·

268 3556 323 3602 ³24.
332 3558 390 3604 Haee
398 3561 472 3619 igitur
479 3561 582 3616 Natura,
591 3557 647 3620 eta]
654 3558 770 3606 Animam
803 3559 869 3606 modi
884 3556 982 3619 μείωσιν
997 3567 1133 3621 usurparet,
1151 3573 1209 3605 nam
1224 3559 1288 3604 baud
1296 3555 1339 3619 sa·

235 3631 267 3692 ως
279 3618 354 3675 Aura,
366 3621 460 3679 Calore,
476 3622 547 3681 Aere,
560 3633 585 3671 et
596 3632 682 3684 quarto
698 3623 770 3670 inno⁴
803 3626 847 3670 elle
857 3623 980 3686 significat
990 3623 1063 3686 plane
1074 3620 1196 3670 ἀδύνατον.
1214 3624 1298 3669 Faber.

234 3690 328 3729 minato
350 3683 485 3743 formatam,
508 3702 531 3734 v.
555 3689 591 3735 14.
612 3687 646 3734 ita
666 3687 769 3749 Corpori
836 3690 890 3735 333.
907 3685 1106 3748 Conanti—vita]
1125 3687 1266 3735 Notandum
1283 3701 1340 3748 pas·

234 3745 367 3808 conjungit,
377 3757 403 3794 et
413 3746 578 3808 immisceant
587 3766 665 3813 neque
674 3751 770 3824 Corpus
803 3751 855 3800 sive
878 3750 949 3808 sumi,
972 3767 1021 3799 nou
1043 3760 1135 3799 temere
1156 3751 1230 3800 alibi:
1258 3759 1340 3799 tamen

234 3810 288 3858 sine
311 3809 402 3859 Anima
424 3813 553 3874 incolume,
577 3830 656 3878 neque
679 3814 771 3863 Anima
803 3826 887 3864 auctor
895 3815 993 3873 Ciridis,
1004 3831 1048 3864 seu
1058 3815 1100 3863 ille
1111 3816 1230 3878 Virgilius
1239 3824 1283 3872 est,
1296 3831 1341 3864 seu

233 3875 287 3924 siue
298 3875 407 3939 Corpore
418 3876 513 3941 integra
525 3889 641 3928 maneret.
676 3878 769 3942 Epicu·
803 3880 857 3942 quis
872 3879 944 3935 aliun
967 3883 994 3928 Si
1009 3897 1044 3928 me
1053 3881 1107 3942 jam
1123 3897 1209 3929 mama
1224 3883 1341 3943 sapienta

233 3939 270 3989 rei
281 3951 431 3990 censuerunt
443 3942 702 4007 Animamacorpore
711 3959 769 3991 con·
800 3952 913 4008 pangeret
939 3961 999 4003 arce,
1030 3949 1134 3997 metuar
1161 3949 1263 4007 antiquis
1288 3961 1340 4008 qua

233 4005 306 4054 tineri
319 4005 455 4069 (Epicurus
469 4006 534 4070 apud
550 4007 675 4056 Laenium
692 4007 771 4056 utitur
803 4012 1160 4059 Haredibaaertdataeoaaara.
1186 4011 1272 4058 Faber.

232 4071 306 4119 verbo
331 4067 498 4132 στογάξεσθαι,
522 4073 588 4134 apud
616 4071 769 4136 Empiricum
836 4074 1340 4138 834.Neartaevtquicqaamalterimaibi]

233 4135 425 4199 διωφωηῖσθω),
442 4136 538 4199 Corpus
549 4136 623 4184 etiam
640 4145 725 4184 mutuo
738 4138 769 4184 ab
802 4138 853 4187 Alii
869 4139 961 4202 legunt,
979 4142 1030 4188 Nea
1046 4143 1091 4187 ribi
1107 4157 1200 4202 quaque
1214 4144 1263 4189 siaa
1280 4143 1340 4189 alte·

233 4200 323 4248 Anima
332 4201 418 4258 teneri
426 4216 457 4248 ne
465 4211 593 4264 prorueret
601 4200 627 4249 iu
635 4200 767 4249 exsolutio-
801 4207 890 4252 rtaaai.

232 4278 296 4314 nem.
331 4265 428 4329 Nempe
447 4265 578 4313 voluerunt
598 4264 697 4313 Animal
715 4280 768 4313 esse
834 4270 888 4316 335.
906 4267 1009 4331 Samira]
1028 4269 1104 4318 Codd.
1124 4277 1235 4328 constare,
1249 4269 1339 4332 quibus

231 4328 300 4393 quasi
313 4329 394 4389 telam,
407 4329 432 4379 in
442 4345 488 4395 qua
496 4339 589 4379 rumen
602 4340 767 4393 ossetcorpus,
801 4331 902 4380 minime
914 4334 1069 4382 credendum.
