2872 4852
331 675 464 803 Tim
496 718 801 804 Luosnrn
837 718 990 803 cam

634 944 691 999 „a

151 1094 582 1263 ‚annum
657 1127 1138 1280 marinna

377 1410 584 1483 LIBER
622 1410 945 1494 QUARTUS.

506 1836 811 1887 ARGUMENTUM.

107 1947 126 1995 l.
149 1948 204 2002 Qua
223 1963 297 2012 supra
319 1949 381 1998 libro
402 1950 482 2014 primo
499 1967 558 2000 usus
579 1961 616 2000 est
636 1951 817 2016 comparatione
841 1950 977 2010 Lucretius,
997 1959 1025 1999 ut
1043 1951 1157 2000 Memmii
1177 1952 1214 2001 sni

135 2028 244 2077 animum
255 2031 374 2094 tantisper
385 2047 399 2080 a
410 2033 568 2080 contentione
579 2032 714 2089 relaxaret;
733 2032 818 2081 eadem
828 2033 893 2080 hunc
904 2031 995 2081 librum
1003 2042 1118 2095 quartum
1128 2049 1143 2082 a
1155 2049 1177 2082 v.
1193 2035 1214 2082 1.

135 2110 166 2157 ad
177 2126 199 2157 v.
217 2111 254 2158 26.
268 2111 413 2175 auspicatur,
426 2120 454 2159 ut
465 2112 601 2160 auditorem
613 2111 660 2160 sibi
672 2113 775 2160 docilem
786 2112 879 2170 reddat,
892 2122 917 2161 et
929 2121 1058 2161 attentum.
1094 2113 1130 2161 11.
1144 2111 1213 2160 Libri

137 2191 209 2252 hujus
218 2191 332 2254 proponit
339 2202 518 2255 argumentum,
526 2192 590 2254 quod
598 2209 629 2240 ex
635 2192 757 2241 industria
765 2208 821 2241 curn
828 2192 995 2256 superioribus
1002 2192 1133 2241 connectit.
1151 2194 1215 2241 Cum

136 2270 202 2319 enim
222 2271 302 2334 primo
319 2280 345 2319 et
366 2273 472 2320 seciando
494 2271 569 2319 Libro
589 2272 685 2319 abunde
703 2272 821 2328 docuerit,
838 2287 899 2333 quae,
919 2281 944 2319 et
963 2270 1045 2334 qualia
1060 2271 1111 2320 sint
1130 2287 1212 2321 rerum

138 2350 281 2410 Primordia,
301 2336 388 2414 quibus
405 2351 490 2415 figuris
507 2350 630 2410 distincta,
647 2360 695 2414 quo
712 2360 779 2400 motu
796 2351 912 2410 terantur,
930 2367 958 2400 ac
978 2361 1079 2401 caeteras
1095 2368 1135 2401 res
1155 2369 1211 2415 pro·

136 2441 232 2488 creent;
260 2432 333 2480 Libro
350 2447 408 2481 vero
425 2432 499 2481 tertio
516 2431 613 2481 Animae
629 2440 702 2495 atque
719 2432 805 2480 Animi
822 2443 933 2482 naturam
950 2432 1029 2482 fusius
1045 2432 1212 2497 explicaverit,

135 2513 223 2561 merito
234 2529 292 2561 sane
303 2528 318 2561 a
330 2530 351 2561 v.
364 2513 403 2561 26.
416 2513 446 2561 ad
459 2529 480 2561 v.
490 2513 529 2561 46.
542 2513 605 2561 banc
617 2512 689 2562 aliam
698 2512 822 2562 subnectit
833 2512 1023 2577 disputationem
1032 2513 1063 2561 de
1074 2513 1213 2562 sensatione

136 2604 186 2642 tam
198 2593 352 2657 vigilantium
363 2609 435 2656 quam
447 2592 628 2642 dormientium.
662 2594 742 2648 Quam
754 2592 944 2657 disputationem
956 2603 985 2643 ut
996 2610 1027 2643 ex
1035 2593 1122 2643 ordine
1133 2595 1212 2644 absol·

136 2685 184 2733 vat,
194 2691 208 2723 a
218 2674 374 2724 Simulacbris
386 2675 520 2733 exorditur,
532 2676 620 2738 quibus
632 2691 730 2724 omnem
741 2675 904 2724 sensationem
917 2675 970 2724 lieri
982 2675 1115 2725 contendit
1134 2676 1214 2723 Docet
1268 2722 1272 2730 ,

135 2756 224 2819 itaque,
238 2756 289 2805 111.
302 2772 317 2804 a
327 2771 409 2805 rerum
422 2756 551 2820 superficie
563 2756 647 2806 tenuia
657 2758 768 2821 quaedam
780 2766 805 2805 et
816 2756 975 2806 subtilissima
987 2756 1140 2805 Simulachra
1147 2756 1213 2805 mitti

135 2853 189 2901 quae
204 2838 296 2903 passim
312 2854 357 2903 per
369 2840 433 2887 Aera
444 2839 555 2898 volitant,
572 2839 697 2903 sigillatim
715 2848 797 2888 tamen
808 2839 854 2888 sub
866 2837 946 2888 visum
962 2853 1012 2887 non
1029 2838 1127 2896 cadunt,
1140 2837 1212 2886 nisia

135 2919 241 2983 speculis
257 2929 373 2983 auraque
384 2921 481 2984 repulsa
497 2921 524 2970 in
536 2921 619 2971 oculos
635 2922 771 2979 incurrant,
788 2937 837 2970 av.
854 2921 894 2970 46.
907 2921 938 2969 ad
954 2937 976 2969 v.
997 2922 1050 2968 108.
1087 2919 1130 2967 IV.
1150 2919 1212 2968 Sub·

137 3000 248 3050 tilitatem
264 3002 352 3050 horum
369 3001 577 3052 Simulachrorum
588 3004 746 3061 demonstrat,
764 3012 790 3051 et
805 3001 908 3051 subinde
926 3000 1085 3064 exiguitatem
1103 2999 1211 3049 Primor-

135 3080 230 3130 diorum
242 3083 376 3141 confirmat,
388 3083 419 3130 ad
431 3099 453 3131 v.
468 3085 521 3132 129.
547 3084 578 3131 V.
592 3082 798 3132 Simulachrorum
811 3082 903 3145 duplex
913 3081 1044 3144 distinguit
1052 3095 1138 3143 genus,
1150 3079 1210 3127 alte·

135 3178 190 3210 rum
201 3177 292 3222 eorum,
305 3178 359 3225 quae
375 3172 462 3226 sponte
474 3179 517 3211 sna
534 3172 683 3226 generantur
699 3163 725 3210 in
738 3164 810 3221 Aere,
822 3161 903 3224 qualia
914 3176 1090 3223 nonnunquam
1101 3159 1213 3208 videmus

135 3243 189 3290 lieri
207 3242 234 3291 in
251 3242 363 3301 nubibus,
381 3259 435 3306 quae
451 3244 523 3292 modo
540 3244 683 3307 Gigantum,
700 3245 772 3292 modo
790 3243 915 3292 Montium
931 3251 974 3291 aut
990 3241 1133 3290 Belluarum
1149 3239 1212 3288 ima-

135 3322 205 3384 gines
221 3322 363 3379 imitantur;
381 3323 484 3371 alterum
497 3339 581 3372 eorum
591 3339 645 3386 quae
656 3339 671 3372 a
681 3339 763 3372 rerum
779 3323 909 3388 superficie
921 3322 1027 3381 avolant,
1040 3320 1110 3384 quasi
1126 3330 1213 3370 tenues

135 3418 217 3451 rerum
228 3402 346 3450 Exuviae:
365 3411 390 3450 et
401 3403 489 3451 deinde
501 3419 607 3453 aretum
617 3403 747 3468 superficie
758 3404 802 3452 has
812 3402 923 3452 Exuvias
933 3412 1053 3466 perpetuo
1062 3401 1122 3451 oriri
1132 3402 1212 3461 docet,

137 3492 161 3531 et
173 3499 202 3531 ea
213 3491 293 3531 motus
305 3483 429 3532 celeritate
446 3498 491 3547 per
502 3483 568 3532 Aera
584 3483 642 3532 ferri
654 3493 682 3533 ut
698 3484 812 3533 Luminis
823 3484 909 3533 solaris
922 3487 1016 3546 jactum
1027 3483 1098 3532 facile
1109 3497 1210 3546 supera·

135 3574 198 3623 rent,
210 3580 224 3613 a
236 3581 258 3613 v.
273 3566 326 3613 129.
338 3564 369 3613 ad
381 3580 404 3613 r.
417 3563 471 3616 217.
507 3566 552 3614 VI.
565 3565 630 3621 Quia
641 3565 718 3615 Visus
728 3565 846 3615 Omnium
858 3581 973 3615 sensuum
990 3564 1084 3629 primus
1100 3564 1211 3622 habetur,

134 3646 206 3694 abeo
221 3645 354 3704 exorditur,
367 3661 483 3708 qnemex
500 3646 708 3696 Simulachrorum
725 3662 768 3696 seu
787 3646 925 3710 imaginum
942 3645 1043 3695 incursu
1059 3644 1114 3694 lieri
1123 3644 1211 3700 doc'et;

134 3725 233 3774 interim
250 3736 332 3775 autem
349 3726 456 3791 explicat
472 3743 501 3776 ea
513 3727 595 3776 omnia
606 3743 661 3790 quae
677 3728 708 3776 ad
725 3726 800 3776 Visus
816 3743 901 3776 causas
918 3735 1037 3791 spectant,
1054 3726 1169 3789 variaque
1181 3727 1212 3774 de

135 3809 197 3858 Viau
215 3808 366 3872 problemata
384 3808 506 3873 proponit,
524 3824 578 3872 quae
593 3807 640 3857 rite
657 3807 730 3858 solvit
749 3818 775 3856 et
791 3807 904 3872 explicat,
921 3822 936 3855 a
952 3823 975 3856 v.
993 3806 1050 3858 217.
1067 3807 1099 3855 ad
1114 3823 1137 3855 r.
1155 3806 1211 3863 471.

135 3891 196 3938 vn.
215 3891 254 3938 Ne
267 3904 324 3938 vero
335 3889 423 3952 aliquis
435 3905 466 3937 ex
476 3889 668 3953 problematibus
680 3889 752 3937 modo
764 3887 892 3953 explicatis
903 3903 990 3937 sensus
1004 3887 1106 3936 fallacia
1117 3895 1211 3950 arguat,

133 3970 231 4020 illorum
242 3970 386 4034 dignitatem
398 3970 496 4034 copiose
508 3969 620 4029 adstruit,
632 3986 646 4019 a
657 3986 679 4018 v.
691 3969 746 4020 471.
759 3969 790 4017 ad
802 3986 824 4018 v.
842 3971 897 4018 524.
916 3978 941 4018 et
957 3969 1061 4018 subinde
1078 3967 1212 4031 Scepticos,

135 4052 282 4115 praecipuea
300 4068 321 4102 v.
340 4051 396 4103 471.
414 4053 444 4101 ad
463 4068 484 4100 v.
502 4050 558 4101 479.
575 4051 679 4107 refutem
706 4060 731 4099 et
746 4051 844 4100 demum
861 4050 949 4100 asserit
965 4064 1062 4098 omnem
1074 4048 1212 4096 Veritatem

109 4147 112 4150 ⁴
135 4130 193 4178 fidei
204 4147 319 4181 sensuum
336 4132 416 4181 inniti.
450 4132 529 4181 VIII.
543 4132 592 4180 His
603 4131 638 4180 ita
649 4131 680 4179 de
692 4130 755 4179 Visu
766 4131 904 4195 disputatis,
915 4138 1016 4179 ceteros
1027 4143 1114 4178 sensus
1125 4140 1211 4189 aggre-

136 4209 209 4268 ditur,
222 4227 249 4259 ac
265 4212 371 4276 primum
384 4214 456 4263 docet
467 4229 551 4262 vocem
563 4229 591 4262 ac
608 4229 695 4262 sonum
706 4228 835 4277 corporeas
847 4227 900 4262 esse
919 4209 1050 4273 Imagines,
1062 4223 1116 4271 quoe
1127 4220 1211 4258 aurem
