2872 4852
676 190 735 264 viii

156 359 338 440 irritabilis3
366 382 471 446 neque
499 383 611 426 eorum
640 361 855 451 familiaritate
881 370 997 426 cautus
1015 358 1141 448 ‘aliquis
1169 365 1263 429 nimis

155 490 313 544 uteretur.
360 480 560 565 Perpetuam
576 482 661 546 inter
672 504 728 546 eos
741 481 862 558 odium,
878 478 1091 559 contumeliae,
1105 483 1262 563 convitia:

155 608 192 663 ut
204 599 344 683 imperiti
356 600 520 684 rudesque
533 601 658 684 tragici,
673 623 746 666 cum
758 600 880 665 humile
895 599 1017 684 aliquid
1032 611 1066 665 et
1080 601 1264 669 miserabile

156 716 276 793 dicant,
290 739 401 782 vocem
413 718 596 795 intendunt,
609 729 643 782 et
657 719 819 782 minantur
834 740 967 802 magna:
992 740 1098 801 neque
1114 718 1177 786 hoc
1192 721 1263 805 qui·

156 834 232 898 dem
246 836 396 900 convenit
416 837 449 899 in
463 835 542 901 viles
565 846 689 900 tantum
712 847 746 900 et
770 858 788 900 e
812 836 906 900 trivio
931 835 1182 914 Grammaticos,
1203 839 1263 905 sed

156 951 351 1039 Scaligeros,
368 954 553 1032 Salmasios,
571 954 720 1031 Vossios,
745 954 899 1031 Huetios,
923 976 1005 1038 quos
1029 955 1061 1019 in
1085 957 1171 1021 omni
1192 954 1262 1022 lite-

155 1094 263 1136 rarum
279 1094 399 1157 genere
415 1073 570 1137 maximos
586 1095 788 1149 veneramur,
806 1073 865 1137 sed
887 1072 1074 1156 experimur
1088 1072 1260 1141 illiberales

156 1188 412 1256 Grammaticos:
436 1214 509 1257 cum
531 1192 574 1255 ad
596 1190 733 1275 puerilia
756 1190 968 1268 descendant,
992 1200 1145 1275 tanquam
1167 1197 1262 1278 pueri

156 1309 314 1374 rixantur.
343 1309 480 1373 Memini
494 1321 602 1374 autem
614 1333 665 1374 me
681 1308 919 1394 Philosophum
933 1310 1154 1394 interpretari;
1171 1315 1261 1398 quod

156 1429 184 1491 si
198 1427 400 1512 perfecerim,
414 1431 488 1493 novi
505 1429 552 1494 Te
567 1429 788 1494 Laudatorem
803 1451 868 1493 non
882 1451 1027 1514 parcum,
1042 1431 1068 1493 si
1084 1431 1261 1497 exciderim

154 1547 335 1629 proposito,
351 1546 666 1630 indulgentissimum
681 1545 832 1610 Amicum
846 1547 1016 1630 experiar3
1039 1548 1179 1633 benigne
1194 1572 1261 1614 mo·

155 1664 247 1728 nebis
262 1676 296 1729 et
311 1666 472 1749 corriges:
496 1688 537 1728 an
552 1665 638 1728 idem
652 1662 706 1728 alii
720 1662 837 1727 facturi
856 1675 942 1742 sunt,
959 1663 1069 1729 forsan
1091 1689 1156 1731 non
1178 1669 1261 1734 tanti

153 1792 205 1847 est
220 1793 257 1847 ut
272 1783 449 1848 studiosius
464 1784 633 1867 inquiram.

197 1902 458 1987 Obsignaveram
486 1901 547 1966 has
576 1901 698 1978 literas,
729 1923 835 1986 neque
864 1900 1002 1987 longiori
1031 1925 1178 1968 sermone
1214 1905 1261 1969 Te

152 2023 280 2100 morari,
306 2032 341 2086 et
368 2043 504 2106 peccare
530 2022 563 2085 in
591 2019 722 2105 publica
747 2022 914 2085 commoda
941 2021 1160 2101 decreveram,
1186 2047 1260 2091 cum

152 2154 279 2208 veteres
301 2152 452 2227 notaeque
474 2140 642 2206 calumniae
664 2141 852 2225 irruperint,
876 2140 1078 2225 postulantes
1101 2154 1138 2207 ut
1159 2145 1260 2230 resig-

148 2285 270 2342 narem,
288 2261 414 2346 sibique
430 2259 666 2340 satisfacerem:
690 2261 800 2345 rejeci,
816 2260 896 2345 quid
911 2261 995 2325 enim
1015 2264 1168 2328 cramben
1192 2275 1258 2328 tam

149 2381 271 2446 fatuam
293 2384 469 2465 reponam?
502 2382 570 2446 Sed
592 2403 666 2446 cum
687 2381 846 2445 instarent
869 2382 986 2460 acrius,
1003 2404 1169 2466 novosque
1188 2383 1258 2467 jac-

150 2510 257 2564 tarent
272 2509 413 2574 autores,
430 2499 544 2562 admisi
559 2498 701 2575 tandam,
718 2509 752 2562 et
762 2499 830 2582 jam
844 2500 876 2562 in
894 2521 1023 2564 scenam
1038 2501 1214 2584 prodeunt.

195 2616 305 2680 Prima
327 2614 456 2679 humilis
481 2627 541 2693 est,
566 2626 599 2680 et
624 2615 871 2693 Grammatica⁶,
897 2617 1039 2700 dicitque
1068 2618 1259 2684 Lucretium

151 2733 289 2798 Poetam
303 2755 368 2796 nou
383 2755 474 2811 esse3
498 2755 614 2817 nempe
629 2757 689 2798 nos
704 2733 803 2799 hodie
822 2734 935 2798 melius
958 2732 1164 2819 intelligimus
1187 2738 1258 2818 qui-

151 2876 226 2918 nam
241 2862 317 2916 sunt
331 2853 395 2915 isto
410 2851 504 2916 titulo
527 2853 627 2936 digni,
644 2875 742 2937 quam
763 2863 901 2936 uterque
925 2852 1041 2917 Cicero
1048 2851 1070 2930 ⁷,
1087 2853 1257 2919 Cornelius

152 2972 268 3057 Nepos
276 2972 296 3050 ⁸,
315 2971 480 3050 Ovidius⁰,
497 2972 615 3056 aliique
630 2974 804 3038 verborum
820 2970 1037 3037 callentissimi
1061 2973 1255 3057 scriptores:

150 3091 195 3156 illi
210 3092 330 3158 Vatem
344 3091 467 3168 dicunt,
480 3101 513 3154 et
527 3092 640 3174 quidni
654 3113 717 3176 ego
732 3090 793 3155 illis
809 3089 973 3168 credulus,
990 3091 1094 3156 donec
1108 3090 1256 3156 meliores

152 3224 295 3290 autores,
319 3234 401 3297 quos
430 3233 558 3295 sequar,
583 3209 743 3276 habeam?
774 3210 843 3275 Par
866 3211 1022 3297 ambages
1046 3210 1258 3296 Dearumque

151 3332 333 3395 ministeria
347 3353 409 3395 aaa
417 3329 653 3416 precipitatur
668 3330 751 3393 liber
765 3330 925 3415 spiritam·
947 3352 1007 3394 nec
1023 3329 1084 3393 fuit
1101 3352 1256 3395 necesse:

151 3449 327 3532 Physicum
353 3450 437 3513 enim
464 3472 530 3514 non
555 3448 734 3514 Heroicum
761 3448 941 3527 contendo;
978 3450 1020 3512 sit
1049 3447 1255 3533 Empedocli,

150 3564 268 3644 Arato,
283 3566 444 3644 Hesiodo,
460 3567 598 3652 Virgilio
612 3569 790 3652 proximus,
807 3567 912 3633 locum
926 3567 1017 3632 haud
1032 3580 1111 3652 opto
1132 3569 1257 3652 dignio-

150 3706 240 3748 rem:
274 3684 348 3748 Diis
371 3683 497 3749 famulis
520 3708 585 3749 non
606 3686 720 3763 utitur,
744 3684 803 3750 sed
825 3708 885 3750 nec
907 3684 991 3763 vilia,
1016 3684 1116 3763 foeda,
1139 3697 1173 3750 et
1195 3709 1257 3771 pu-

150 3803 260 3866 denda
275 3801 378 3866 officia
399 3800 460 3866 illis
483 3803 669 3880 demandat,
685 3804 775 3889 quod
795 3805 849 3868 isti
871 3803 1020 3888 Deorum
1042 3804 1255 3887 Dearumque

150 3920 283 3986 Domini
298 3942 363 3984 non
380 3942 455 3983 raro
477 3920 616 3986 faciunt:
641 3922 720 4007 quid
743 3933 850 3987 autem
874 3923 978 3988 dicam
1002 3923 1138 4009 Epicuri
1161 3923 1254 3988 Deos

180 4205 347 4271 ‘Hieronynn
363 4209 468 4274 Magius,
483 4211 577 4260 Miscel.
592 4212 632 4260 lib.
644 4213 662 4261 l.
678 4231 698 4261 c.
710 4213 745 4266 17.
846 4214 917 4261 'Via
931 4214 1015 4262 Attici.

181 4285 190 4319 ⁷
202 4286 281 4351 Epist.
292 4289 323 4338 ad
337 4291 453 4350 Fratrem,
464 4292 504 4341 lib.
520 4293 555 4341 ll.
568 4309 605 4356 ep.
622 4295 657 4341 ll.
844 4296 853 4326 ⁹
866 4295 983 4344 Tristium
994 4295 1035 4343 lib.
1051 4296 1085 4343 11.
