2872 4852
203 226 269 290 254
585 219 636 285 T.··
660 215 932 284 LUCRETII
976 262 978 267 ι

290 377 473 445 Altivolans
490 386 630 461 poterat,
647 398 753 459 neque
768 375 874 459 magni
889 373 1007 437 Sidera
1021 373 1145 450 mundi,

226 492 273 540 435
292 482 366 546 Nec
382 481 489 556 Mare,
506 500 565 542 nec
582 475 721 554 Caelum,
736 498 796 540 nec
812 476 954 559 denique
970 474 1089 552 Terra,
1107 497 1214 560 neque
1230 474 1318 553 Aer,

291 585 366 649 Nec
382 580 491 646 similis
506 582 626 644 nostris
641 581 740 645 rebus
756 602 808 643 res
825 577 891 642 ulla
905 578 1026 642 videri:
1112 611 1115 614 ·

292 687 360 750 Sed
376 707 458 748 nova
473 691 650 766 tempestas
664 682 823 765 quaedam,
836 681 1001 764 molesque
1017 690 1139 745 coorta.

294 786 467 870 Diffugere
481 785 557 847 inde
571 783 635 847 loci
649 794 759 866 partes
775 805 917 867 coepere,
933 804 1096 867 paresque

294 888 377 952 Cum
392 887 526 971 paribus
537 886 633 969 jungi
648 908 712 962 res,
729 897 763 949 et
778 885 963 950 discludere
978 884 1156 960 Mundum,

229 1005 277 1050 440
294 989 508 1072 Membraque
525 986 680 1063 dividere,
696 998 730 1051 et
745 1009 877 1071 magnas
894 987 1068 1070 disponere
1084 988 1205 1071 parteis

295 1091 485 1175 Omnigenis
500 1112 518 1153 e
534 1088 717 1172 Principiis,
733 1089 895 1158 discordia
910 1110 1048 1171 quorum

296 1191 479 1268 Intervalla,
494 1189 587 1267 Vias,
605 1189 793 1266 Connexus,
810 1187 974 1266 Pondera,
991 1189 1124 1274 Plagas,

296 1295 496 1368 Concursus,
513 1291 628 1355 Motus
644 1292 810 1367 turbabat,
826 1290 943 1374 proelia
956 1293 1105 1369 miscens,

296 1397 439 1480 Propter
453 1391 635 1458 dissimileis
652 1392 770 1456 formas
786 1393 955 1476 variasque
969 1391 1115 1476 figuras;

232 1512 279 1558 445
296 1499 396 1572 Quod
412 1520 476 1560 non
492 1497 597 1560 omnia
613 1496 658 1559 sic
674 1505 826 1579 poterant
841 1496 1015 1579 conjuncta
1029 1516 1173 1571 manere,

296 1600 370 1664 Nec
386 1609 491 1661 motus
506 1599 591 1660 inter
606 1619 677 1660 sese
693 1597 772 1663 dare
788 1597 1046 1666 convenienteis:

297 1701 372 1765 Hoc
387 1710 438 1763 est
453 1722 472 1761 a
489 1698 603 1763 Terris
617 1696 716 1761 altum
733 1719 903 1762 secernere
918 1697 1057 1775 Caelum,

296 1802 343 1865 Et
360 1822 504 1865 seorsum
520 1799 615 1864 Mare
630 1800 678 1862 uti
695 1809 821 1863 secreto
834 1798 971 1864 humore
986 1810 1127 1883 pateret,

297 1905 435 1967 Seorsus
450 1903 527 1964 item
542 1902 627 1985 puri,
645 1902 825 1985 secretique
841 1901 973 1967 aetheris
989 1903 1099 1986 Ignes.

231 2014 279 2062 450
339 2006 472 2089 Quippe
488 2004 606 2082 etenim
621 2004 759 2088 primum
774 2003 892 2069 Terrai
906 2027 1044 2089 corpora
1057 2027 1208 2089 quaeque,

242 2208 298 2254 438.
315 2208 370 2255 lude
383 2205 438 2269 ioci]
454 2205 483 2255 ld
495 2216 539 2265 est,
548 2215 635 2268 pastea.
671 2207 747 2265 Infra,
781 2207 907 2256 avolirint.
942 2209 1018 2256 Porro
1038 2223 1069 2257 ex
1086 2206 1245 2256 crassioribus
1263 2207 1319 2269 qui-

212 2289 234 2321 v.
248 2271 303 2321 740.
338 2272 400 2319 Inde
409 2271 456 2319 loci
467 2276 570 2334 sequitur
582 2275 650 2320 calor.
679 2273 714 2321 Et
724 2288 747 2321 v.
781 2273 836 2320 dem
848 2272 897 2320 illis
909 2273 1040 2320 conflatum
1052 2272 1126 2320 fuisse
1138 2281 1209 2320 tcrrae
1220 2286 1320 2334 corpus,

213 2337 267 2388 789.
282 2337 344 2384 Inde
355 2336 403 2384 loci
413 2340 600 2386 mortaiia'saecla
611 2340 704 2385 meavit.
781 2337 846 2399 quod
862 2337 956 2384 semina
967 2352 1036 2399 aquae
1052 2336 1079 2384 in
1095 2353 1122 2385 se
1133 2335 1279 2394 contineret,
1293 2346 1323 2384 ut

245 2403 300 2449 439.
319 2401 467 2463 Disciudere]
487 2401 641 2458 Discernere,
660 2401 748 2450 distin·
781 2417 835 2464 quae
844 2417 893 2448 non
901 2402 1039 2464 potuissent
1047 2400 1149 2464 perinde
1158 2400 1254 2449 avolare
1263 2415 1323 2448 cunr

212 2482 295 2529 gnere,
319 2475 363 2513 etc.
384 2466 421 2512 At
441 2469 547 2514 disclusis
567 2475 591 2514 et
614 2468 749 2523 discludere,
782 2466 889 2513 caeteris:
908 2464 1322 2528 atecaeteris,quodvarii'inipsis

212 2531 254 2578 lib.
280 2531 332 2578 111.
356 2546 377 2578 v.
402 2530 455 2580 172.
478 2540 503 2593 et
522 2530 564 2578 lib.
582 2531 629 2578 Vl.
651 2547 673 2579 v.
694 2532 749 2578 239.
782 2529 908 2578 tenuitatis
919 2530 1009 2592 gradus
1020 2530 1107 2587 forent,
1120 2530 1235 2592 quasdam
1247 2527 1322 2577 resti-

213 2599 314 2656 diruptis
330 2604 407 2652 sonat,
425 2605 450 2642 et
463 2611 616 2656 perrumpere.
651 2595 748 2642 Macro·
783 2593 841 2642 tisse
865 2610 914 2642 non
937 2594 1009 2657 longe
1032 2610 1046 2641 a
1070 2604 1141 2652 terra,
1164 2592 1323 2642 constituisse

213 2659 275 2715 bius,
294 2659 343 2706 Sat.
360 2657 401 2706 lib.
413 2659 458 2706 Vl.
471 2673 523 2721 cap.
537 2661 558 2705 2.
576 2659 615 2706 his
626 2667 751 2721 comparat
783 2661 871 2716 adrem,
883 2658 989 2720 reliquas
1000 2657 1073 2706 altius
1082 2657 1217 2715 emersisse,
1228 2666 1321 2705 etcon-

213 2723 256 2771 illa
266 2721 366 2784 Virgilii
382 2722 409 2768 in
426 2722 516 2779 Sileno,
534 2725 638 2784 Namque
655 2726 752 2770 canebat
784 2722 893 2771 stituisse
920 2723 1043 2781 aetherem,
1069 2732 1094 2771 et
1121 2732 1221 2771 exnusa
1248 2720 1324 2770 simul

214 2791 251 2834 uti
273 2803 379 2848 maguum
398 2803 442 2846 per
465 2790 533 2835 iuarre
555 2795 634 2835 coacta
660 2785 752 2835 Samira
784 2787 931 2850 corpuscula
943 2787 1016 2850 ignea
1032 2786 1119 2835 coiisse
1135 2787 1161 2835 in
1179 2802 1219 2835 cas
1236 2786 1325 2843 moles,

216 2859 381 2910 terrarumque,
389 2854 522 2912 animaque,
529 2850 751 2914 marisquefuisserrt,
784 2867 839 2912 quae
855 2852 880 2898 in
897 2851 940 2899 illo
957 2851 1035 2900 adhuc
1052 2851 1179 2909 collucent,
1197 2859 1223 2899 et
1236 2850 1322 2914 appel·

216 2919 250 2963 Et
271 2917 353 2975 liquidi
372 2917 441 2961 simui
457 2918 534 2976 ignis,·
557 2923 584 2961 ut
603 2918 638 2963 tris
658 2918 753 2963 exordia
784 2915 867 2962 lantur
888 2915 975 2964 sidera
1021 2917 1130 2991 Corpora
1152 2914 1257 2978 denique
1280 2914 1325 2963 illa

213 2982 296 3041 primis
315 2981 404 3036 Omnia,
422 2986 445 3025 et
461 2982 509 3040 ipse
526 2985 590 3026 tener
605 2981 684 3026 muudi
699 2996 751 3026 eau-
785 2978 881 3026 minora
898 2980 1010 3037 rotunda,
1028 2980 1099 3029 laevra
1116 2980 1198 3037 fuisse,
1219 2978 1250 3028 ad
1265 2995 1324 3028 euur

216 3046 313 3092 meruit
335 3045 412 3090 ardis:
443 3044 499 3090 Tum
522 3046 608 3091 durare
629 3046 707 3100 auium,
729 3051 752 3091 et
784 3052 877 3091 motum
894 3044 920 3092 in
939 3044 1163 3094 circumferentiam
1179 3059 1225 3108 per
1240 3043 1323 3092 elisio·

216 3107 353 3156 discludere
364 3109 442 3155 Nerea
451 3116 520 3168 panta
531 3109 638 3169 Coeperit,
651 3116 694 3156 etc.
784 3123 848 3165 nem,
869 3124 912 3157 seu
932 3125 962 3157 ex
980 3109 1115 3158 sessionem
1132 3125 1148 3157 a
1164 3109 1325 3157 crassioribus

249 3173 305 3223 447.
313 3175 364 3221 Hac
375 3171 538 3234 ertaTerris]
547 3172 686 3236 Explicatio
698 3172 751 3221 illa·
784 3172 873 3221 factam
900 3173 935 3221 sic
960 3125 1128 3232 determinata,
1153 3183 1182 3222 ut
1208 3189 1265 3221 curn
1292 3188 1325 3221 ex

216 3253 271 3287 rum
288 3253 382 3296 vocum,
394 3240 451 3286 dare
466 3245 539 3285 matuta
550 3241 710 3296 couvenientes,
727 3237 753 3286 id
785 3253 865 3286 massa
876 3248 957 3286 tamen
969 3254 1019 3286 non
1028 3240 1124 3288 exirent
1133 3237 1181 3286 viis
1191 3237 1324 3301 parallelis,

217 3314 261 3362 est,
269 3302 356 3366 inquit,
369 3318 482 3366 separare
493 3303 581 3351 coelum
593 3318 609 3350 a
622 3311 694 3361 terra,
706 3311 752 3351 etc.
784 3317 865 3364 neque
873 3303 965 3364 juxtim
974 3302 1118 3360 inciderent,
1128 3302 1219 3351 idcirco
1230 3302 1257 3350 in
1269 3302 1325 3365 ipso

217 3370 299 3416 Faber.
312 3367 370 3416 Alia
382 3383 446 3425 vero,
457 3383 529 3430 quam
542 3367 619 3431 posui,
631 3368 752 3432 interpre·
784 3383 914 3430 progressu
932 3367 953 3415 si
970 3367 1037 3416 varie
1049 3366 1227 3425 occursitirint,
1244 3366 1324 3430 impe-

217 3431 277 3480 tatio
295 3448 344 3480 non
367 3442 404 3480 est
423 3432 516 3496 inepta,
537 3442 562 3482 et
584 3437 664 3481 coetum
687 3442 753 3482 recte
786 3441 886 3494 tumque
909 3443 1036 3496 acceptum
1058 3441 1143 3481 mutuo
1170 3431 1325 3494 refregerint,

216 3498 297 3544 adrem
308 3496 462 3560 interpretor.
786 3511 834 3558 quo
856 3512 933 3559 usque
960 3497 1055 3560 impetu
1076 3496 1182 3559 denique
1204 3505 1324 3555 cessante,

215 3604 218 3608 r
250 3562 305 3607 450.
331 3563 420 3622 Quippe
440 3561 535 3625 etenim]
559 3562 621 3610 Cum
641 3561 709 3610 rudis
729 3570 755 3609 et
786 3576 840 3622 quae
850 3561 1018 3624 promotiores,
1027 3561 1198 3611 siveamedio
1206 3560 1326 3610 remotio·

216 3622 337 3685 indigesta
359 3625 557 3687 corpusculorum
579 3625 705 3688 congeries
726 3624 753 3673 in
786 3639 826 3672 res
835 3625 978 3685 extiterunt,
988 3622 1080 3675 effectae
1090 3635 1148 3675 sunt
1159 3625 1205 3674 sibi
1216 3624 1326 3674 invicem

218 3687 328 3734 ordinem
338 3687 754 3752 redigaturpermotum,omnisque
785 3688 918 3752 implicitae,
938 3705 1039 3753 seseque
1058 3700 1143 3739 mutuo
1162 3688 1326 3749 continentes,

216 3761 298 3798 motus
308 3766 323 3798 a
334 3752 453 3812 gravitate
464 3753 563 3810 oriatur,
575 3763 641 3801 recte
652 3752 754 3815 inquirit
785 3752 981 3816 comprimentes,
1004 3765 1076 3818 atque
1103 3754 1195 3803 idcirco
1217 3753 1328 3817 speciem

218 3818 289 3880 potita
310 3815 370 3876 quid
392 3815 467 3862 atomi
489 3817 639 3878 gradssimae
664 3825 752 3879 agunt:
786 3816 907 3878 quandam
930 3818 1077 3867 moeniorum
1095 3819 1182 3868 mundi
1199 3827 1326 3876 creantess

218 3878 367 3928 existimavit
378 3887 458 3926 autern
472 3879 593 3942 Epicurus
601 3890 755 3929 coacervatas
787 3891 812 3929 et
821 3896 875 3943 quae
887 3883 1003 3948 deinceps
1013 3899 1042 3933 eo
1053 3884 1209 3948 appulerunt,
1221 3883 1256 3932 ita
1266 3891 1328 3932 sunt

217 3944 473 4004 confusasqueatomos
478 3943 610 4005 irrequieto
615 3945 755 4008 etingenito
787 3947 817 3994 ab
833 3945 883 3994 illis
899 3949 1004 4007 reflexae,
1016 3958 1044 3997 ut
1055 3950 1085 3997 ab
1102 3948 1157 3997 aliis
1169 3946 1273 3996 subinde
1285 3963 1328 3996 oc·

218 4025 263 4057 suo
270 4017 337 4056 motu
344 4007 378 4056 ita
386 4022 439 4055 sese
446 4007 604 4066 conuoluisse,
615 4009 753 4068 revolvisse,
786 4011 940 4061 cursantibus
952 4023 1003 4061 tota
1014 4013 1055 4061 illa
1067 4014 1173 4062 aetherea
1187 4022 1261 4075 atque
1275 4028 1327 4060 coe·

218 4088 307 4136 susque
327 4072 405 4134 deque
424 4070 568 4133 exagitisse,
590 4082 617 4119 ut
632 4083 755 4136 postremo
787 4073 856 4122 lestis
878 4076 946 4139 regio
968 4077 1042 4125 fuerit
1063 4077 1152 4125 exinde
1171 4076 1326 4125 concinnata.

218 4137 348 4186 crassiores
366 4151 451 4185 omnes
470 4150 554 4184 versus
572 4136 679 4185 medium
697 4154 754 4186 con·
788 4138 884 4188 Licebit
900 4140 925 4187 id
937 4141 998 4189 forte
1009 4141 1147 4205 intelligere
1159 4157 1188 4189 ea
1198 4156 1326 4205 compara·

218 4202 341 4260 fluxerint,
359 4211 384 4251 et
400 4199 524 4250 tenuiores
535 4200 677 4249 extrusione
693 4201 756 4251 facts
789 4203 863 4262 tione,
875 4220 923 4266 qua
935 4204 1064 4252 Lucretius
1077 4221 1129 4253 rem
1142 4205 1255 4269 explicat,
1267 4205 1328 4254 dum

218 4283 233 4316 a
255 4267 412 4317 crassioribus
429 4280 514 4314 versus
536 4265 755 4315 circumferentiam
788 4267 814 4314 id
835 4267 943 4330 potuisse
966 4268 1020 4317 fieri
1043 4269 1157 4330 ostendit,
1179 4278 1207 4319 ut
1229 4270 1328 4334 quaudo
