2872 4852
214 242 280 306 256
598 240 641 303 T.
668 238 941 303 LUCRETII

302 395 403 469 Quod
419 417 522 480 genus
537 396 570 458 in
585 395 678 458 nobis
694 395 844 478 quaedam
860 393 936 457 lieet
950 393 983 455 in
1000 394 1139 457 statione

235 510 284 555 480
301 497 453 562 Membra
468 518 609 573 manere,
626 506 822 559 tamencum
839 494 903 557 sint
918 515 967 571 ea,
984 516 1058 577 quae
1073 504 1275 559 moveantur.

345 599 408 662 His
424 599 523 683 igitur
538 600 636 662 rebus
652 599 813 673 retractis
830 596 937 660 Terra
952 606 1098 679 repente,

302 701 460 778 Maxima,
477 724 543 784 qua
556 723 642 764 nunc
658 722 692 764 se
709 700 807 763 Ponti
821 698 918 783 plaga
934 697 1054 762 caerula
1069 698 1186 776 tendit,

302 802 459 878 Succidit‚
475 813 509 866 et
525 801 610 865 salso
625 800 762 865 suffudit
776 801 906 884 gurgite
922 800 1046 863 fossas:

303 904 406 988 Inque
421 904 491 967 dies
507 914 630 987 quanto
646 903 765 969 circum
780 903 881 985 magis
898 900 1049 965 AEtheris
1063 911 1186 980 aestus‚.

237 1020 286 1066 485
305 1005 352 1070 Et
366 1005 450 1069 radii
465 1005 550 1069 Solis
565 1006 727 1089 cogebant
741 1005 885 1088 undique
901 1002 1050 1080 Terram,

301 1107 506 1173 Verberibus
521 1108 644 1171 crebris
660 1117 804 1171 extrema
821 1107 864 1170 ad
877 1105 986 1168 limina
1000 1116 1157 1189 apertam,

301 1208 341 1273 ln
355 1209 462 1273 medio
476 1218 513 1271 ut
527 1208 683 1292 propulsa
698 1231 758 1272 suo
774 1208 940 1272 condensa
954 1207 1074 1270 coiret:

302 1308 386 1373 Tam
401 1311 502 1393 magis
518 1331 694 1393 expressus
711 1309 814 1373 salsus
831 1309 872 1372 de
888 1329 1024 1391 corpore
1041 1307 1152 1371 Sudor

301 1409 458 1495 Augebat
472 1411 569 1475 Mare
584 1411 756 1488 manando,
772 1432 968 1494 camposque
985 1411 1164 1487 natanteis;

235 1524 285 1573 490
304 1513 351 1576 Et
366 1523 457 1577 tanto
471 1513 573 1596 magis
588 1512 641 1575 illa
656 1512 743 1576 foras
757 1511 869 1595 elapsa
883 1510 1036 1574 volabant
1100 1539 1101 1542 ¹

302 1614 450 1698 Corpora
464 1613 564 1677 multa
579 1613 734 1696 Vaporis,
751 1623 784 1677 et
800 1611 910 1689 Adsis,
928 1610 1058 1694 altaque
1074 1610 1158 1676 Coeli

302 1715 496 1780 Densebant
511 1715 625 1799 procul
640 1739 659 1779 a
673 1716 769 1779 terris
784 1713 942 1799 fulgentia
958 1714 1095 1797 templa:

300 1817 460 1881 Sidebant
476 1817 601 1901 Campi,
619 1819 810 1882 crescebant
825 1816 997 1880 Montibus
1012 1814 1084 1879 altis

300 1918 489 1983 Ascensus:
514 1940 621 2003 neque
636 1919 721 1983 enim
736 1929 889 2002 poterant
905 1918 1075 1981 subsidere
1091 1917 1191 1995 Saxa,

234 2032 283 2080 495
302 2019 376 2085 Nec
391 2020 513 2105 pariter
528 2021 719 2084 tantundem
734 2042 845 2085 omnes
861 2019 1072 2089 succumbere
1087 2028 1210 2103 partes.

300 2121 355 2186 Sic
369 2122 469 2207 igitur
483 2121 598 2187 Terrae
613 2131 766 2187 concreto
780 2141 917 2204 corpore
933 2120 1063 2204 pondus

299 2222 465 2302 Constitit,
481 2234 579 2308 atque
595 2225 697 2287 omnis
713 2223 834 2287 Mundi
850 2223 944 2307 quasi
960 2222 1073 2286 Limus
1088 2223 1121 2285 in
1136 2222 1235 2285 imum

300 2324 467 2390 confluxit
482 2325 600 2410 gravis,
616 2336 650 2389 et
665 2325 815 2389 subsedit
829 2323 988 2402 funditus,
1004 2334 1042 2387 ut
1056 2323 1146 2388 Faex.

342 2426 424 2491 Inde
440 2426 548 2504 Mare,
563 2427 640 2490 inde
655 2426 738 2504 Aer,
755 2427 831 2490 inde
846 2425 970 2490 AEther
984 2425 1101 2510 ignifer
1116 2426 1197 2510 ipse.

230 2539 280 2585 500
298 2528 500 2613 Corporibus
514 2527 645 2613 liquidis
662 2539 738 2592 sunt
752 2530 857 2592 omnia
872 2551 955 2612 pura
969 2528 1103 2606 relicta3

295 2630 343 2693 Et
356 2628 478 2694 leviora
492 2629 562 2693 aliis
577 2628 657 2694 alia:
681 2640 715 2694 et
728 2629 962 2713 liquidissimus
977 2629 1111 2707 AEther,

295 2731 409 2815 Atque
423 2731 604 2796 levissimus
620 2729 740 2795 Aerias
756 2732 975 2816 superinduit
989 2755 1085 2796 auras
1099 2758 1107 2810 ;

295 2833 370 2898 Nec
385 2832 542 2916 liquidum
558 2855 677 2918 corpus
694 2835 900 2898 turbantibus
915 2833 1015 2898 Aeris
1031 2835 1117 2899 auris

297 2934 510 2997 Commiscet:
535 2934 611 2997 sinit
624 2933 696 2998 haec
711 2932 858 2997 violentis
876 2937 982 3000 omnia
998 2937 1081 3000 verti

227 3049 279 3097 505
297 3035 520 3114 Turbinibus;
544 3037 620 3100 sinit
633 3037 764 3100 incertis
780 3038 914 3101 turbare
928 3037 1099 3122 procellis:

242 3269 298 3316 481.
315 3270 362 3317 Hcs
373 3271 448 3332 igitur
458 3271 534 3326 rebus,
545 3267 601 3331 etc]
620 3268 669 3317 Sed
685 3284 747 3332 opus
780 3268 821 3317 alii
832 3269 918 3332 legunt
928 3271 1039 3330 suffodit:
1057 3284 1114 3317 nam
1126 3267 1272 3316 Plutarchus
1290 3284 1322 3317 ex

210 3333 319 3381 nondum
338 3333 474 3396 perlectum
497 3343 541 3391 est,
562 3333 649 3382 nullibi
672 3334 746 3391 enirn,
781 3334 895 3397 Epicuro,
919 3334 970 3382 rad
991 3332 1048 3382 sort
1074 3331 1103 3381 rb
1130 3332 1190 3394 ὕδωρ
1218 3332 1322 3382 ἐπιστὰν

209 3411 280 3458 aqua,
297 3401 344 3456 abr,
362 3398 440 3461 ignis:
461 3398 590 3446 laeculenta
607 3398 683 3462 igitur
700 3399 748 3447 ista
781 3398 891 3447 ἐκοίλανε
901 3397 959 3448 τοὺς
970 3395 1136 3457 ὑποκειμένους
1146 3394 1241 3445 τόπους.

208 3461 343 3523 congeries,
356 3479 410 3524 quae
421 3463 447 3510 in
459 3463 535 3512 imum
547 3463 672 3522 confluxit,
690 3463 748 3512 solis
813 3465 868 3512 499.
881 3466 939 3511 Inde
947 3466 1023 3520 Marc,
1034 3465 1086 3510 inde
1097 3463 1153 3518 Aer,
1165 3459 1223 3521 eta]
1235 3460 1322 3511 Motus

210 3524 285 3572 radiis
307 3527 452 3588 aetherisque
468 3537 529 3576 aestu
546 3545 577 3576 ex
594 3529 660 3576 omni
678 3537 747 3591 parte
780 3536 900 3575 astrorum
912 3539 939 3576 ut
948 3527 1037 3575 rectius
1047 3526 1160 3590 explicet,
1170 3541 1193 3573 v.
1206 3526 1243 3572 ll.
1254 3541 1320 3588 prse-

209 3602 294 3650 pressa
302 3605 329 3636 se
337 3591 471 3647 contraxit;
491 3592 548 3639 inde
557 3608 623 3640 mare
633 3601 747 3654 tanquam
780 3591 863 3649 mittit,
873 3592 961 3654 quibus
968 3592 1038 3640 docet
1044 3592 1160 3638 aetherem
1166 3588 1321 3638 levissimum

209 3652 285 3699 sudor
301 3655 430 3712 emanavit,
447 3655 552 3703 leviores
569 3665 650 3704 autern
670 3655 746 3719 parti·
781 3665 807 3702 et
817 3656 1005 3718 liquidissimum
1017 3671 1091 3718 super
1102 3655 1283 3703 inconstantem
1295 3663 1322 3704 et

208 3715 271 3763 culae
282 3716 355 3764 altius
372 3728 461 3766 evectae
478 3720 624 3767 elementum
642 3720 705 3782 ignis
724 3728 749 3767 et
781 3721 948 3768 turbulentum
965 3723 1045 3767 aerem
1062 3728 1181 3776 evectum,
1198 3718 1319 3781 procella-

208 3779 272 3827 aen·
293 3780 487 3830 constituerunt:
516 3799 571 3831 cum
595 3799 653 3832 vero
674 3785 747 3845 huJus
779 3799 834 3832 rum
854 3784 963 3832 omnium
985 3799 1038 3832 esse
1059 3792 1193 3847 expertem,
1214 3791 1240 3830 et
1258 3799 1320 3831 con·

208 3843 332 3907 congeriei
343 3845 469 3908 particulae
483 3847 593 3908 quaedam
610 3849 678 3895 durae
695 3863 745 3895 rna·
779 3848 853 3895 stanti
872 3848 1032 3910 aequabilique
1051 3859 1119 3896 motu
1136 3847 1218 3904 fluere,
1237 3862 1321 3910 neque

208 3909 248 3971 gis
259 3917 341 3956 essent
354 3909 495 3972 rigidasque,
513 3927 597 3959 ornnes
614 3928 664 3959 non
680 3912 746 3975 pari·
780 3911 845 3960 enim
867 3912 914 3960 iste
936 3922 1017 3960 motus
1038 3912 1137 3960 aetheris
1158 3911 1319 3970 incredibilis,

209 3981 247 4022 ter
263 3972 436 4029 subsidebant3
459 3974 517 4022 inde
536 3991 596 4022 cava
612 3976 665 4023 loca
685 3977 747 4023 mari
779 3992 834 4024 cum
857 3976 973 4039 perennis
995 3993 1073 4038 neque
1098 3992 1206 4038 unquam
1233 3991 1318 4024 recur-

208 4037 349 4113 rscipiendo
359 4037 454 4094 idonea,
466 4037 523 4087 inde
533 4039 606 4087 etiam
616 4039 746 4088 fluviorum
779 4056 836 4088 rens
849 4041 882 4088 sit
899 4041 972 4089 Ponti
989 4041 1081 4088 Euxini
1098 4041 1124 4088 in
1141 4041 1318 4104 Propontidem

207 4101 279 4160 alvei,
307 4101 364 4150 iude
392 4102 497 4164 denique
519 4102 586 4165 plani
609 4105 697 4167 campi,
721 4114 745 4153 ct
778 4104 866 4153 fluxus.

207 4167 328 4215 montium
339 4166 449 4224 altitudo,
462 4183 484 4214 v.
500 4169 536 4213 18.
811 4171 866 4216 500.
887 4172 969 4216 Omnia
978 4168 1050 4230 pura]
1066 4170 1143 4217 Terra
1160 4168 1226 4217 enim
1242 4168 1318 4219 limus

240 4232 296 4280 483.
313 4235 378 4280 Salso
385 4233 482 4293 ruffirdr't
490 4234 582 4294 gurgite
584 4230 674 4293 fossas]
685 4236 743 4280 Sub·
778 4241 803 4280 et
813 4233 861 4281 laex
873 4233 948 4280 totius
960 4233 1045 4280 mundi
1056 4233 1155 4297 penitus
1166 4233 1283 4282 subsedit.

207 4303 245 4344 tur
269 4295 381 4359 perfudit,
403 4305 426 4346 et
448 4299 571 4357 conplevit,
595 4295 729 4344 Lambinus
736 4316 742 4352 ς
810 4299 865 4345 505.
886 4297 1001 4357 Turbato]
1014 4301 1157 4356 Παθητικῶς.
1171 4301 1255 4346 Faber.
