2872 4852
216 219 300 288 168‘
593 218 636 283 T.
669 214 941 282 LUCRETII

297 376 404 454 illurn,
421 376 474 440 cui
486 375 614 460 possint
627 373 830 439 incommoda
845 369 1008 436 conciliari

298 480 381 544 Haec
396 476 522 554 eadem,
538 479 572 540 in
587 477 707 561 quibus
722 486 755 539 et
771 495 856 537 nunc
871 473 945 537 Nos
961 494 1083 548 sumus,
1101 481 1175 537 ante
1191 471 1311 550 fuisse3

298 581 389 645 Scire
403 579 479 644 iicet
494 579 603 643 Nobis
618 577 697 641 nihil
712 599 785 641 esse
800 577 833 639 in
848 584 951 639 morte
967 575 1163 638 timendum:

232 699 281 746 880
298 683 374 748 Ν88
389 683 540 746 miserum
554 681 637 758 fieri,
655 681 712 765 qui
728 702 794 743 non
808 689 869 755 est,
883 700 998 761 posse;
1022 699 1128 761 neque
1144 675 1245 741 hilum

299 785 455 862 Differre,
471 807 513 848 an
527 783 615 848 nullo
630 783 729 848 fuerit
738 782 807 866 jam
822 791 968 864 tempore
983 789 1091 856 natus,

298 886 474 952 Mortalem
489 887 587 949 vitam
602 907 688 949 mors
704 884 757 948 cui
770 881 959 946 immortalis
974 882 1105 946 ademit.

341 988 484 1053 Proinde
500 988 557 1051 ubi
573 1009 608 1051 se
623 987 734 1050 videas
749 984 912 1048 hominem
928 984 1110 1048 miserarier
1124 983 1243 1067 ipsum,

297 1091 380 1154 Post
395 1101 532 1155 mortem
546 1089 628 1166 fore,
644 1098 682 1151 ut
697 1096 754 1151 aut
768 1096 937 1171 putrescat
952 1108 1089 1170 corpore
1103 1087 1218 1171 pbst03

232 1205 281 1251 885
297 1190 368 1257 Aut
383 1192 517 1255 flammis
532 1190 685 1268 interfiat,
701 1188 832 1253 malisve
847 1189 1007 1253 ferarum:

295 1295 389 1360 Scire
403 1293 490 1370 licet,
507 1316 572 1357 non
587 1293 749 1357 sincerum
764 1314 891 1368 sonere,
906 1303 1006 1375 atque
1020 1292 1155 1357 subesse

296 1397 430 1461 Caecum
444 1395 584 1480 aliquem
598 1395 690 1460 cordi
705 1392 880 1471 stimulum,
895 1393 1040 1477 quamvis
1055 1402 1153 1479 neget
1167 1394 1238 1477 ipse

300 1498 445 1564 Credere
461 1521 495 1563 se
511 1519 706 1582 quemquam
723 1497 784 1560 sibi
800 1495 939 1560 Sensum
953 1496 987 1558 in
1001 1506 1104 1560 morte
1119 1496 1274 1561 futurum.

298 1602 377 1666 Non
394 1601 443 1682 (ut
458 1600 585 1684 opinor)
601 1600 685 1664 enim
700 1598 768 1675 dat,
785 1597 874 1681 quod
889 1598 1060 1682 promittit,
1075 1608 1110 1662 et
1123 1598 1199 1662 inde

232 1718 281 1765 880
301 1705 375 1770 Nec
389 1704 546 1768 radicitus
561 1725 580 1766 e
596 1702 661 1765 vita
677 1700 721 1764 Se
736 1699 830 1777 tollit,
847 1710 881 1764 et
894 1700 987 1779 eicit3

298 1808 367 1871 Sed
379 1807 457 1870 facit
472 1828 545 1870 esse
562 1805 621 1868 Sui
635 1803 791 1888 quiddam
806 1825 905 1888 super
920 1803 1041 1867 inscius
1056 1794 1138 1888 ipse.

296 1908 401 1972 Vivus
418 1907 503 1972 enim
518 1905 589 1970 Sibi
604 1928 678 1970 cum
693 1904 846 1989 proponit
860 1905 1011 1989 quisque,
1026 1904 1171 1969 futurum

298 2011 428 2096 Corpus
443 2010 491 2074 uti
507 2008 655 2074 volucres
669 2007 814 2072 lacerent
828 2008 861 2071 in
875 2018 978 2072 morte
993 2007 1148 2092 feraeque,

297 2114 374 2199 ipse
391 2114 450 2178 Sui
464 2115 613 2178 miseret:
637 2133 743 2196 neque
759 2111 843 2175 enim
859 2110 903 2176 Se
919 2111 1061 2176 vindicat
1074 2111 1187 2189 hilum,

232 2228 281 2276 89⁵
299 2215 375 2281 Nec
389 2225 533 2281 removet
548 2214 627 2279 satis
643 2236 662 2277 a
676 2214 824 2300 projecto
840 2235 996 2298 corpore3
1019 2223 1053 2278 et
1067 2211 1147 2278 illud

209 2408 305 2473 quibus,
318 2408 339 2458 si
357 2408 475 2458 Salmasio
491 2409 620 2468 credimus,
633 2408 695 2458 nihil
711 2422 750 2459 888
782 2417 808 2458 88
826 2407 854 2457 18
874 2416 940 2457 terra
961 2408 1067 2468 condito,
1090 2407 1237 2464 Lambinus;
1259 2408 1316 2458 aiii:

211 2474 300 2539 aptius.
782 2489 828 2537 ego
839 2488 905 2531 vero,
919 2477 1017 2534 Corpora
1026 2477 1097 2535 posto,
1109 2482 1138 2521 ut
1154 2473 1318 2523 avolucribus

243 2539 299 2590 878.
316 2541 345 2587 In
352 2543 528 2601 quiburetnnnc
537 2536 681 2601 Nossemus]
689 2538 749 2597 Alii,
781 2538 915 2594 1888888888
933 2538 975 2600 qui
986 2537 1053 2587 enim
1068 2538 1176 2602 pondere
1194 2547 1264 2588 terra
1280 2547 1319 2588 est

169 2654 170 2657 ,
210 2607 293 2666 quibus
311 2607 370 2666 agri
387 2620 447 2651 nnnc
466 2620 550 2650 samus.
585 2603 673 2666 Inepte
692 2619 749 2651 8888
782 2602 892 2660 obtritus,
907 2618 928 2650 8.
941 2603 996 2651 906.
1008 2602 1050 2650 iiie
1062 2603 1221 2666 proculdubio
1238 2613 1276 2652 888
1291 2604 1318 2652 18

210 2667 325 2716 Giianius
336 2683 392 2715 cum
409 2667 460 2714 8818
476 2667 545 2715 codd.
563 2670 645 2729 quibua
661 2683 673 2715 e
689 2684 749 2715 nnnc
781 2676 847 2715 88888
857 2667 970 2715 conditus
981 2676 1007 2715 et
1017 2667 1143 2716 humatus:
1161 2667 1228 2723 Quid
1242 2667 1318 2732 igitur

211 2749 346 2787 nassonia.
782 2731 880 2780 timeret
900 2740 1030 2793 putrescere
1059 2735 1156 2794 Corpore
1180 2736 1252 2795 pisto,
1275 2732 1317 2797 qui

244 2799 299 2844 881.
317 2794 432 2856 Differre]
446 2795 586 2852 Lambinus,
599 2793 701 2858 Referre.
779 2799 877 2857 pondere
889 2804 958 2845 terrea
969 2800 1067 2859 opprimi
1077 2812 1127 2844 uon
1139 2796 1240 2846 timeat?

245 2862 300 2909 882.
321 2861 387 2907 Mora
402 2858 548 2920 immortalis]
567 2859 603 2907 Ut
618 2859 683 2924 apud
700 2859 747 2907 Ca·
814 2862 868 2908 885.
897 2863 948 2909 Ant
969 2863 1069 2922 fiammis
1094 2859 1208 2924 interfiat]
1237 2863 1318 2911 Abest

211 2925 307 2983 tullum,
325 2925 379 2971 Noa·
398 2931 433 2972 est
452 2932 572 2987 perpetua
590 2939 640 2972 una
662 2927 745 2972 dormi·
780 2925 1000 2985 voxistaflommis,
1013 2925 1061 2975 nisi
1072 2925 1154 2975 forsan
1168 2926 1256 2989 aliquia
1272 2927 1316 2975 do-

208 2994 276 3040 ma„
780 2988 843 3038 ieret
862 3005 889 3038 se
903 2993 1004 3050 simmia
1023 2993 1112 3040 amomi
1130 3007 1209 3056 posse,
1247 2991 1272 3040 ui
1292 3008 1315 3041 v.

244 3057 299 3105 883.
316 3055 417 3102 Proinde
428 3056 469 3101 nbi
479 3069 504 3101 re
516 3055 601 3109 videas,
618 3050 674 3115 etc]
687 3053 745 3102 Ver.
780 3055 834 3102 903.
847 3069 874 3102 88
888 3058 981 3117 ignibus
996 3055 1090 3121 imponi
1105 3007 1315 3121 patienterierat:

210 3122 249 3168 29.
270 3120 385 3194 increpat
400 3118 517 3182 quosdam
533 3117 645 3166 homiues
660 3118 691 3166 de
707 3134 746 3166 se·
780 3118 801 3168 si
817 3118 865 3167 8118
879 3135 927 3168 vox
942 3130 1087 3179 occurreret,
1104 3136 1259 3185 apponerem,
1276 3120 1315 3170 iu·

210 3187 309 3251 pultura
324 3183 398 3232 nimis
415 3183 529 3242 solicitos,
546 3198 648 3246 eamque
665 3182 746 3231 solici·
780 3183 851 3232 terim
863 3183 916 3248 iege
929 3200 942 3232 8
953 3200 976 3234 8.
990 3187 1044 3234 898.
1057 3193 1084 3234 88
1094 3202 1116 3234 8.
1130 3187 1184 3234 901.
1212 3189 1263 3235 Ant
1278 3187 1315 3235 in-

210 3251 321 3300 tudinem
330 3265 362 3297 ex
373 3248 489 3314 opinione
500 3247 531 3296 de
543 3247 628 3296 Animi
642 3249 745 3296 immor·
781 3251 856 3310 terfioi
868 3265 951 3299 8888888
961 3252 1054 3298 malisve
1059 3248 1174 3310 snorum.

210 3316 304 3365 88118888
320 3323 402 3362 natam
419 3313 519 3363 asserit:
540 3313 599 3377 quid
615 3311 681 3361 enim
697 3312 746 3372 iiie,
813 3313 876 3362 ibid.
897 3313 1015 3377 interfiat]
1033 3315 1088 3363 Lib.
1107 3315 1143 3364 11.
1160 3331 1184 3364 8.
1203 3316 1273 3364 1968.
1290 3323 1316 3364 88

210 3381 252 3443 qui
261 3380 323 3429 nihil
334 3395 463 3428 sensurum
474 3395 500 3428 88
512 3388 568 3442 post
578 3387 681 3428 mortem
693 3393 746 3427 cre·
779 3378 820 3427 lib.
834 3379 864 3426 V.
877 3395 899 3427 v.
912 3381 967 3428 889.
978 3382 1076 3441 confieri

209 3445 253 3502 dit,
272 3444 374 3493 cadaver
392 3445 505 3492 curareti
534 3443 682 3508 Respexisse
702 3459 746 3493 au·
812 3445 867 3492 886.
892 3447 1010 3493 Sinaorun
1030 3443 1120 3507 8888888]
1142 3444 1196 3494 Lib.
1217 3445 1270 3494 iii.
1291 3460 1313 3493 8.

210 3517 260 3557 tem
270 3509 366 3557 videtur
375 3509 406 3556 ad
414 3508 499 3556 tritum
510 3507 571 3557 iilud
583 3510 612 3557 de
626 3508 745 3574 Diogene,
781 3508 834 3560 157.
846 3526 924 3558 tonare
935 3519 1016 3558 autem
1028 3519 1130 3559 veteres.

209 3573 251 3636 qui
268 3582 366 3635 rogatus
383 3573 586 3634 quemadmodum
602 3575 681 3623 curari
695 3575 744 3623 vei·
812 3575 867 3623 889.
895 3577 962 3627 Quod
980 3578 1103 3637 promitit,
1123 3583 1147 3623 et
1168 3573 1234 3638 inde]
1256 3573 1314 3634 Alii,

209 3637 251 3695 let,
263 3652 319 3685 cum
330 3646 441 3685 mortuus
450 3637 520 3695 soret,
533 3637 620 3701 projici
631 3654 658 3686 se
672 3639 745 3687 18188-
776 3642 893 3701 promittit
903 3641 999 3687 abunde.

209 3710 303 3750 matum
320 3699 401 3762 Jussit,
423 3710 449 3748 et
467 3703 624 3751 causantibus
645 3703 710 3765 quod
732 3719 747 3751 a
812 3705 867 3752 890.
885 3701 962 3765 Eicit]
976 3703 1058 3764 Ejicit.

209 3766 267 3815 ieris
279 3774 304 3812 et
314 3764 451 3812 volucribus
462 3765 603 3822 laniaretur,
613 3767 703 3830 apponi
715 3767 746 3814 ad
812 3769 867 3816 894.
891 3766 1001 3830 Miseret]
1022 3768 1191 3819 Democritum
1211 3768 1314 3818 insimu-

208 3845 308 3879 mauum
316 3828 390 3890 jussit
400 3828 521 3886 baculum,
533 3846 581 3891 quo
592 3840 676 3893 posset
690 3830 745 3879 ilias
777 3831 838 3880 lavit
850 3831 979 3896 Epicurus,
992 3832 1061 3894 quasi
1073 3832 1165 3882 diceret
1175 3842 1232 3898 post
1247 3848 1312 3882 mor-

208 3894 313 3957 abigere,
324 3900 348 3940 et
360 3891 539 3956 excipientibus
551 3895 615 3956 quod
627 3910 675 3942 non
687 3911 744 3959 pos-
777 3905 827 3954 tem
843 3895 870 3944 iu
887 3897 996 3961 Corpore
1012 3912 1111 3947 8888888
1127 3899 1216 3947 fuisse:
1236 3897 1313 3961 (Tull.

207 3968 253 4016 set,
261 3957 306 4007 viz.
314 3965 342 4005 88
348 3971 421 4004 88888
430 3956 465 4004 sic
474 3966 542 4004 motu
550 3958 671 4021 privatum
689 3962 746 4020 quid
776 3959 817 4008 lib.
832 3961 852 4008 1.
865 3961 963 4011 Tuscui.
976 3961 1081 4025 Quaest.)
1091 3972 1117 4011 88
1132 3963 1238 4012 eundem
1255 3961 1314 4010 Phi-

207 4028 288 4090 igitnr,
300 4020 388 4083 inquit,
404 4023 425 4068 ai
441 4038 508 4069 88888
524 4038 625 4079 cornero,
643 4039 692 4070 mea
708 4028 745 4072 in·
777 4024 1277 4090 188881888818888881881818188188881888.

207 4088 491 4148 8888818888888818888888
502 4103 586 4134 mecum
597 4091 702 4148 8388889
811 4088 874 4138 ibid.
899 4093 928 4138 88
944 4090 1060 4154 vindicat]
1076 4091 1135 4151 Alii,
1151 4095 1242 4152 dividit,
1260 4106 1314 4155 quae

242 4152 304 4202 ibid
322 4153 458 4199 Misernrier
468 4149 554 4213 ipsun]
565 4150 623 4208 Alii,
635 4154 743 4215 indigno·
778 4170 826 4203 vox
847 4153 938 4202 veteris
965 4154 1078 4204 iectionis
1100 4156 1219 4220 888881ςί18,
1242 4172 1314 4218 nequa

208 4222 271 4266 rior:
288 4215 354 4265 istud
365 4223 447 4263 ament
458 4213 545 4277 quibus
556 4215 643 4279 placet.
778 4223 836 4268 anim
847 4235 872 4268 se
882 4221 948 4276 uidit,
961 4219 1038 4283 magis
1049 4219 1148 4270 insistit.

240 4283 296 4330 884.
317 4282 414 4343 Corpore
423 4278 500 4343 porto]
512 4280 621 4344 Corpore
636 4281 744 4340 humato,
811 4285 866 4332 895.
883 4285 989 4332 manee
1004 4284 1076 4347 88888]
1094 4285 1176 4345 Feras,
1194 4295 1219 4335 88
1230 4287 1312 4342 Arest
1391 4318 1393 4322 ·
