2872 4852
219 231 261 294 74
600 230 642 294 T.
676 228 948 294 LUCRETII

304 385 496 470 Principiis:
520 385 566 449 ita
579 385 624 449 nil
638 408 782 470 unquam
796 384 927 449 Natura
942 382 1099 463 creasset,

240 501 287 548 225
349 488 450 561 Quod
466 489 493 551 si
508 487 592 552 forte
608 486 723 572 aliquis
738 488 844 553 credit
859 487 1021 552 Graviora
1036 497 1168 573 potesse

304 590 464 674 Corpora,
481 611 546 674 quo
561 590 655 654 citius
670 598 796 653 rectum
810 612 870 673 per
885 588 987 657 Inane
1002 588 1164 668 feruntur,

304 690 453 756 Incidere
468 714 486 756 e
503 713 622 776 supero
639 690 844 768 Levioribus,
861 702 959 776 atque
975 693 1021 755 ita
1036 691 1171 776 Plagas

305 793 462 878 Gignere,
478 817 552 878 quae
567 794 694 879 possint
708 792 877 878 genitaleis
893 795 1034 859 reddere
1047 802 1175 870 motus3

304 893 408 960 Avius
425 919 444 960 a
458 919 535 961 vera
549 897 645 982 longe
659 898 784 961 ratione
800 897 935 961 recedit.

240 1007 288 1056 ²³0
306 996 394 1061 Nam
403 1021 463 1083 per
473 999 588 1084 Aquas
598 1020 801 1083 quaecunque
811 998 944 1075 cadunt,
955 1006 1054 1080 atque
1063 993 1155 1059 Aera
1165 995 1332 1072 deorsum,

306 1099 391 1165 Haec
405 1125 466 1186 pro
481 1103 682 1186 ponderibus
698 1123 793 1166 casus
809 1099 1099 1165 celerare-necesse
1115 1099 1166 1176 ’st,

306 1200 498 1286 Propterea,
515 1203 592 1288 quia
604 1225 723 1288 corpus
740 1201 860 1286 Aquae,
876 1211 1057 1285 naturaque
1072 1201 1179 1265 tenuis

305 1300 404 1368 Aeris
419 1303 508 1369 haud
524 1315 663 1390 possunt
678 1326 771 1387 aeque
786 1325 855 1368 rem
870 1325 1031 1387 quamque
1045 1302 1182 1367 morari:

305 1404 373 1470 Sed
388 1407 482 1470 citius
499 1407 620 1472 cedunt
635 1405 851 1470 Gravioribus
865 1414 1073 1489 exsuperata.

241 1518 288 1567 235
306 1506 355 1572 At
369 1519 483 1573 contra
497 1508 576 1573 nulli
591 1509 633 1573 de
648 1506 736 1573 nulla
752 1518 857 1591 parte,
873 1529 979 1591 neque
994 1504 1060 1570 ullo
1135 1519 1142 1532 ‘

305 1609 470 1696 Tempore
485 1610 585 1675 Inane
600 1621 710 1695 potest
725 1609 876 1675 Vacuum
892 1609 1071 1673 subsistere
1087 1608 1158 1686 reii,

305 1711 407 1789 Quin,
423 1735 482 1777 sua
496 1714 586 1797 quod
602 1723 718 1777 natura
733 1713 825 1797 petit,
842 1712 1022 1778 concedere
1038 1718 1177 1796 pergat:

307 1813 426 1878 Omnia
441 1824 641 1901 quapropter
656 1815 778 1880 debent
793 1837 853 1900 per
868 1813 969 1879 Inane
983 1813 1130 1899 quietum

306 1915 419 2001 AEque
434 1919 633 2002 ponderibus
648 1939 715 1981 non
729 1917 831 2000 aequis
845 1918 972 1982 concita
986 1914 1074 1981 ferri.

242 2031 289 2079 240
306 2019 409 2084 Haud
424 2020 524 2105 igitur
539 2030 694 2106 poterunt
708 2016 904 2084 Levioribus
919 2019 1062 2084 incidere
1076 2039 1220 2101 unquam

307 2121 363 2185 Ex
379 2144 499 2206 supero
515 2122 687 2200 Graviora,
704 2143 809 2206 neque
825 2120 915 2186 Ictus
930 2120 1064 2206 gignere
1079 2141 1139 2204 per
1154 2141 1201 2197 se,

307 2223 375 2296 Qui
389 2225 514 2289 varient
528 2235 646 2302 motus,
662 2246 723 2308 per
737 2246 819 2308 quos
835 2222 966 2289 Natura
980 2231 1078 2306 genat
1092 2242 1156 2286 res.

253 2499 307 2546 225.
329 2502 394 2551 Quod
404 2503 425 2548 sa·
434 2500 499 2562 sorte
515 2503 607 2562 aliquis,
624 2499 680 2563 etc]
699 2500 755 2548 Mo-
789 2499 952 2563 respondetv.
959 2499 1014 2546 232.
1027 2499 1165 2560 Nataroqoe
1172 2498 1331 2548 amasae.

219 2569 272 2610 turn
300 2563 365 2611 hunc
388 2566 420 2612 ad
441 2564 636 2621 declinationem,
665 2563 758 2676 aaquorw
823 2566 878 2612 233.
891 2565 965 2612 Haud
979 2560 1160 2625 possootoeqae]
1173 2564 1248 2610 Haud
1256 2579 1331 2627 aeqsoe,

220 2625 501 2688 nordanembrorum
512 2628 608 2692 deperit
619 2630 699 2677 Lucre
720 2644 757 2687 us,
789 2628 815 2676 id
839 2636 877 2676 est
899 2643 949 2676 non
971 2626 1104 2689 aqualiter,
1128 2641 1177 2674 non
1199 2626 1331 2686 similiter3

220 2690 329 2738 utillum
340 2691 408 2738 nullo
419 2693 492 2740 modo
504 2693 550 2740 sibi
562 2692 701 2754 extorqueri
713 2707 756 2755 pa·
790 2708 847 2741 nam
870 2708 933 2754 aqua
951 2692 1029 2755 magis
1047 2690 1159 2739 subsistit
1178 2691 1330 2755 corporibus,

219 2754 306 2809 tietur3
319 2755 417 2812 idcireo,
431 2771 452 2803 v.
465 2758 502 2803 18.
516 2756 604 2804 aeriter
615 2756 721 2818 insurgit
731 2755 758 2803 in
791 2757 863 2819 quain
884 2759 938 2804 a'er:
958 2757 1020 2804 Haeo
1037 2755 1177 2814 Lambinus,
1195 2755 1239 2804 sed
1256 2756 1332 2822 longe

220 2833 269 2876 eos,
283 2819 324 2880 qui
336 2819 477 2867 existimant
486 2821 598 2882 graviore
610 2821 704 2869 semina
714 2835 759 2884 per
791 2820 839 2869 alia
850 2829 895 2879 est,
906 2836 982 2883 eaque
992 2820 1054 2884 ipsa,
1066 2835 1139 2883 quam
1153 2820 1264 2885 apposui,
1276 2821 1330 2872 Lu·

221 2883 300 2930 Inane
321 2882 493 2931 descendentia
513 2900 584 2948 posse
607 2884 703 2946 assequi
722 2885 757 2932 le·
791 2884 1001 2934 oratii-sententia.

220 2947 296 3004 viora,
309 2956 334 2995 et
345 2947 388 2995 illa
398 2957 539 3012 percutere3
557 2949 592 2996 ita
599 2958 625 2997 ut
636 2965 686 2996 non
698 2963 760 3013 opus
825 2951 879 2997 238.
897 2952 969 2998 Inone
987 2948 1101 3012 quietam]
1122 2949 1195 3004 Quod
1213 2948 1276 2998 nulli
1293 2949 1332 2999 rei

221 3010 254 3059 sit
270 3012 324 3070 ista,
337 3028 409 3074 quam
426 3013 498 3076 fingit
514 3013 635 3062 seminum
650 3014 758 3061 declina·
791 3013 892 3071 resistit,
909 3030 1027 3077 namquo
1042 3013 1144 3063 liberius
1161 3022 1199 3062 est
1214 3013 1331 3079 spatium,

221 3075 303 3124 tione:
321 3077 407 3125 asserit
414 3078 496 3126 omnia
503 3077 597 3126 semina
604 3078 760 3140 equivelocia
792 3095 822 3127 eo
830 3078 936 3127 velocior
947 3079 1080 3127 secundum
1091 3077 1226 3143 Epicureos
1236 3086 1331 3129 motssss

221 3155 282 3200 esse,
293 3151 318 3190 et
328 3142 382 3206 pari
393 3143 539 3206 pernicitate
551 3159 595 3208 per
607 3143 684 3192 Inane
693 3142 759 3201 ferri,
792 3143 832 3192 sal
853 3143 901 3204 μὴν
924 3142 963 3192 καὶ
986 3141 1109 3206 ἰσοταχεῖς
1134 3142 1264 3204 ἀναγκαῖον
1285 3143 1333 3194 τὰς

222 3205 324 3270 ideoque
334 3206 376 3255 illa
385 3224 439 3270 quae
447 3223 511 3272 pone
521 3209 626 3256 subeunt
635 3223 760 3271 nunquam
791 3205 907 3269 Ἀτόμους
925 3207 984 3257 sivos
1003 3207 1062 3257 ὅταν
1080 3206 1119 3257 διὰ
1133 3209 1177 3257 τοῦ
1192 3209 1263 3257 κενοῦ
1279 3207 1331 3258 sbr-

220 3286 292 3336 posse
318 3273 414 3335 assequi
441 3273 617 3336 praecedentia:
651 3273 760 3321 medium
792 3270 911 3336 φέρονται,
933 3272 1034 3333 μηδενὸς
1059 3271 1250 3331 ἀντικόπτοντος,
1273 3273 1333 3323 οὔτε

221 3338 320 3399 quidem
336 3338 416 3386 facere
428 3338 519 3401 aliquid
530 3339 561 3387 ad
575 3348 655 3387 motus
667 3338 759 3386 accele·
792 3337 840 3401 γὰρ
859 3338 884 3386 ol
903 3338 985 3401 βαρεῖς
1004 3338 1093 3386 θᾶττον
1111 3335 1264 3395 οἶσθήσονται
1281 3340 1336 3387 τᾶν

220 3403 342 3450 rationem
359 3413 384 3451 et
402 3404 600 3463 retardationem,
618 3412 644 3452 et
659 3419 760 3468 corpora
792 3401 894 3466 κούφων,
902 3403 961 3451 ὅταν
971 3419 1001 3461 γε
1013 3401 1041 3460 δὴ
1051 3399 1127 3463 μηδὲν
1137 3401 1231 3465 ἀπαντᾷ
1240 3401 1331 3461 αὑταῖς,

222 3467 331 3526 eiusdem
354 3468 462 3517 materiae
489 3471 597 3533 pondere
623 3469 759 3531 inaequalia,
793 3469 849 3517 οὔτε
866 3468 891 3516 αἱ
904 3466 984 3530 μικραὶ
1000 3467 1049 3515 τῶν
1067 3464 1188 3527 μεγάλων,
1205 3467 1237 3516 ὣς
1251 3464 1335 3517 πίνη

222 3535 762 3661 tttt{tattttttttttbtt{satta
793 3529 1338 3659 ttttttlttffttdttttatbttd

222 3657 311 3704 falsum
323 3668 366 3716 est,
376 3661 498 3717 concedit3
510 3663 564 3710 vult
574 3671 655 3710 autem
667 3672 761 3711 motum
794 3661 810 3719 ἡ
822 3661 855 3711 εἷς
865 3660 894 3708 τὸ
905 3658 1011 3720 πλάγιον
1022 3660 1060 3708 διὰ
1071 3663 1120 3710 τῶν
1131 3659 1250 3724 κρούσεων
1259 3658 1333 3724 φορὰ,

223 3737 253 3770 eo
261 3721 406 3771 velociorem
416 3740 512 3788 semper
524 3726 584 3783 fieri,
595 3742 643 3788 quo
655 3727 761 3790 spatium
794 3726 842 3774 οὐθ’
865 3724 881 3782 ἡ
903 3721 968 3772 κάτω
990 3724 1027 3774 διὰ
1048 3725 1098 3774 τοῖν
1118 3725 1180 3774 ἰδίων
1198 3727 1279 3788 βαρῶν
1299 3727 1335 3790 τῦ

222 3784 324 3834 liberius
335 3803 379 3835 seu
395 3788 493 3837 inanius
505 3799 548 3848 est,
560 3799 588 3838 ut
599 3791 641 3838 ubi
655 3790 761 3855 spatium
793 3787 913 3851 ’παχύτητι
924 3785 1034 3851 διαφέρει.
1069 3789 1192 3854 Epicurus
1203 3790 1235 3838 ad
1247 3789 1332 3840 Hero-

223 3849 328 3913 denique
359 3851 510 3901 liberrimum
542 3854 761 3916 inanissimumque
793 3853 885 3902 dotum.

224 3924 268 3972 est,
283 3924 364 3964 motus
380 3916 413 3963 sit
423 3916 598 3976 velocissimus,
610 3926 636 3967 et
647 3919 689 3980 qui
705 3919 760 3982 plu·
827 3919 881 3966 239.
894 3918 970 3979 AEque
984 3918 1135 3982 ponderibus]
1154 3922 1230 3981 Atque
1244 3921 1336 3982 postde-

223 3994 264 4028 res
280 3979 347 4028 ineo
363 3990 428 4039 sunt,
441 3991 521 4030 motus
537 3983 555 4031 ii
572 3983 622 4031 sint
639 3999 707 4046 aeque
718 3998 761 4031 ve·
793 3985 865 4040 ribus,
888 3997 902 4030 c
923 3983 974 4032 suis
990 3983 1078 4042 forsan,
1097 4000 1157 4046 quos
1175 3982 1233 4032 alibi
1246 3987 1336 4046 jactat,

223 4043 295 4095 loces.
795 4047 868 4095 Mss.
885 4046 954 4096 codd.
972 4048 1049 4096 edidit
1066 4049 1159 4112 Fayum
1184 4048 1245 4098 tales
1261 4048 1337 4099 codd.

258 4109 312 4160 227.
323 4109 424 4173 Plagae]
443 4110 482 4158 Ita
494 4111 578 4160 Lamb.
591 4126 605 4159 e
616 4127 639 4159 v.
653 4112 707 4159 241.
719 4111 762 4159 ubi
795 4120 842 4160 tam
856 4111 960 4174 eleganti
969 4111 1023 4160 viro
1033 4129 1083 4161 non
1093 4113 1200 4162 invideo.

120 4182 123 4191 '
223 4177 318 4238 gignere
329 4178 395 4232 ictos,
403 4175 461 4223 licet
470 4191 554 4224 omnes
565 4175 622 4224 libri
630 4179 709 4239 plagis
719 4191 760 4224 cx·
828 4178 882 4225 241.
897 4179 943 4224 Per
953 4175 989 4238 se]
1006 4177 1035 4224 ld
1052 4186 1090 4226 est
1100 4178 1152 4226 solo
1168 4186 1237 4226 motu
1253 4177 1286 4226 sd
1302 4177 1337 4228 li-

225 4239 332 4288 hibeant.
794 4256 873 4298 neam,
885 4240 938 4288 sine
950 4240 1000 4289 ulla
1010 4240 1180 4291 declinatione.

260 4306 314 4352 230.
326 4304 448 4368 Deorsam]
462 4305 520 4364 Alii,
536 4322 632 4354 rorum.-
649 4319 703 4366 quoe
714 4320 763 4353 vox
828 4307 882 4354 242.
896 4305 984 4368 Geaot]
1000 4304 1114 4355 Gifanius
1125 4316 1150 4356 et
1166 4306 1259 4356 Pareua
1275 4306 1341 4359 huie
