2872 4852
450 244 622 311 LIBER
651 243 873 310 PRIMUS.
1177 248 1212 312 ll

192 403 299 467 Viteis
315 399 484 467 Autumno
499 400 593 466 fundi
608 402 748 466 sudante
762 402 926 466 videmus:

192 506 319 582 Sinon,
337 513 426 568 certa
442 526 502 568 suo
517 504 594 587 quia
608 515 754 588 tempore
770 503 901 569 Semina
915 526 1025 570 retum
1068 534 1072 542 ·

192 607 275 671 Cum
290 605 530 683 confluxerunt,
545 605 662 690 patefit
676 607 896 692 quodcunque
910 618 1050 685 creatur,

192 707 283 774 Dum
298 717 510 792 tempestates
525 708 658 786 adsunt,
674 718 708 773 et
722 709 828 773 vivida
843 707 939 774 tellus

128 823 175 869 tao
193 811 285 876 Tuto
299 834 351 875 res
368 822 497 875 teneras
513 810 610 874 effert
624 811 657 875 in
672 809 799 876 luminis
815 815 912 878 oras?

192 914 294 987 Quod
311 914 338 977 si
353 915 395 978 de
410 911 525 992 Nihilo
540 912 668 990 fierent,
685 915 794 978 subito
806 927 1020 980 exorerentur

192 1013 321 1081 Incerto
338 1017 455 1100 spatio,
471 1029 569 1101 atque
585 1015 697 1081 alienis
712 1018 861 1101 portibus
876 1019 969 1082 anni:

191 1117 325 1204 Quippe
342 1120 399 1183 ubi
414 1119 502 1183 nulla
517 1119 624 1184 forent
638 1119 825 1203 primordia,
842 1143 916 1204 quae
931 1120 1064 1204 genitali
1164 1132 1170 1138 ’

191 1220 336 1287 Concilio
350 1231 486 1306 possent
501 1221 604 1285 arceri
618 1232 764 1306 tempore
779 1223 901 1307 iniquo.

129 1334 174 1382 185
236 1323 311 1388 Nec
325 1345 425 1407 porro
441 1322 614 1408 Augendis
629 1324 729 1388 rebus
743 1324 858 1408 Spatio
874 1323 959 1388 foret
973 1345 1053 1387 usus

193 1425 330 1490 Seminis
345 1426 389 1489 ad
404 1426 535 1502 coitum,
552 1447 570 1489 e
586 1423 701 1489 Nihilo
716 1427 743 1488 si
758 1447 904 1490 crescere
920 1435 1066 1510 possent.

191 1527 279 1591 Nam
295 1527 412 1591 fierent
421 1528 559 1612 juvenes
576 1527 685 1591 subito
700 1549 743 1591 ex
757 1526 927 1591 infantibu’
941 1528 1068 1612 parvis3

191 1631 222 1694 E
238 1641 391 1714 terraque
405 1641 521 1694 exorta
536 1641 671 1715 repente
687 1633 822 1696 arbusta
837 1629 979 1695 salirent.

191 1733 340 1807 Quorum
356 1731 401 1797 nil
416 1733 487 1798 lieri
501 1733 707 1798 manifestum
721 1735 772 1811 ist,
788 1735 894 1799 omnia
911 1735 1043 1818 quando

106 1848 173 1896 ’190
192 1835 365 1900 Paullatim
381 1847 533 1901 crescunt
547 1836 597 1919 (ut
611 1859 672 1920 par
687 1836 750 1919 est)
767 1836 896 1901 Semine
912 1847 1014 1912 certo,

192 1938 445 2024 Crescendoque
461 1962 565 2025 genus
582 1950 730 2004 servant:
754 1950 791 2004 ut
806 1961 942 2004 noscere
957 1939 1063 2023 possis

190 2041 343 2136 Quasque
357 2044 473 2108 suade
489 2043 632 2108 Materia
646 2044 876 2128 grandescere,
892 2041 1009 2126 alique.

234 2144 311 2209 Huc
327 2147 465 2224 accedit,
481 2149 530 2210 uti
546 2148 614 2212 sine
631 2148 728 2212 certis
742 2147 900 2211 imbribus
916 2147 991 2209 anni

102 2378 258 2436 ducerentur,
271 2378 291 2426 ti
304 2380 335 2427 ad
346 2378 443 2427 illorum
454 2378 576 2441 originem
592 2396 640 2427 ma·
710 2380 764 2426 185.
790 2378 841 2427 Nec
853 2394 929 2440 porro,
946 2376 1004 2440 etc]
1025 2376 1136 2425 Tertium
1157 2392 1214 2452 pro·

102 2446 163 2490 teria
176 2442 238 2490 nihil
255 2443 370 2501 conferat,
383 2459 439 2492 cum
456 2459 506 2491 non
523 2446 600 2505 major
610 2443 643 2491 sit
675 2443 747 2507 ponit
757 2452 928 2506 argumentum
937 2458 959 2490 v.
973 2445 995 2490 8.
1008 2457 1040 2489 ex
1051 2441 1164 2490 Naturalt
1175 2457 1214 2489 re·

103 2507 129 2554 in
135 2522 184 2555 una
189 2516 334 2570 tempestate
339 2523 411 2570 quam
417 2507 444 2555 in
452 2507 500 2556 alia
505 2507 642 2571 dispositio,
675 2523 730 2555 rum
736 2508 889 2555 incremento
896 2507 1003 2565 ductum,
1012 2506 1032 2555 si
1041 2505 1127 2554 enime
1136 2509 1217 2554 Nihilo

103 2581 131 2619 ut
142 2587 173 2619 ex
186 2574 267 2620 Nihilo
294 2572 407 2635 uinquam
418 2575 576 2637 procreetur?
675 2588 715 2621 res
727 2573 822 2631 fierent,
834 2571 920 2635 quidni
931 2571 1029 2621 etiame
1043 2573 1125 2620 Nihilo
1141 2587 1216 2634 auge-

138 2636 191 2687 176.
213 2589 298 2700 Viteiih
316 2639 384 2694 Uvas,
397 2638 457 2686 cod.
471 2637 635 2686 Florentinus.
676 2640 777 2686 rentur?
797 2637 905 2699 Ideoque
917 2646 1027 2702 tempore
1038 2653 1087 2685 non
1099 2651 1161 2700 opus
1177 2651 1215 2685 aa·

137 2701 199 2750 Ibid.
208 2700 323 2764 Sudante]
332 2705 453 2760 Suadeam,
461 2703 490 2750 G.
500 2702 642 2761 Lambinus,
675 2712 714 2751 set
729 2711 757 2750 ut
774 2702 805 2750 ad
821 2717 944 2750 summum
960 2702 1040 2751 aetatis
1056 2701 1148 2760 florem,
1162 2703 1216 2763 jua-

103 2775 128 2814 et
139 2767 180 2815 alii
193 2783 224 2816 ex
237 2767 311 2816 MSS.
322 2767 337 2815 i.
351 2783 371 2816 e.
385 2767 526 2831 impellente
539 2767 577 2816 tel
594 2767 642 2816 sol·
676 2777 774 2830 tamque
786 2767 980 2831 magnitudinem
991 2767 1157 2831 pervenirent,
1166 2781 1217 2814 uno

103 2831 228 2881 licitantes
246 2833 299 2880 haec
311 2832 385 2881 etiam
396 2848 444 2881 vox
459 2833 538 2881 Fabro
555 2833 642 2896 placet.
676 2833 762 2881 saltem
770 2841 894 2881 momento
902 2843 1042 2897 punctoque
1051 2831 1168 2896 temporis
1178 2840 1215 2879 te-

104 2896 238 2946 Salmasius
249 2897 310 2961 legit
320 2914 363 2946 aua
374 2901 450 2946 dante.
479 2899 584 2946 Verauu
601 2901 643 2947 dot
675 2898 755 2946 nellus
766 2897 847 2961 Infans
858 2899 972 2946 robusto
984 2900 1079 2945 quenis
1094 2897 1216 2954 evaderet,

103 2975 159 3010 curn
171 2962 213 3010 det
222 2978 297 3020 rosas,
310 2962 383 3011 Calor
393 2963 522 3020 frumenta,
535 2964 642 3011 Autum-
675 2972 720 3011 etc.
737 2963 794 3011 ideo
811 2963 877 3011 enim
899 2963 967 3011 tarde
988 2972 1013 3010 et
1032 2961 1149 3027 paulatim
1170 2963 1217 3010 Rau

104 3042 150 3074 nus
168 3043 233 3076 uvas.
268 3028 317 3076 Sed
336 3027 421 3090 quidni
436 3031 533 3077 sudante
549 3028 641 3076 retine-
675 3037 796 3085 crescunt,
806 3027 862 3090 quia
872 3043 903 3075 ex
912 3035 976 3076 certa
986 3027 1093 3075 Materia
1104 3029 1217 3089 certisque

103 3095 173 3139 rem?
198 3095 300 3141 Humido
315 3093 360 3140 viz.
380 3101 405 3140 et
425 3093 531 3152 uda-vel
551 3097 644 3142 sudores
677 3092 810 3156 Principiis
819 3102 947 3156 augentur,
957 3107 1011 3154 quta
1020 3100 1144 3140 momento
1154 3101 1216 3138 tem-

102 3159 214 3215 elt'ct'ante,
227 3172 275 3205 non
287 3157 354 3205 enim
365 3158 426 3206 dura
438 3168 476 3206 est
488 3173 532 3206 nec
548 3157 642 3206 incont-
676 3158 744 3221 poris
761 3173 806 3205 nec
822 3157 973 3220 congregari,
986 3172 1031 3204 neo
1047 3155 1153 3220 disponi,
1171 3171 1217 3203 nec

104 3221 176 3269 moda
187 3221 321 3270 translatio.
677 3223 791 3286 conJungi
800 3232 911 3298 possunt.
939 3223 1015 3270 Porro
1027 3229 1109 3268 autem
1120 3235 1175 3268 cum
1185 3233 1218 3267 ex

139 3287 192 3334 180.
212 3286 284 3349 Orat]
302 3291 381 3335 Aurae
396 3287 490 3336 mavult
507 3287 593 3345 Faber,
609 3286 644 3335 sic
677 3296 739 3335 certa
747 3301 840 3335 semme
847 3302 887 3335 res
896 3294 1039 3349 augeantur,
1050 3292 1134 3332 everto
1142 3284 1217 3332 etiam

104 3350 168 3399 infra
179 3352 240 3399 atris
254 3355 279 3399 ia
296 3360 386 3400 teneras
402 3369 490 3399 auras:
510 3352 546 3400 sic
563 3351 643 3400 Graeci
676 3352 770 3400 semine
782 3364 913 3400 nascantur
925 3364 1025 3398 necesse
1037 3358 1081 3397 est

103 3415 214 3474 matht
230 3417 309 3477 αὔρας·
329 3415 372 3463 ubi
389 3431 448 3464 vero
465 3419 558 3464 luminis
573 3426 651 3464 uarat·
710 3416 773 3463 Ibid.
792 3416 872 3476 Spatia
881 3414 948 3477 usas]
961 3414 977 3462 i.
988 3430 1009 3462 e.
1021 3417 1102 3476 Spatia
1111 3430 1173 3476 opat,
1182 3413 1217 3463 aie

10 3504 17 3514 ·
104 3479 230 3528 inveniet?
252 3480 356 3542 ideoque
368 3495 417 3527 non
429 3479 583 3528 sollicitanda
594 3480 643 3528 lec-
677 3479 692 3527 l.
712 3480 733 3527 Ι.
746 3496 768 3528 ν.
787 3482 842 3527 220.
876 3483 951 3527 Nulla
967 3483 990 3527 oa·
999 3477 1065 3541 forat
1080 3495 1133 3528 usus
1149 3483 1216 3527 caim.

105 3543 147 3591 tio.
677 3543 797 3607 Virgilius
814 3545 892 3592 VllI.
913 3543 1012 3593 AEneid.
1044 3546 1114 3592 Nunc
1130 3548 1219 3594 uiribus

141 3610 193 3656 184.
210 3610 310 3657 Concilio
318 3607 429 3671 genitali]
444 3611 569 3657 Concilium
577 3613 644 3672 geut'·
675 3626 738 3657 osus.

105 3677 159 3732 tale,
169 3687 314 3738 congressus
324 3674 459 3738 Corporum
469 3673 604 3738 primorum
614 3674 646 3722 ad
712 3674 766 3722 186.
783 3677 806 3723 Il
818 3677 899 3723 Nihilo
910 3673 943 3737 si]
957 3677 983 3722 St
994 3692 1006 3723 e
1017 3677 1070 3732 nilo,
1085 3675 1120 3724 M.
1133 3675 1163 3723 V.

104 3739 255 3802 gignendum
262 3739 354 3787 valens.
373 3739 644 3803 Cmtiliumacogendo,
713 3740 765 3788 191.
785 3739 965 3803 Crescendoque]
988 3743 1169 3804 Crassumque,
1186 3741 1217 3790 V.

105 3804 170 3852 unde
182 3805 248 3868 apud
260 3804 389 3852 Fullonem
400 3804 575 3853 vestimentum
587 3805 646 3853 dum
678 3803 724 3853 via
738 3805 802 3853 Res:
821 3819 867 3853 nec
879 3805 988 3854 insolens
1005 3806 1086 3866 lectio,
1098 3806 1144 3854 etsi
1163 3808 1217 3854 Ota·

105 3873 195 3932 cogitur
205 3872 324 3917 emollisti
335 3869 440 3917 dicitur:
458 3870 545 3927 Varro,
562 3869 603 3918 lib.
614 3870 644 3918 V.
677 3872 719 3918 nia
729 3869 858 3934 pracedat.

107 3935 232 3982 Concilium
249 3938 346 3983 nominis
366 3935 432 3998 apud
451 3934 595 3982 Tertullian.
615 3935 645 3983 de
713 3936 766 3984 193.
783 3936 838 3983 Huc
849 3935 950 3999 accedit]
968 3937 1088 3991 Quartum
1102 3935 1219 4000 proponit

105 3998 187 4062 pallio,
200 4008 238 4047 est
248 3999 393 4063 compositio
404 3998 537 4048 nominise
552 3999 646 4049 duabus
678 4017 700 4048 v.
714 3999 738 4049 t.
751 4010 922 4062 argumentum
936 4016 968 4049 ex
983 4001 1093 4049 alimenti
1111 4001 1216 4048 necessi-

105 4063 218 4120 vocibus,
231 4073 256 4112 et
268 4075 339 4114 vetus
349 4064 497 4114 scholiastes
505 4064 531 4113 in
541 4064 646 4128 primam
679 4073 728 4113 tate
741 4065 881 4123 deductum,
893 4065 966 4128 idque
979 4065 1053 4114 etiam
1070 4081 1120 4113 non
1137 4065 1220 4113 minus

106 4128 156 4176 Sat.
175 4128 303 4178 luvenalis
318 4146 341 4178 v.
365 4130 417 4178 116.
437 4127 524 4193 inquit,
539 4128 646 4180 Ciconla
678 4130 776 4178 firmum
790 4140 816 4178 et
827 4130 942 4189 validum,
955 4145 1026 4192 quam
1043 4143 1144 4185 eaetera3
1162 4143 1219 4177 cum

105 4202 253 4254 quaecontra
264 4195 382 4258 templum
395 4194 539 4243 Concordiae
550 4211 581 4243 ex
593 4213 644 4244 coa·
678 4195 745 4243 enim
760 4194 808 4243 nisi
822 4196 912 4244 cadant
927 4194 1017 4244 imbres
1033 4191 1095 4242 nihil
1112 4209 1125 4241 e
1142 4192 1219 4240 Terra

106 4260 160 4304 cillo
172 4257 218 4319 (ita
232 4260 298 4307 enim
315 4259 362 4324 leg.
376 4275 425 4308 non
442 4259 555 4323 consilio)
573 4260 645 4309 rostri
679 4269 770 4322 surgat,
787 4275 843 4308 cum
861 4259 976 4309 animalia
991 4260 1107 4308 alimento
1123 4257 1219 4320 privata

107 4320 215 4370 sonitum
226 4324 290 4372 lacit
679 4340 725 4372 nec
735 4340 872 4388 propagare
881 4340 959 4387 genua
970 4339 1042 4373 suum
1053 4331 1163 4387 possunt,
1173 4337 1218 4370 nso
