2872 4852
458 220 629 286 LIBER
657 221 917 288 TERTIUS.
1182 223 1243 287 139

218 374 413 463 Asperaque
428 378 645 456 inveniuntur,
662 400 701 442 eo
717 377 858 444 stabilita
873 380 975 463 magis
992 389 1077 444 sunt.

261 480 360 545 Nunc
374 481 484 565 igitur,
500 482 651 567 quoniam
666 481 706 546 ’st
720 482 832 546 Animi
845 492 962 547 natura
976 492 1106 567 reperta
1129 469 1132 474 ’

153 593 200 640 2⁰5
219 580 352 647 Mobilis
368 584 517 668 egregie:
541 605 699 667 perquam
715 593 864 648 constare
879 607 1013 649 necesse
1028 584 1069 648 ’st

217 683 419 768 Corporibus
434 686 543 770 parvis
559 696 593 750 et
608 684 857 771 laevibus'atque
873 688 1033 752 rotundis.

217 785 303 859 Quae
318 787 379 850 tibi
393 787 523 871 cognita
538 810 590 851 res
606 789 640 852 in
654 786 775 866 multis,
794 789 826 853 Ο
842 788 955 866 Boua,
970 789 1068 852 rebus

216 887 314 953 Utilis
329 889 521 966 invenietur,
537 899 570 953 et
585 900 770 973 opportuna
785 889 916 955 cluebit.
943 953 947 958 .

259 990 344 1056 Haec
359 1013 489 1076 quoque
503 1013 556 1056 res
572 993 669 1055 etiam
684 1003 832 1078 naturam
847 991 992 1075 deliquat
1006 993 1088 1076 ejus,

151 1105 199 1151 21⁰
219 1093 328 1167 Quam
342 1094 433 1158 tenui
446 1103 575 1158 constet
591 1104 741 1171 textura3
765 1116 927 1177 quamque
941 1093 1014 1157 loco
1031 1115 1065 1157 se

217 1194 391 1260 Contineat
406 1217 518 1279 parvo,
535 1196 561 1258 si
577 1196 681 1278 possit
697 1194 948 1286 conglomerati:

218 1296 320 1370 Quod
335 1295 429 1360 simul
443 1306 541 1380 atque
557 1296 732 1361 Hominem
746 1295 827 1360 lethi
839 1318 955 1360 secura
968 1297 1061 1380 quies
1077 1308 1127 1360 est

218 1399 370 1482 Indepta,
388 1406 485 1480 atque
500 1397 611 1461 Animi
625 1411 753 1475 natura,
770 1397 962 1482 Animaeque
977 1399 1112 1462 recessit
1121 1417 1139 1476 ς’·

218 1499 277 1563 Nil
291 1500 335 1563 ibi
350 1498 494 1562 limatum
509 1500 551 1565 de
566 1509 636 1563 toto
653 1499 800 1585 Corpore
815 1522 929 1565 cemas

154 1613 201 1660 215
219 1599 275 1667 Ad
292 1602 443 1685 speciem,
459 1598 503 1665 nil
518 1603 560 1666 ad
576 1605 725 1686 pondus:
750 1603 844 1668 Mors
860 1605 966 1667 omnia
980 1613 1125 1689 praestat,

217 1703 359 1769 Vitalem
371 1715 491 1788 praeter
506 1727 647 1784 sensum,
665 1705 869 1791 calidumque
885 1729 1047 1792 vaporem.

217 1805 310 1890 Ergo
327 1804 477 1871 Animam
494 1817 595 1872 totam
611 1810 779 1894 perparvis
795 1831 869 1874 esse
885 1831 1019 1874 necesse
1034 1810 1074 1873 'st

216 1908 410 1988 Seminibus
427 1933 544 1975 nexam
558 1934 619 1996 per
634 1934 744 1990 venas,
760 1913 896 1990 viscera,
912 1935 1048 1978 nervos:

217 2011 381 2085 Quatinus
396 2014 498 2077 omnis
514 2014 572 2077 ubi
586 2036 604 2078 e
620 2024 690 2078 toto
701 2015 770 2099 jam
785 2014 932 2099 Corpore
949 2016 1057 2092 cessit,

150 2129 199 2178 220
217 2114 352 2179 Extima
364 2116 583 2180 membrorum
598 2108 858 2182 circum-caesura
873 2106 980 2181 tamen
997 2139 1031 2181 se

217 2216 414 2282 Incolumem
429 2227 576 2300 praestat,
593 2240 653 2283 nec
669 2219 750 2282 defit
763 2219 918 2304 ponderis
933 2217 1049 2281 hilum:

215 2319 316 2393 Quod
332 2340 435 2401 genus
452 2328 502 2383 est
519 2318 644 2382 Bacchi
659 2342 732 2383 cum
748 2318 808 2382 flos
824 2319 965 2394 evanuit,
982 2330 1039 2382 aut
1054 2341 1125 2383 cum

216 2421 357 2505 Spiritus
374 2419 543 2504 Unguenti
559 2421 665 2485 suavis
684 2419 815 2505 diffiigit
829 2421 862 2484 in
877 2442 984 2496 auras,

215 2521 286 2586 Aut
299 2520 407 2604 aliquo
422 2544 495 2586 cum
504 2523 572 2607 jam
589 2523 714 2588 Succus
732 2523 773 2587 de
789 2543 926 2606 corpore
941 2523 1057 2600 cessit3

149 2637 196 2684 225
215 2624 274 2687 Nil
288 2622 388 2688 oculis
403 2634 511 2689 tamen
525 2647 598 2690 esse
614 2626 717 2690 minor
731 2647 785 2690 res
800 2627 873 2709 ipsa
888 2625 1017 2689 videtur

128 2817 183 2851 esse
200 2802 254 2852 oleo
269 2803 423 2867 graviorem?
448 2803 518 2852 Licet
536 2819 594 2852 vero
611 2819 666 2867 gra-
701 2819 789 2866 corpus
801 2801 935 2868 insipidum
947 2802 1069 2860 reddatur,
1082 2818 1184 2867 corpora
1200 2812 1236 2852 ta·

130 2867 183 2915 vior
197 2867 236 2926 sit,
254 2868 368 2930 quoniam
385 2885 399 2916 e
416 2867 588 2917 minutioribus
605 2870 665 2917 Cor·
700 2884 757 2916 men
766 2867 814 2916 ista
823 2867 931 2931 ejusdem
941 2878 998 2917 sunt
1007 2868 1085 2922 molis,
1095 2877 1120 2916 et
1129 2868 1238 2931 ejusdem

129 2931 229 2995 poribus
240 2949 283 2982 seu
295 2933 421 2997 particulis
437 2933 599 2998 componitur,
611 2933 667 2982 ideo
699 2932 815 2997 ponderis
842 2949 890 2996 quo
917 2932 999 2997 prius;
1028 2933 1142 2982 similiter
1164 2933 1238 2981 etiam

130 2997 248 3046 mobilior.
698 2997 1239 3063 proptereandemrationemidemdeAnima

163 3063 218 3111 2⁰9.
235 3065 294 3111 Hac
303 3081 389 3127 qaoque
400 3080 437 3112 res
448 3067 524 3122 etiam,
534 3061 591 3125 ela]
605 3063 666 3112 Ani-
697 3063 857 3125 Judicandum
869 3072 913 3111 est
942 3063 1014 3123 Ψυχὴ
1026 3059 1095 3122 σῶμά
1108 3063 1161 3110 ἐστι
1177 3072 1236 3111 λεπ-

130 3141 197 3174 mum
208 3136 319 3176 constare
332 3144 364 3177 ex
375 3127 462 3176 atomis
478 3127 586 3186 minutis,
599 3127 665 3176 laevi-
699 3125 799 3191 scarpis
807 3127 860 3190 παρ’
870 3127 928 3176 ὅλον
936 3129 966 3176 τὸ
975 3127 1090 3190 ἄθροισμα
1100 3143 1236 3189 παρεσπαρ-

131 3192 176 3240 bus
186 3201 211 3240 et
221 3192 332 3242 rotundis
343 3193 434 3251 docuit,
444 3192 501 3255 quia
512 3202 550 3240 est
561 3193 667 3241 maxime
699 3190 777 3252 μένον.
806 3195 929 3253 Epicurus.
1172 3211 1175 3215 ·
1224 3229 1226 3232 >

130 3257 241 3313 mobilis;
259 3260 318 3320 jam,
330 3274 352 3305 v.
366 3261 404 3306 23.
418 3259 570 3306 demonstrat
581 3257 667 3305 Animi
734 3256 796 3304 lbid
814 3255 938 3319 Deliqaat]
949 3257 1078 3311 Declarat;
1097 3270 1146 3303 vox
1156 3255 1238 3304 minus

130 3329 156 3368 et
173 3321 271 3370 Animae
291 3332 403 3370 naturam
421 3322 535 3370 subtilem
554 3337 615 3378 esse,
630 3332 667 3370 te·
701 3329 766 3379 nota,
778 3321 834 3368 ideo
845 3320 887 3368 alii
898 3320 1032 3384 praeferunt
1044 3322 1144 3377 dedicat,
1155 3329 1184 3368 ut
1196 3319 1237 3369 lib.

130 3385 187 3434 nuis
204 3394 314 3444 texture,
328 3396 353 3434 et
370 3403 383 3434 e
400 3385 502 3434 minutis
520 3385 669 3449 Corporibus
703 3385 724 3433 1.
738 3401 759 3433 v.
774 3386 828 3432 368.

131 3452 299 3511 conjunctam
324 3450 415 3513 quippe
434 3449 553 3497 moriatur
570 3449 668 3508 animal,
735 3449 789 3496 213.
807 3447 919 3510 Indcptu]
931 3447 1062 3512 Indepisci,
1072 3448 1175 3512 assequi,
1186 3449 1237 3498 adi-

131 3523 183 3561 tota
190 3513 271 3562 avolat
279 3514 367 3571 anima,
377 3523 403 3562 at
410 3513 432 3562 si
440 3513 548 3561 metiaris
558 3513 668 3573 cadaver,
701 3511 778 3576 pisci;
796 3515 885 3561 Festus.

131 3579 217 3627 eadem
240 3588 277 3628 est
300 3578 402 3636 Mortui,
424 3577 465 3640 qui
488 3577 535 3626 fuit
555 3578 668 3627 Viventis
734 3579 789 3624 214.
810 3577 940 3640 Limatam]
959 3578 1116 3629 Detractum:
1140 3579 1190 3639 alii,
1208 3583 1237 3629 li-

131 3644 295 3692 membrorum
312 3643 402 3699 moles;
420 3642 441 3692 si
459 3643 590 3707 expendas,
602 3642 667 3690 idem
702 3645 795 3697 batam
816 3642 859 3690 scd
877 3643 1011 3693 Lambinus
1027 3644 1134 3693 maxime
1150 3647 1238 3710 proba·

131 3708 238 3772 pondus:
258 3709 333 3772 igitur
350 3708 414 3770 quod
430 3708 511 3756 avolat
526 3717 564 3757 est
579 3708 668 3757 subtile
701 3716 747 3766 ret,
760 3710 804 3756 Nil
813 3709 958 3756 delibratam.

132 3773 252 3835 quoddam
274 3782 300 3822 et
322 3773 452 3832 minutum,
475 3773 578 3821 solidam
602 3772 668 3822 enirn
734 3774 788 3821 220.
816 3773 1022 3836 Circam-casare]
1045 3774 1172 3837 Περικοπὴ,
1195 3791 1237 3824 ex-

131 3838 236 3901 aliquam
259 3848 354 3903 partem
376 3854 519 3901 magnamve
548 3838 668 3898 detrahas,
702 3837 818 3886 tremitas.
851 3838 928 3896 Infra,
945 3838 987 3886 lib.
1007 3838 1051 3886 IV.
1068 3856 1091 3887 v.
1110 3841 1164 3898 656,
1184 3841 1239 3888 651.

132 3902 228 3953 diversa
244 3904 292 3952 erit
309 3903 383 3954 totius
401 3903 486 3960 moles,
503 3913 528 3950 et
546 3903 669 3952 diversum
707 3905 738 3951 Ut
754 3911 808 3951 saal
824 3906 945 3951 dissimiles
963 3908 1111 3962 extrinsecas,
1129 3912 1152 3952 et
1170 3921 1240 3968 geae-

132 3968 234 4030 poadus.
264 3967 384 4027 Breviter,
397 3978 425 4017 ut
432 3968 571 4030 judicamus
584 3967 668 4016 florem
701 3972 771 4016 ratim
779 3971 875 4017 Estima
885 3972 1033 4017 memborum
1043 3969 1242 4018 circum-casura

132 4032 191 4091 viai,
203 4033 302 4087 odorem
319 4033 446 4097 unguenti,
459 4041 485 4080 et
500 4048 612 4095 saporem
629 4049 666 4082 sa·
701 4041 795 4082 coercet.

132 4096 184 4160 pidi
196 4097 297 4160 alicujus
309 4098 418 4162 corporis
434 4106 545 4146 constare
563 4113 576 4145 e
593 4097 668 4160 parti·
736 4099 791 4146 222.
820 4101 886 4150 Quod
901 4115 974 4161 genas
994 4106 1029 4146 est
1048 4096 1150 4159 Bacchi]
1177 4099 1243 4147 Quod

133 4161 346 4222 culissubtilibus
372 4172 396 4212 et
424 4162 532 4219 minutis,
556 4161 670 4224 quoniam
701 4179 781 4226 genas,
794 4166 942 4219 aatBacclsi,
956 4161 1096 4211 Lambinus.
1125 4163 1179 4209 Flos
1194 4163 1243 4208 viai

133 4236 261 4289 postquam
272 4228 356 4276 vinum
368 4227 484 4291 vapidum
497 4227 546 4285 liat,
559 4242 670 4290 unguen-
704 4227 771 4290 apud
787 4226 901 4275 Plautum
917 4227 943 4274 in
962 4226 1060 4275 Curcul,
1074 4235 1099 4272 et
1115 4225 1141 4271 in
1158 4223 1241 4274 Cistel.

134 4301 185 4341 tum
202 4291 270 4340 istud
286 4293 376 4342 amittit
392 4292 500 4350 odorem,
518 4300 543 4341 et
559 4292 671 4356 sapidum
707 4295 810 4354 Quidque
821 4295 877 4345 adso
888 4309 922 4339 me
935 4293 1042 4352 complevi
1053 4289 1112 4339 flore
1124 4288 1215 4341 Liberi.
