2872 4852
406 228 577 293 LIBER
608 228 914 295 SECUNDUS.

191 385 333 451 Invitant
347 383 459 448 herbae
474 378 673 469 gemmantes
688 408 762 450 rore
776 388 918 464 recenti3

127 499 175 545 320
193 487 240 552 Et
255 487 362 565 satiati
377 486 467 571 Agni
482 486 610 565 ludunt,
625 487 811 573 blandeque
827 490 1013 555 coniscant:

191 588 309 654 Omnia
324 612 398 673 quae
413 591 506 653 nobis
523 590 618 675 longe
634 591 769 656 confusa
784 593 946 670 videntur,

190 689 237 753 Et
251 689 349 755 veluti
362 692 395 754 in
410 693 504 755 viridi
518 694 640 757 candor
655 693 833 758 consistere
850 693 934 758 colli.

190 791 366 870 Praeterea,
381 816 507 877 magnae
524 794 688 879 Legiones
703 817 776 859 curn
791 794 862 859 loca
877 817 975 859 cursu

188 893 384 980 Camporum
400 896 573 981 complent,
589 896 666 962 belli
683 897 853 961 simulacra
867 899 1007 975 cientes;

125 1006 172 1053 325
191 994 237 1060 Et
252 997 507 1062 circumvolitant
523 999 674 1082 Equites,
690 1000 879 1083 mediosque
894 1010 1030 1083 repente

187 1096 388 1163 Tramittunt
402 1099 509 1163 valido
524 1101 709 1184 quatientes¹
721 1100 841 1184 impete
857 1123 987 1184 campos
1002 1125 1010 1163 :

188 1198 313 1283 Fulgur
325 1201 370 1265 ibi
386 1201 428 1264 ad
444 1200 572 1265 Coelum
587 1224 622 1265 se
638 1201 731 1278 tollit,
749 1211 882 1286 totaque
898 1204 1018 1267 circum

188 1300 272 1365 AEre
287 1302 462 1366 renidescit
476 1300 602 1378 Tellus,
619 1304 796 1386 subterque
812 1302 915 1367 virrim
930 1305 961 1366 vi

189 1401 329 1466 Excitur
342 1403 482 1486 pedibus
499 1404 634 1480 sonitus,
652 1403 856 1487 clamoreque
872 1405 1006 1469 Montes

125 1513 172 1559 330
189 1503 251 1567 lcti
266 1505 422 1589 rejectant
438 1527 533 1570 voces
549 1506 591 1569 ad
608 1505 724 1570 Sidera
738 1508 869 1584 mundi;

189 1605 235 1669 Et
250 1616 357 1670 tamen
372 1609 568 1692 estquidam
583 1607 673 1673 locus
689 1608 762 1673 altis
778 1610 953 1687 montibus,
969 1610 1057 1674 unde

188 1707 282 1773 Stare
296 1710 435 1785 videtur,
451 1720 484 1774 et
498 1711 531 1773 in
545 1711 667 1795 campis
681 1712 860 1776 consistere
875 1710 1010 1795 Fulgur.

228 1810 329 1876 Nunc
343 1834 403 1896 age
415 1814 483 1898 jam
499 1813 653 1898 deinceps
669 1824 859 1879 cunctarum
873 1815 1009 1878 exordia
1022 1830 1143 1892 rerum,

187 1912 306 1986 Qualia
322 1915 395 1992 sint,
412 1925 445 1979 et
460 1937 556 1998 quam
570 1915 666 1999 longe
682 1916 837 1980 distantia
852 1916 975 1994 formis,

123 2026 169 2072 335
188 2015 337 2100 Percipe,
353 2016 537 2100 multigenis
554 2040 650 2099 quarn
666 2018 730 2081 sint
744 2019 867 2081 variata
881 2016 1045 2081 Frounrss

186 2117 265 2181 Non
277 2118 366 2201 quod
382 2117 482 2181 multa
497 2140 613 2201 parum
628 2117 721 2182 simili
736 2120 800 2183 sint
815 2120 956 2204 praedita
968 2118 1083 2195 forma,

186 2218 253 2283 Sed
268 2221 344 2302 quia
359 2242 424 2284 non
440 2220 535 2303 volgo
550 2220 641 2304 paria
656 2222 805 2285 omnibus
822 2221 928 2285 omnia
942 2230 1103 2285 constant.

186 2319 261 2385 Nec
275 2322 406 2399 mirum;
420 2345 504 2413 ¹nam
519 2345 592 2386 cum
607 2324 649 2386 sit
663 2345 776 2387 eorum
792 2323 896 2407 Copia
912 2332 1012 2397 tanta,

133 2537 188 2584 320.
208 2538 342 2601 omiserant]
356 2539 495 2596 Lambinus,
512 2547 638 2596 coruscant,
672 2539 813 2602 disputavit
847 2540 903 2588 Jam
921 2539 952 2588 de
970 2538 1018 2587 alia
1036 2536 1156 2587 seminum
1175 2538 1211 2586 afa

103 2601 141 2650 vel
150 2611 274 2660 coruscant,
287 2619 301 2650 a
313 2603 427 2665 μορύττω,
437 2604 551 2652 cornibus
564 2611 637 2666 peto:
671 2604 782 2661 sectione,
794 2604 885 2667 Figura
894 2603 939 2652 viz.
952 2620 1006 2667 quae
1018 2602 1212 2666 magnitudinem

101 2666 254 2725 Theocritus,
269 2669 339 2732 Idyll.
353 2672 374 2717 3.
404 2668 450 2717 Τὸν
460 2671 564 2725 Λιβυκὸν
575 2665 637 2716 Κνοί-
671 2669 828 2732 consequitur
848 2668 950 2732 (Figura
967 2669 1033 2716 enim
1051 2667 1169 2715 terminus
1186 2675 1212 2715 et

100 2748 163 2780 κωνοι
174 2731 300 2793 φυλάσσεο
311 2733 344 2793 μὴ
355 2733 385 2781 τὺ
397 2732 493 2797 κορύψμ.
512 2732 638 2792 831131μὴ
671 2734 757 2781 modus
776 2733 962 2797 magnitudinis)
982 2733 1099 2789 dicturus,
1119 2740 1212 2789 monet,

99 2795 130 2843 τὺ
141 2794 239 2859 κορύψῃ·
249 2798 282 2856 μή
294 2815 323 2845 σε
335 2796 455 2862 κερότισῃ,
467 2797 554 2859 τὸγὰρ
568 2815 636 2859 nepa·
669 2814 692 2846 v.
705 2799 727 2845 5.
741 2806 834 2846 atomos
846 2814 898 2847 esse
910 2798 1072 2846 diversimode
1086 2797 1207 2859 figuratas.

99 2859 454 2922 τ1ζεινκορύττεινοὶἈττικο1
469 2861 591 2923 λέγουσιν,
607 2863 638 2911 ὡς
671 2864 728 2910 Non
751 2863 859 2927 profecto
885 2863 950 2926 quod
975 2862 1084 2926 ipsarum
1113 2861 1211 2924 Figurae

100 2925 280 2988 συντρεχόντων
300 2925 418 2984 ἀλλήλοις
434 2930 482 2975 τῶν
502 2930 577 2989 κριῶν,
598 2925 637 2974 nal
670 2928 775 2975 discerni
792 2927 847 2976 visu
867 2927 944 2991 magis
960 2927 1064 2984 valeant,
1086 2941 1158 2988 quam
1178 2925 1212 2973 (13

99 2989 471 3052 τὰςκορυφὰςτληττόντων,κσὶ
479 2988 636 3054 ῥηγνυμένων.
670 2991 838 3055 magnitudine
856 3001 893 3040 est
913 2992 1013 3048 dictum,
1032 2990 1075 3039 sed
1095 2990 1159 3052 quod
1180 3005 1209 3038 ea

100 3055 136 3102 At
147 3059 262 3104 coniscans
278 3057 356 3104 utitur
368 3057 454 3104 Cicero
470 3057 496 3104 in
515 3056 637 3114 Pisonem,
670 3057 783 3119 figuratio
804 3056 939 3104 rationibus
959 3054 1033 3104 variis
1056 3053 1209 3118 comprobari

99 3127 169 3180 caput
179 3124 272 3181 opponis
285 3139 336 3169 cum
351 3139 377 3169 eo
393 3126 515 3170 coriscum.
544 3121 636 3175 Quinc·
669 3122 753 3185 possit
783 3121 906 3184 Epicurus
918 3122 984 3183 apud
995 3120 1153 3167 Plutarchum
1164 3120 1209 3167 do-

100 3183 179 3232 tiliani
201 3185 261 3232 Inst.
282 3185 298 3233 1.
318 3187 394 3234 VIII.
411 3202 464 3248 cap.
485 3188 507 3234 3.
545 3184 638 3239 Quidni
670 3195 716 3243 cet,
737 3194 830 3233 atomos
849 3186 899 3233 ἴδια
918 3183 985 3247 ἔχειν
1005 3183 1120 3246 σχήματα
1142 3182 1211 3244 λόγῳ

98 3248 175 3311 igitur
202 3253 317 3298 coniscont
343 3251 499 3308 retineamus,
522 3265 577 3296 cum
606 3249 639 3297 sit
671 3248 782 3312 θεωρητά.
812 3250 941 3313 Epicurus,
955 3249 1033 3311 Epist
1046 3248 1077 3295 ad
1093 3246 1207 3295 Herodo-

99 3313 211 3376 apposita
223 3331 278 3371 vox,
291 3324 316 3363 et
331 3315 455 3377 significet
471 3318 578 3371 arietare,
598 3313 638 3361 vel
670 3323 729 3372 tum,
742 3314 774 3361 τὰ
790 3313 867 3373 ἄτομα
882 3316 931 3360 τῶν
942 3308 1058 3372 σωμάτων
1068 3310 1107 3359 nal
1123 3310 1209 3372 μεστὰ,

100 3382 206 3426 cornibus
221 3384 318 3439 petere?
340 3378 403 3428 Hic'
415 3395 472 3426 vero
491 3378 553 3425 mira
570 3392 636 3424 com·
671 3381 696 3438 ἐξ
707 3377 739 3426 ὧν
750 3377 789 3425 καὶ
805 3377 829 3424 at
845 3374 982 3437 συγκρ1σεις
993 3376 1107 3436 γίνονται,
1119 3375 1159 3423 καὶ
1176 3373 1210 3424 εἰς

99 3451 197 3489 meutus
210 3451 247 3489 est
261 3443 355 3504 Fayus;
376 3443 447 3490 docet
463 3441 529 3489 enim
544 3441 637 3495 Quinc·
672 3440 841 3497 3διαλύονται,
852 3437 1004 3502 ἀπερίληπτά
1021 3441 1074 3487 ἐστι
1089 3441 1142 3489 τοῖς
1158 3441 1207 3488 dru-

100 3505 214 3553 tilianur‘n
225 3506 266 3554 lib.
279 3507 325 3554 VI.
339 3507 482 3554 Ciceronem
493 3521 552 3554 voce
564 3508 637 3552 conis·
671 3507 754 3568 φοραῖς
771 3506 820 3552 τῶν
838 3501 978 3566 σχημάτων·
999 3503 1026 3552 οὔ
1044 3503 1091 3586 ydp
1110 3501 1210 3553 δύνατον

100 3587 155 3618 cans
171 3579 289 3628 utentem,
307 3581 331 3618 et
346 3572 412 3619 hunc
428 3571 509 3634 ipsum
529 3568 639 3619 Lucretii
671 3568 782 3630 γενέσθω
793 3569 837 3619 τὰς
852 3567 972 3618 τοσαύτας
988 3571 1100 3631 διωφορος
1117 3569 1144 3616 ἐκ
1159 3568 1211 3618 τοῖν

99 3650 198 3683 versum
209 3635 323 3683 laudare:
341 3635 376 3683 ita
387 3635 428 3684 isti
440 3650 536 3698 semper
548 3643 637 3693 errant,
672 3635 749 3682 αὐτῶν
762 3635 855 3695 (forsan
872 3632 976 3697 ἀτόμων)
995 3631 1127 3696 σχημάτων
1142 3650 1207 3696 τερ(-

100 3699 140 3762 qui
154 3699 248 3758 alienis,
260 3715 310 3748 non
321 3700 372 3748 suis
384 3701 460 3748 oculis
472 3709 582 3749 utuntur.
672 3697 825 3759 ειλημμένων.
1016 3715 1017 3718 ’

131 3765 188 3818 326.
206 3764 305 3828 Impera]
315 3765 355 3813 Sic
364 3766 405 3814 lib.
418 3766 447 3813 V.
472 3769 521 3813 Aut
530 3768 639 3813 hominem
704 3765 758 3812 336.
776 3767 830 3812 Non
841 3766 901 3827 quod
911 3766 984 3812 multa
992 3780 1082 3826 parum,
1094 3761 1150 3825 etc]
1164 3763 1208 3810 In·

100 3834 322 3879 tantomembrorum
333 3847 380 3880 esse
399 3835 481 3893 impete
496 3837 591 3885 natum
614 3838 639 3877 et
670 3829 760 3891 telligit
780 3829 857 3877 multa
877 3844 930 3876 esse
948 3828 1022 3877 simili
1043 3828 1141 3892 Figura,
1158 3842 1209 3876 nou

100 3894 165 3943 alibi.
671 3903 753 3952 autem
768 3894 871 3942 infinita.
885 3894 970 3942 Faber.
999 3894 1098 3952 Contra,
1111 3894 1209 3941 Lucret

133 3962 189 4019 329,
202 3963 257 4008 330.
277 3962 421 4022 Clamoreqoe
433 3961 523 4008 Montes
538 3962 584 4007 Icti
600 3974 637 4008 rc·
671 3975 721 4009 ver.
735 3961 871 4008 522-524.
899 3961 1033 4008 Primordiu
1048 3960 1211 4014 rorandum

94 4024 207 4088 jactant]
219 4025 270 4074 Alii
279 4027 347 4074 codd.
359 4028 448 4075 0133131
460 4041 544 4087 quoqne
556 4032 640 4073 montes
672 4042 695 4073 se
705 4027 781 4074 Simili
789 4042 838 4086 quae
848 4032 901 4072 runt
908 4021 1011 4084 prosecta
1016 4026 1103 4086 figura,
1114 4024 1211 4082 Irptm'to

99 4092 149 4147 icit,
160 4101 184 4139 et
193 4092 285 4154 ejactat.
671 4093 753 4139 cluere.
782 4089 838 4137 Vid
848 4105 871 4138 v.
881 4089 936 4137 691.
947 4104 960 4137 e
970 4103 1018 4150 quo
1028 4087 1088 4151 quid
1099 4087 1150 4134 haec
1162 4085 1210 4134 sibi

134 4156 189 4203 333.
207 4159 276 4204 Nunc
288 4172 337 4219 aga,
347 4153 402 4218 eta]
413 4156 452 4203 De
464 4154 587 4203 soliditate
599 4169 637 4201 se·
671 4154 749 4203 velint
759 4154 845 4202 disces
1201 4183 1202 4186 =

102 4217 203 4277 minum,
213 4229 237 4268 et
247 4221 276 4269 de
288 4220 462 4277 affectionibus,
472 4220 581 4283 pondere
592 4217 637 4267 viz.
704 4221 758 4267 333.
776 4221 827 4267 Neo
839 4221 922 4266 mirum
938 4234 995 4274 cum,
1007 4213 1064 4276 etc]
1082 4211 1174 4268 Primo,
1185 4226 1208 4259 v.

103 4290 128 4328 et
139 4291 213 4341 motu,
225 4299 278 4345 quae
289 4300 321 4333 ex
336 4284 379 4334 illa
396 4284 528 4348 profluunt,
540 4282 637 4347 copiose
671 4283 881 4334 aduersarum
897 4279 1060 4332 diversimode
1076 4291 1129 4326 esse
1145 4275 1208 4338 rigua
