2872 4852
451 219 624 287 LIBER
653 219 880 287 SEXTUS.

125 389 187 435 1030
199 377 321 440 Parvas
337 377 379 447 ad
395 377 516 461 parteis
533 375 694 444 subtiliter
708 378 908 445 insinuatus:

198 479 319 547 Trudit
333 490 367 553 et
380 478 524 563 impellit,
540 478 633 562 quasi
648 478 767 547 Navim
782 476 917 562 velaque
933 475 1073 544 Ventus.

240 580 392 665 Denique
408 603 462 651 res
476 604 587 648 omnes
603 581 725 646 debent
739 580 771 644 in
787 601 924 663 corpore
940 579 1062 643 habere

197 681 299 759 Aera,
315 683 577 768 quandoquidem
594 704 668 747 raro
684 692 759 751 sunt
774 703 923 766 corpore,
937 691 972 745 et
988 678 1058 745 Aer

197 784 362 852 Omnibus>
374 795 424 849 est
439 787 537 852 rebus
553 785 771 853 circumdatus
786 784 1032 868 appositusque.

124 899 185 946 1005
198 886 263 951 Hic
279 888 389 972 igitur,
406 888 535 972 penitus
551 887 655 972 quiin
669 886 773 955 Ferro
787 886 828 950 ’st
843 886 974 953 abditus
991 883 1072 962 Aer,

197 988 341 1054 Sollicito
356 1001 446 1056 motu
461 1013 589 1074 semper
599 991 755 1074 jactatur,
771 1011 876 1071 eoque

196 1091 361 1158 Verberat
376 1090 550 1167 Annellum
566 1092 669 1161 dubio
684 1089 818 1175 procul3
842 1100 876 1157 et
892 1091 955 1154 ciet
969 1092 1056 1153 intus

197 1193 345 1258 Scilicet:
369 1204 466 1276 atque
481 1192 598 1263 eddom
613 1192 728 1269 fertur,
745 1214 810 1276 quo
825 1192 1040 1275 praecipitavit

197 1294 272 1367 Jam
288 1293 399 1372 semel,
412 1306 446 1363 et
460 1317 653 1380 quamquam
669 1296 701 1363 in
717 1305 843 1378 partem
858 1293 1024 1361 conamina
1040 1293 1163 1361 sumsit.

126 1408 188 1454 1⁰4⁰
243 1397 296 1471 Fit
311 1419 441 1482 quoque
456 1409 494 1461 ut
509 1421 528 1463 a
544 1397 671 1481 Lepide
688 1397 751 1463 hoc
766 1395 858 1463 Ferri
874 1406 990 1465 natura
1004 1396 1136 1461 recedat

198 1498 377 1575 Interdum,
395 1499 519 1583 fugere,
536 1509 634 1583 atque
651 1498 744 1582 sequi
757 1509 915 1565 consueta
929 1499 1077 1565 vicissim.

198 1600 375 1665 Exsultare
391 1602 488 1669 etiam
503 1600 728 1666 Samothracia
743 1599 849 1665 ferrea
864 1600 947 1677 vidi;

198 1703 245 1766 Et
259 1714 402 1769 ramenta
419 1701 512 1773 simul
527 1701 621 1770 Ferri
636 1701 744 1774 furere
759 1703 847 1767 intus
862 1703 977 1766 ahenis

196 1805 235 1869 In
251 1805 412 1890 Scaphiis,
429 1804 510 1889 lapis
525 1803 578 1868 hic
595 1803 736 1888 Magnes
752 1827 825 1870 cum
841 1805 993 1868 subditus
1009 1813 1114 1868 esset:

123 1920 184 1966 1045
197 1908 397 1992 Usqueadeo
412 1908 526 1993 fugere
541 1930 561 1972 a
577 1907 666 1971 Saxo
681 1907 802 1992 gestire
818 1906 957 1971 videtur.

196 2011 279 2074 AEre
295 2011 487 2094 interposito
502 2010 666 2077 discordia
681 2019 771 2072 tanta
785 2020 927 2085 creatur,

197 2111 388 2196 Propterea,
405 2113 482 2195 quia
496 2112 645 2186 nimirum
661 2111 751 2194 prius
768 2120 868 2175 aestus
884 2111 942 2177 ubi
957 2109 1049 2175 AEris

196 2213 370 2297 Praecepit,
385 2213 544 2296 Ferrique
559 2214 626 2277 vias
642 2212 790 2296 possedit
805 2222 956 2295 apertas;

198 2314 365 2385 Posterior
381 2315 518 2399 Lapidis
534 2315 620 2390 venit
636 2324 748 2390 astus,
763 2325 797 2376 et
814 2315 920 2388 omnia
935 2312 1032 2397 plena

123 2426 185 2473 1050
198 2416 326 2488 Invenit
341 2419 374 2482 in
389 2417 510 2490 Ferro:
535 2437 640 2500 neque
656 2415 756 2484 habet
772 2437 837 2497 qua
852 2426 969 2493 tranet,
987 2427 1023 2478 ut
1038 2425 1123 2480 ante.

195 2519 332 2604 Cogitur
347 2519 509 2594 offensare
524 2520 633 2604 igitur,
649 2516 847 2602 pulsareque
860 2517 964 2587 fluctu

196 2621 316 2690 Ferrea
331 2633 515 2700 textasuo3
539 2643 604 2704 quo
619 2631 717 2706 pacto
733 2621 859 2703 respuit
874 2621 916 2684 ab
931 2641 977 2696 se,

195 2722 307 2807 Atque
323 2747 383 2809 per
397 2725 461 2797 AEs
476 2725 589 2808 agitat,
607 2724 675 2789 sine
688 2744 728 2786 eo
744 2744 818 2806 quae
833 2743 921 2806 saepe
937 2723 1097 2792 resorbet.

143 2926 212 2972 1030.
231 2923 331 2991 Parcas]
344 2924 403 2988 Alii,
412 2928 508 2988 0010100,
516 2929 604 2989 privos,
620 2933 646 2973 et
678 2939 778 2989 magnes
796 2939 838 2977 vas
857 2923 923 2978 istud
940 2941 1035 2978 aeneum
1053 2926 1139 2986 subrue
1157 2939 1215 2972 con·

106 3007 198 3050 pronas.
258 2993 262 3000 '
678 2987 784 3052 tingeret
791 3008 797 3045 ς
816 2997 841 3037 et
857 3005 988 3053 persuasus
1005 3006 1103 3039 causam
1120 3005 1173 3038 esse
1189 2989 1216 3037 in

143 3056 212 3103 1040.
230 3057 421 3117 usquequam
433 3057 575 3116 lapidatos,
586 3052 643 3117 cta]
677 3069 778 3118 corpore
798 3053 856 3105 reris
874 3054 1027 3118 interposito,
1048 3053 1116 3118 (cum
1139 3054 1215 3105 intar-

108 3119 643 3182 AdnotatGassendus,videriLucretioper-
677 3119 757 3182 posito
785 3129 867 3166 tamen
890 3119 975 3177 vitreo,
997 3119 1088 3182 ligneo,
1110 3119 1215 3182 lapideo,

107 3193 218 3250 spectum
236 3184 309 3236 tuisse
327 3184 353 3233 id
375 3184 644 3248 experimentumque
678 3183 764 3245 quovis
780 3183 835 3241 alio,
850 3183 915 3231 haud
933 3200 1003 3233 secus
1017 3182 1164 3246 confingat)
1180 3183 1217 3235 ita

105 3264 147 3298 ma
182 3249 309 3300 essartum
321 3247 444 3296 interdum
460 3246 589 3296 manifeste
605 3263 644 3295 re·
677 3262 775 3295 causam
785 3247 873 3295 exinde
882 3249 969 3306 reddit,
977 3249 1041 3311 quod
1051 3248 1146 3296 emissis
1155 3245 1225 3359 'pum

107 3328 139 3375 pe
158 3312 184 3370 it,
196 3312 324 3362 videturve
337 3311 469 3376 repellere:
487 3312 588 3370 scilicet,
601 3311 643 3359 de·
678 3327 724 3374 que
737 3327 768 3358 ex
779 3327 827 3364 aere
839 3311 864 3359 in
875 3312 978 3365 frustula
990 3322 1016 3360 et
1031 3322 1141 3361 rarnenta
1167 3311 1216 3360 erri

107 3377 255 3440 prehensum
273 3387 311 3425 est
331 3392 384 3425 csse
404 3376 431 3424 in
452 3385 565 3440 magnete
585 3376 645 3426 duas
678 3375 836 3441 corpusculis,
854 3375 958 3440 spatiola
973 3376 1031 3424 ferri
1047 3375 1078 3425 iis
1095 3375 1131 3424 sic
1148 3392 1214 3424 com-

107 3441 224 3505 quasdam
244 3440 368 3505 oppositas
386 3450 475 3504 partes,
497 3440 579 3504 (polos
593 3442 645 3503 ,iam
678 3439 798 3503 pleantur,
820 3449 847 3488 ut
866 3441 1007 3494 accedentia
1026 3441 1142 3503 deinceps
1161 3456 1215 3490 cor-

108 3505 182 3568 vulgo
189 3505 300 3562 dicimus,
308 3505 410 3555 alterum
421 3506 534 3562 Boreum,
542 3505 645 3557 alterum
677 3504 780 3568 puscula
795 3505 933 3571 magnetica
949 3521 994 3570 per
1006 3522 1040 3554 aes
1056 3508 1157 3568 trajecta
1173 3505 1216 3560 ubi

108 3569 275 3631 eustanum)
286 3586 388 3634 quarum
400 3569 444 3620 uni
455 3569 476 3618 si
489 3570 647 3618 admoveatur
678 3584 708 3616 ea
723 3579 841 3633 occupata
857 3571 1017 3635 comperiant,
1029 3571 1174 3635 subagitent,
1191 3580 1216 3620 et

108 3651 183 3684 unum
201 3635 285 3683 serreae
302 3639 359 3683 acus
376 3644 520 3693 exuemurn,
536 3635 646 3685 uebatur
678 3650 726 3696 quo
738 3643 840 3697 possunt
851 3634 906 3682 nisu
917 3635 1062 3699 propellant,
1075 3653 1097 3684 v.
1112 3636 1149 3684 14.

106 3701 137 3753 ab
149 3700 198 3764 illa,
210 3700 236 3755 ‘et
246 3700 266 3748 si
279 3699 344 3754 idem
356 3710 492 3748 extremum
504 3699 643 3764 000000011-
711 3700 782 3748 1042
798 3697 1053 3764 Samothraetoferrea]
1062 3701 1156 3754 Annuli
1165 3699 1214 3753 ser-

107 3775 233 3818 000000ωο
242 3765 320 3823 alten,
330 3765 360 3814 ab
372 3765 414 3813 illa
424 3763 536 3828 refugiat,
545 3764 651 3828 repelli·¹
677 3763 720 3821 rei,
730 3764 816 3828 pervii,
826 3773 851 3812 et
859 3764 921 3815 cassi
931 3783 937 3820 ;
953 3765 1012 3813 olim
1022 3764 1123 3815 Flamen
1136 3765 1217 3816 Dialis

105 3847 153 3906 que
171 3847 202 3898 ap
221 3840 301 3887 areat;
328 3846 384 3878 cum
404 3839 430 3878 et
449 3829 548 3878 aliunde
567 3845 643 3893 oppo-
676 3829 794 3892 gestabat,
805 3831 897 3877 Annulo
912 3833 959 3877 nist
972 3835 1050 3892 peroio
1065 3848 1172 3894 cassoque
1187 3848 1216 3880 aa

106 3905 180 3950 artum
192 3846 223 3948 al
234 3895 281 3948 ista
292 3895 408 3953 trahatur,
420 3895 450 3942 ab
466 3893 508 3942 illa
525 3894 642 3958 refugiat:
676 3897 755 3942 utitor.
788 3895 895 3942 Demum
912 3893 983 3953 servi,
1002 3906 1027 3943 et
1044 3895 1118 3944 Plinii
1135 3905 1215 3954 aetate,

107 3970 132 4009 at
147 3961 221 4012 nimis
238 3959 285 4011 sibi
302 3959 414 4024 indulget
424 3959 462 4007 vir
475 3959 517 4008 ille
534 3975 643 4024 magnus,
677 3962 773 4007 servitte
777 3958 831 4021 jam
835 3957 927 4021 ferrum
937 3976 993 4008 auro
1004 3963 1105 4023 cingunt
1115 3963 1164 4009 olto
1171 3977 1216 4023 per

107 4025 168 4076 nihil
178 4025 279 4079 enimin
290 4025 329 4078 his
339 4025 449 4076 versibus
460 4024 645 4100 prpponiturde
676 4040 725 4072 aare
742 4040 802 4072 mero
821 4041 878 4072 auro
897 4027 1012 4083 decorant,
1031 4026 1096 4088 cujus
1117 4028 1215 4077 leenae
1316 4033 1320 4042 '

108 4089 164 4156 fige
175 4091 240 4149 ferri,
252 4089 317 4153 quod
333 4105 378 4156 per
389 4098 516 4155 sequentur
532 4089 646 4158 exempla
677 4093 741 4153 origo
751 4093 839 4142 nominc
854 4093 903 4152 ipso
920 4093 944 4137 s'n
961 4089 1124 4146 Samothrace,
1136 4092 1163 4138 td
1178 4092 1215 4136 tn-

108 4169 158 4205 uon
169 4155 228 4205 satis
239 4154 382 4207 declaratur.
412 4156 481 4218 Saepe
493 4163 574 4205 autem
585 4154 646 4203 vidit
677 4157 784 4202 stitutum
800 4156 918 4203 declarat:
936 4154 999 4203 Plin.
1013 4155 1037 4202 N
1039 4163 1070 4202 at.
1090 4153 1155 4202 Hist.
1173 4152 1215 4202 lib.

110 4218 237 4271 Lucretius
248 4220 355 4273 minutos
371 4220 482 4278 annulos,
494 4228 519 4268 et
535 4230 646 4268 ramenta
680 4218 810 4269 xxxul.
823 4235 875 4286 cap.
890 4221 911 4267 1.

109 4282 166 4331 ferri
175 4282 265 4332 invase
274 4301 342 4333 aeneo
350 4285 429 4349 posita
438 4285 581 4344 subsultare,
591 4300 646 4333 cum
714 4285 783 4332 1044.
797 4283 915 4346 Scaptta's]
924 4282 1016 4332 Vasisa
1027 4281 1104 4330 forma
1112 4283 1214 4346 scapha.

814 4364 860 4396 xx
