2872 4852
449 250 619 316 LIBER
647 247 872 314 SEXTUS.
1149 252 1215 316 aab

239 410 304 474 Est
318 430 459 494 quoque,
475 407 524 471 uti
538 407 643 491 possit
657 429 793 491 magnus
808 415 984 490 congestus
1000 428 1107 472 arenae

131 525 177 576 725
192 511 362 576 Fluctibus
377 509 521 575 adversis
537 507 682 593 oppilare
698 509 782 572 ostia
795 518 919 586 contra,
1070 523 1072 527 ’

196 613 279 678 Cum
294 612 390 677 Mare
405 621 586 696 permotum
602 610 706 674 ventis
723 610 790 673 ruit
801 610 889 675 intus
904 632 1045 676 arenam.

196 717 274 789 Quo
289 715 327 778 fit
341 716 390 779 uti
404 724 502 798 pacto
516 712 599 776 liber
614 713 718 775 minus
733 713 840 776 exitus
856 713 952 790 amni,

196 817 243 881 Et
256 814 418 901 proclivus
433 815 509 879 item
525 813 583 876 fiat
598 814 703 877 minus
718 814 859 898 impetus
874 815 982 879 undis.

238 917 291 983 Fit
306 939 447 1002 quoque,
463 917 511 980 uti
526 915 644 1000 pluviae
658 915 769 980 forsan
783 916 886 1001 magis
901 916 943 980 ad
958 928 1056 1002 caput
1070 918 1142 1004 ejus

131 1030 178 1080 730
193 1020 358 1105 Tempore
374 1042 413 1084 eo
426 1019 519 1096 fiant,
534 1040 600 1101 quo
616 1017 732 1082 Etesia
746 1016 850 1081 flabra
865 1016 1065 1102 Aquilonum

194 1122 320 1186 Nubila
335 1121 510 1205 conjiciunt
524 1120 558 1184 in
572 1141 627 1183 eas
643 1130 721 1185 tunc
737 1121 842 1183 omnia
856 1122 996 1204 parteis:

197 1223 327 1289 Scilicet
342 1224 384 1286 ad
399 1223 537 1287 mediam
552 1223 717 1306 regionem
731 1222 836 1305 ejecta
849 1223 914 1285 diei

196 1327 279 1390 Cum
292 1335 523 1401 convenerunt,
539 1325 584 1389 ibi
600 1325 642 1388 ad
658 1323 740 1388 altos
757 1325 898 1408 denique
913 1326 1050 1389 monteis

197 1429 370 1492 Contrusae
385 1429 489 1491 nubes
505 1437 678 1510 coguntur,
694 1427 789 1510 vique
804 1437 1006 1510 premuntur.

133 1543 180 1594 735
238 1530 348 1622 Eorsit
363 1541 397 1594 et
411 1529 608 1614 AEthiopum
622 1531 752 1614 penitus
769 1529 810 1592 de
825 1530 988 1593 montibus
1004 1529 1077 1595 altis

198 1633 343 1710 Crescat,
358 1633 415 1696 ubi
429 1633 463 1695 in
477 1654 608 1716 campos
624 1631 714 1696 albas
729 1632 929 1697 descendere
943 1633 1092 1718 ningueis

196 1734 355 1799 Tabificis
372 1734 493 1818 subigit
507 1734 606 1797 radiis
620 1734 677 1798 Sol
691 1735 797 1798 omnia
810 1732 963 1798 lustrans.

241 1835 342 1900 Nunc
353 1858 426 1920 age,
441 1834 573 1899 Averna
583 1836 643 1899 tibi
654 1859 728 1920 quae
738 1836 802 1900 sint
816 1835 888 1900 loca
897 1858 1035 1921 cumque
1050 1837 1217 1924 lacusque,

198 1938 395 2023 Expediam,
412 1937 499 2022 quali
515 1948 632 2001 natura
646 1939 785 2022 praedita
800 1948 960 2002 constent.

133 2051 181 2102 740
240 2039 415 2124 Principi0,
431 2041 521 2124 quod
539 2039 670 2104 Averna
684 2049 852 2116 vocantur,
869 2062 986 2106 nomen
1000 2043 1034 2105 id
1050 2045 1092 2107 ab
1108 2067 1143 2108 re
1191 2087 1194 2094 -

197 2141 389 2224 Impositum
404 2142 454 2216 'st‚
470 2142 547 2225 quia
560 2151 635 2205 sunt
650 2140 777 2205 Avibus
794 2142 956 2204 contraria
971 2145 1107 2220 cunctis,

199 2243 229 2305 E
245 2243 377 2326 regione
392 2265 431 2306 ea
446 2243 536 2326 quod
551 2241 623 2306 loca
639 2264 711 2306 cum
726 2242 886 2304 advenere
903 2241 1062 2319 volantes,

202 2343 342 2428 Remigii
357 2343 467 2408 oblitae
481 2365 661 2427 pennarum
676 2341 748 2406 vela
762 2342 940 2421 remittunt,

147 2576 161 2628 7
164 2578 202 2625 26.
216 2579 273 2625 Ruit
289 2581 352 2626 intus
362 2576 467 2640 oretum]
481 2578 521 2627 Sic
538 2576 580 2626 lib.
595 2576 615 2626 1.
628 2592 650 2625 v.
684 2575 798 2634 salubria,
815 2576 850 2626 ita
865 2575 939 2628 noxia
955 2577 1102 2638 homiuibus,
1121 2577 1223 2644 aliisque

115 2643 170 2689 293.
206 2645 336 2695 Quamlibet
353 2647 378 2690 in
395 2651 485 2704 partem
503 2647 599 2691 trudunt
615 2659 652 2690 res
684 2642 849 2691 animantibus
859 2643 960 2701 semina,
977 2644 1101 2706 multaque
1113 2645 1223 2708 congerit

113 2715 175 2764 aute,
187 2717 316 2770 ruuntque.
345 2706 471 2770 Virgilius,
485 2710 590 2756 Cumulos
599 2724 651 2755 are·
685 2706 804 2781 exempla,
817 2707 904 2769 quibus
916 2709 987 2756 docet
998 2709 1128 2757 multarum
1140 2725 1222 2758 rerum

113 2787 150 2818 ac
162 2786 239 2829 ruere,
252 2782 277 2819 et
288 2775 385 2834 Spumus
395 2775 452 2820 tulis
463 2789 508 2820 oere
520 2772 630 2820 ruebant.
686 2771 783 2819 effluvra
799 2771 883 2820 multis
894 2775 966 2821 rebus
983 2773 1116 2821 insalubria
1132 2790 1185 2823 esse
1197 2783 1223 2822 et

148 2835 202 2885 730.
220 2840 364 2898 Aquilonum,
381 2835 438 2898 stc]
456 2839 593 2899 Aquilonum
606 2853 650 2883 uu·
683 2833 814 2884 mortifera
842 2837 891 2885 His
902 2837 1041 2902 propositis,
1053 2837 1158 2900 denique
1170 2854 1222 2886 rem

115 2903 170 2958 bila,
188 2901 275 2964 Fnyus,
294 2901 332 2948 vir
349 2901 375 2948 in
389 2916 471 2949 errore
487 2911 608 2956 constans,
627 2909 652 2949 et
683 2899 762 2963 ipsam
798 2901 953 2964 aggreditur;
993 2912 1019 2949 et
1049 2902 1163 2966 primum,
1197 2919 1220 2950 r.

115 2965 156 3026 qui
169 2965 252 3013 eadem
264 2966 354 3013 chorda
366 2981 462 3030 semper
471 2966 568 3029 egregie
580 2966 649 3013 ober·
686 2966 722 3012 12.
757 2965 854 3028 Nempe
873 2981 904 3014 ex
924 2965 1030 3013 Auernis
1050 2975 1113 3014 teter
1131 2967 1222 3016 halitus

115 3041 160 3077 rat.
685 3029 798 3093 erumpit,
811 3046 859 3092 quo
875 3031 1060 3079 transvolaturae
1071 3045 1128 3078 aves
1140 3030 1222 3080 subito

148 3092 202 3144 737.
218 3093 323 3157 Subigit]
342 3094 420 3157 Cogit.
439 3094 565 3157 Virgilius,
583 3096 651 3142 Subi·
685 3094 772 3141 sfflstae
782 3103 884 3158 repente
894 3094 1023 3150 decidunt;
1041 3095 1119 3152 sel,v.
1131 3097 1168 3143 1⁰.
1181 3095 1221 3146 hic

113 3162 193 3221 gitque
206 3157 288 3221 fateri.
318 3159 435 3214 Lucilius,
454 3163 554 3207 Invitum
571 3162 652 3222 glebas
684 3158 776 3206 halitus
785 3173 916 3222 erumpens
927 3159 962 3206 ita
969 3167 1079 3206 attenuat
1089 3168 1114 3206 et
1122 3159 1223 3208 discutit

115 3222 214 3285 subigas
223 3225 368 3284 proscindere
379 3231 465 3271 aratro.
686 3225 773 3280 aerem,
779 3230 807 3269 ut
816 3238 874 3271 aves
881 3222 991 3271 solantes
999 3222 1025 3269 in
1037 3223 1080 3270 illo
1088 3224 1222 3271 sustentari

148 3286 203 3337 738.
221 3289 290 3334 Nunc
301 3303 351 3350 age,
368 3291 468 3344 Auerna,
481 3285 536 3348 etc]
555 3287 652 3333 Benefi·
686 3301 735 3333 non
752 3285 854 3349 possint,
867 3287 1007 3334 decidentes
1018 3296 1099 3335 autem
1115 3287 1141 3334 iu
1153 3287 1222 3336 inani

116 3367 172 3399 cum
192 3351 272 3398 Deum
284 3366 333 3398 non
345 3351 462 3414 agnoscit,
479 3350 568 3398 iratum
581 3360 654 3412 negat
686 3349 798 3412 protinus
828 3350 949 3414 expirant.
999 3350 1062 3398 Haec
1085 3350 1174 3410 omnia,
1197 3367 1220 3401 v.

118 3415 254 3471 Lucretius,
270 3423 295 3462 et
311 3423 339 3462 ut
353 3415 409 3463 coeli
426 3413 536 3476 atrisque
552 3414 653 3477 phaeno·
688 3415 741 3460 102.
1164 3449 1168 3454 .

117 3495 190 3527 mena
199 3479 255 3528 Diis
264 3478 371 3542 Superis,
383 3479 418 3526 ita
430 3479 504 3527 noxia
510 3477 619 3540 quaedam
629 3487 654 3526 et
719 3476 774 3536 740,
785 3477 842 3541 741.
858 3481 924 3531 Quod
939 3481 1032 3527 Averna
1049 3489 1164 3538 uocantur,
1181 3497 1221 3530 uo·

116 3543 143 3591 in
156 3543 227 3591 terris
235 3542 377 3591 admiranda
387 3543 442 3590 Diis
451 3543 563 3591 manibus
573 3542 652 3605 eripit.
686 3558 736 3589 meu
756 3545 782 3589 id
798 3546 828 3590 ab
846 3560 871 3591 re
890 3546 1022 3605 Impositum
1042 3544 1085 3607 bt]
1104 3544 1223 3609 Virgilius

119 3609 183 3656 Nam
206 3608 316 3670 quedam
337 3618 396 3656 sunt
417 3608 477 3665 loca,
500 3623 561 3669 quae,
584 3622 605 3655 v.
631 3609 653 3655 9.
687 3606 827 3655 Lucretium
844 3607 966 3655 imitatus:
995 3608 1052 3656 AEn.
1072 3607 1118 3657 v1.
1131 3625 1153 3658 r.
1167 3612 1222 3662 297.

117 3675 218 3720 Averna
236 3672 347 3729 dicimus,
365 3688 419 3734 quse
435 3673 520 3720 avibus
535 3672 651 3736 supervo·
687 3673 799 3732 Spelunca
805 3670 914 3732 ultafiut,
921 3681 1027 3735 vastoque
1036 3676 1140 3723 immunis
1148 3679 1222 3732 biatu,

116 3737 231 3794 lantibus,
244 3736 346 3799 aliisque
358 3737 510 3794 animalibus,
523 3752 576 3798 quae
592 3736 654 3784 forte
687 3738 795 3796 Scrupeo,
819 3744 870 3784 tuta
898 3739 949 3784 beu
971 3741 1044 3800 nigro,
1067 3755 1223 3804 nemorumque

116 3802 172 3851 illac
185 3800 333 3859 transierint,
345 3810 402 3849 sunt
414 3801 557 3865 perniciosa.
587 3801 655 3849 Talis
687 3804 799 3856 tmebriss
818 3805 892 3853 Quam
902 3818 970 3862 super
980 3805 1044 3850 baud
1053 3806 1107 3851 ulloe
1116 3812 1225 3865 poteraut

117 3876 155 3916 est
176 3867 245 3915 locus
266 3866 332 3929 apud
353 3866 450 3924 Cumas,
471 3882 493 3914 v.
514 3868 535 3913 2.
553 3865 579 3913 in
601 3865 655 3929 ipsa
687 3869 777 3926 impune
788 3868 888 3914 volantes
902 3868 1002 3914 Tendere
1013 3871 1058 3915 iter
1067 3871 1156 3928 pennis
1168 3872 1224 3917 tulis

119 3932 272 3981 Athenarum
284 3945 346 3988 arce,
360 3947 381 3979 v.
395 3929 416 3981 7.
429 3931 454 3978 in
468 3930 545 3994 Syria,
558 3947 579 3978 v.
593 3933 615 3977 4.
627 3929 654 3977 in
686 3947 733 3978 sese
749 3932 836 3978 balitus
846 3933 906 3978 atris
923 3933 1038 3979 Faucibus
1051 3933 1168 3992 effundens
1183 3950 1222 3980 su·

118 3997 206 4058 quibus
222 3995 282 4044 locis
298 3995 354 4042 atri
373 3994 440 4043 Ditis
453 3997 554 4056 januam
571 4003 655 4058 patere
685 4011 744 4056 pera
766 3997 798 4042 ad
819 4011 916 4043 cormac
936 3993 1047 4056 serebat5
1074 3998 1132 4045 Inde
1153 3999 1225 4044 brcuns

119 4060 222 4108 credidit
233 4061 328 4122 vulgus,
345 4059 427 4121 ibique
439 4060 532 4107 animas
547 4069 655 4107 mortuo·
691 4062 759 4107 Graii
770 4062 878 4107 dixerunt
886 4063 973 4107 nomine
986 4061 1119 4107 Avernum.

119 4139 175 4172 rum
194 4124 225 4172 sd
247 4125 342 4172 Inl'eros
361 4135 385 4173 et
404 4140 480 4187 regna
499 4125 657 4172 subterranea
722 4123 777 4173 743.
787 4122 900 4187 Remigii]
912 4123 1039 4186 Virgilius,
1049 4123 1146 4184 aliique,
1155 4127 1224 4171 remi-

120 4188 274 4245 descendere,
292 4204 314 4236 v.
332 4191 355 4236 9.
390 4189 425 4236 Ut
441 4205 499 4236 vero
516 4189 565 4237 vim
583 4196 653 4236 natu·
686 4191 750 4251 giam
764 4193 872 4244 alarum
889 4188 981 4252 quippe
991 4188 1037 4235 alis
1054 4197 1168 4248 tanquam
1183 4203 1223 4234 re-

120 4267 219 4316 rumque
230 4253 383 4301 Avernorum
392 4253 532 4302 distinctius
541 4253 654 4316 explicet,
688 4252 734 4300 mis
761 4255 841 4300 a'e'rern
869 4261 953 4301 secant
977 4252 1092 4300 volucres.
1137 4251 1227 4300 Nautae

121 4332 143 4363 v.
157 4318 195 4364 49.
208 4327 291 4364 monet
301 4326 389 4365 terram
400 4318 525 4367 continere
534 4317 619 4375 multa,
628 4328 656 4365 ut
688 4326 770 4365 autem
777 4316 804 4365 in
814 4326 912 4379 portum
921 4316 1087 4371 succedentes,
1097 4329 1142 4362 nec
1151 4315 1226 4366 retnis
