2872 4852
212 238 287 308 'idib
608 246 650 310 T.
680 245 949 327 LUCRETJI

309 405 462 487 Improba
477 403 595 486 navigii
610 404 692 467 ratio
707 414 776 467 tum
791 425 878 468 oaeca
888 405 1031 488 jacebat.

235 523 298 569 10⁰5
310 510 398 574 Tum
415 506 567 571 Paenuria
583 505 703 569 deinde
720 505 794 582 cibi,
809 504 998 589 languentia
1012 505 1102 571 letho

309 611 462 675 Membra
475 608 595 671 dabat:
619 616 732 671 contra
746 628 833 670 nunc
847 629 956 670 rerum
973 606 1078 691 Copia
1093 620 1223 673 mersat.

309 712 360 776 Illi
375 711 598 794 imprudentes
613 709 676 792 ipsi
692 709 753 773 sibi
769 731 856 793 saepe
874 709 1047 775 Venenum

308 813 519 896 Vergebant:
543 832 630 874 nunc
645 810 725 873 dant
740 809 809 874 aliis
825 808 987 874 sollertius
1001 812 1075 895 ipsi.

352 914 434 978 lude
451 912 553 976 Casas
568 922 752 997 postquam,
766 934 804 977 ac
820 912 952 991 Pelleis,
968 913 1147 998 ignemque
1162 914 1334 999 perierunt,

234 1029 296 1077 loto
309 1017 357 1081 Et
371 1014 494 1081 Mulier
508 1014 681 1098 conjuncta
695 1012 779 1078 Viro
794 1016 955 1080 concessit
969 1015 1003 1078 in
1017 1038 1137 1096 unum3

308 1118 472 1201 Castaque
486 1116 621 1200 privatae
636 1114 778 1180 Veneris
791 1117 953 1180 connubia
967 1116 1043 1180 laeta

308 1219 449 1304 Cognita
464 1227 550 1293 sunt,
566 1215 761 1300 Prolemque
776 1240 819 1282 ex
834 1239 869 1282 se
884 1219 995 1282 videre
1012 1228 1172 1283 creatam:

307 1320 395 1384 Tum
409 1340 514 1403 genua
528 1317 717 1381 Humanum
732 1318 870 1401 primum
885 1317 1073 1384 mollescere
1088 1322 1199 1405 coepit.

308 1422 397 1507 Ignis
409 1421 492 1485 enim
509 1420 644 1493 curavit,
659 1429 697 1482 ut
711 1418 791 1482 alsia
806 1442 946 1504 corpora
960 1420 1064 1505 frigus

234 1538 296 1585 101⁵
307 1525 386 1589 Non
400 1525 445 1587 ita
456 1523 525 1607 jam
539 1531 675 1606 possent
689 1521 765 1586 coeli
779 1523 840 1586 sub
856 1524 996 1606 tegmine
1011 1523 1114 1587 ferre:

307 1626 354 1690 Et
370 1627 486 1690 Venus
500 1624 656 1687 imminuit
671 1621 778 1701 vireis,
796 1623 960 1708 Puerique
975 1639 1146 1709 parentum

306 1728 479 1792 Blanditiis
493 1726 586 1790 facile
600 1727 764 1810 ingenium
778 1726 909 1811 fregere
924 1729 1112 1812 superbum.

306 1829 403 1894 Tunc
416 1839 452 1892 et
467 1829 637 1892 amicitiam
651 1840 824 1912 coeperunt
835 1830 975 1914 jungere
989 1829 1151 1894 habentes

307 1931 459 1995 Finitima
472 1930 558 1994 inter
573 1951 619 2006 se,
634 1951 695 1995 nec
708 1929 841 2010 laedere,
857 1954 918 1996 nec
931 1932 1070 1997 violare:

233 2047 295 2093 1020
308 2035 355 2098 Et
369 2055 490 2118 pueros
506 2031 785 2111 commendarunt,
800 2033 1024 2117 muliebreque
1040 2033 1172 2098 saeclum

306 2137 466 2212 Vocibus,
482 2144 516 2198 et
532 2144 641 2217 gestu,
655 2155 729 2198 eum
744 2132 841 2199 balbe
858 2134 1091 2219 significarent,

307 2237 545 2303 imbecillorum
560 2257 633 2300 esse
649 2259 779 2320 aequum
792 2238 975 2302 misererier
990 2239 1143 2302 omnium.

305 2342 385 2405 Non
400 2350 508 2403 tamen
522 2337 714 2402 omnimodis
729 2348 859 2422 poterat
874 2340 1048 2403 concordia
1063 2340 1173 2424 gignis

306 2442 374 2507 Sed
388 2443 486 2519 bona,
500 2460 683 2524 magnaque
696 2462 774 2523 pars
787 2442 962 2505 servabant
977 2440 1104 2505 foedera
1117 2442 1219 2506 castis

232 2558 293 2606 1025
306 2544 377 2609 Aut
393 2566 497 2628 genus
513 2541 702 2607 Humanum
712 2543 781 2625 jam
795 2552 865 2605 tum
879 2541 965 2606 foret
979 2565 1073 2607 omne
1090 2553 1308 2628 peremptum,

305 2647 380 2711 Nec
396 2646 558 2730 potuisset
573 2642 682 2707 adhuc
695 2644 877 2727 perducere
892 2643 989 2708 saecla
1003 2666 1163 2730 propago.

347 2747 396 2811 At
410 2748 516 2811 varios
530 2745 650 2831 linguae
667 2745 801 2810 Sonitus
815 2746 947 2811 Natura
962 2748 1092 2831 subegit

253 2966 322 3012 1⁰08.
335 2961 477 3026 Vergebaat]
486 2963 662 3012 infundebant:
680 2964 753 3012 Plau-
788 2965 892 3028 pellibus
908 2973 994 3013 contra
1007 2965 1070 3014 Coeli
1086 2963 1269 3012 inclementiam
1280 2964 1329 3022 usi,

219 3039 258 3077 tus
275 3028 302 3076 in
322 3028 419 3077 Cuicul.
436 3038 482 3076 act.
502 3028 523 3076 l.
542 3044 575 3076 sc.
591 3030 613 3075 2.
631 3028 672 3076 lib.
690 3029 753 3077 Xll.
788 3041 813 3077 et
824 3039 880 3094 post
890 3046 917 3078 re
937 3039 1016 3078 ertum
1027 3030 1111 3093 iguem
1122 3029 1156 3077 ita
1168 3038 1238 3076 erant
1249 3029 1327 3076 emol-

218 3096 341 3156 Inoergere
349 3096 373 3140 in
385 3109 418 3141 me
431 3095 529 3154 liquores
538 3100 587 3140 taos
596 3095 651 3140 Sino
660 3096 753 3141 ductim.
786 3093 833 3151 liti,
845 3104 873 3142 ut
880 3046 970 3141 fulera
981 3103 1006 3142 et
1017 3093 1148 3143 amicitiam
1157 3092 1227 3150 inire,
1240 3108 1255 3140 a
1266 3093 1291 3140 vi
1303 3102 1330 3140 et

218 3157 345 3221 Virgilius,
355 3157 412 3205 AEn.
423 3158 470 3206 Vl.
480 3173 503 3205 v.
514 3158 569 3204 244.
580 3160 705 3220 montique
716 3162 752 3205 in·
787 3158 884 3221 iniuriis
898 3158 1020 3206 abstinere
1037 3158 1202 3207 necessarium
1218 3157 1289 3214 foret,
1306 3157 1329 3206 si

217 3227 292 3286 vergit
302 3226 356 3271 vino
368 3225 484 3272 Sacerdos.
509 3224 607 3284 Vergere
619 3235 708 3281 autem,
718 3231 755 3270 est
787 3222 835 3287 ipsi
847 3223 909 3271 salvi
921 3239 974 3271 esse
986 3223 1092 3278 vellent,
1108 3223 1143 3270 ita
1157 3222 1256 3270 tandem
1266 3237 1327 3269 con-

217 3303 335 3336 conversa
350 3287 377 3336 in
388 3286 511 3336 sinistram
523 3295 618 3350 partem
630 3303 704 3335 mauu
720 3287 756 3334 ita
788 3287 871 3335 cordia
887 3297 1057 3336 conservatum
1071 3296 1112 3335 est
1129 3287 1265 3334 humanum
1283 3301 1328 3349 ge·

216 3352 319 3400 fundere
331 3363 359 3400 ut
374 3363 459 3416 patera
471 3362 634 3409 convertatur,
647 3352 712 3414 quod
728 3350 754 3399 in
788 3368 850 3400 nus:
868 3368 890 3399 v.
906 3353 942 3399 18.

217 3416 321 3464 infernis
336 3417 411 3465 sacris
424 3417 465 3465 fit:
485 3419 585 3465 &rutra
622 3417 681 3465 ldeo
698 3415 755 3464 huic
823 3418 891 3464 1014.
906 3419 973 3464 Atria
984 3414 1092 3478 empore]
1104 3415 1167 3463 Sunt
1178 3424 1260 3463 autem
1272 3417 1329 3463 abii

217 3479 271 3528 loco
282 3497 331 3529 vox
341 3481 389 3529 ista
400 3481 461 3529 mire
473 3481 595 3530 convenit.
786 3491 812 3529 et
822 3484 908 3537 obieri,
920 3480 962 3542 qui
974 3480 1051 3542 frigus
1067 3480 1131 3528 ferre
1148 3494 1197 3526 non
1213 3489 1326 3543 possunt

251 3546 321 3593 1009.
330 3545 388 3593 Inde
401 3548 473 3594 Gerar
482 3553 609 3608 postquam,
617 3543 675 3607 eta]
685 3545 752 3592 Hac·
787 3546 873 3603 Varro,
890 3545 931 3593 lib.
950 3545 986 3592 11.
999 3545 1030 3592 de
1042 3559 1069 3592 re
1082 3543 1181 3601 rustica,
1193 3559 1245 3607 cap
1260 3546 1281 3591 8.
1295 3543 1327 3592 de

218 3616 290 3656 tenus
307 3609 419 3658 homines
437 3609 531 3666 efferos,
549 3624 594 3672 per
611 3609 692 3673 sylvas
711 3623 753 3656 va·
787 3609 874 3672 sepiis.
904 3613 1135 3672 statuunturpecm
1146 3611 1279 3666 meliduni
1288 3611 1326 3656 la·-

216 3680 310 3734 gantes,
340 3682 367 3720 et
396 3682 468 3736 rapto
498 3673 608 3721 viventes
639 3673 753 3720 vidimus.
789 3677 867 3721 bernar
879 3682 970 3721 exortus
981 3678 1002 3721 ri
1018 3682 1114 3735 spectu,
1130 3676 1191 3736 quod
1204 3672 1325 3722 ertalsio·

217 3734 269 3782 Alii
278 3737 330 3796 jam
340 3735 367 3784 in
374 3751 474 3784 scenam
483 3737 613 3801 prodeunt,
625 3735 754 3794 marimeti,
787 3754 841 3786 sum
851 3755 857 3784 ε
876 3738 1010 3785 Lambinus.

217 3799 486 3857 mireaeteivilisritoe
495 3801 613 3849 studiosi:
629 3801 755 3848 nonenim
822 3804 891 3850 1021.
915 3801 1003 3864 Balbe]
1025 3802 1124 3867 Quippe
1147 3801 1188 3865 qui
1216 3802 1327 3850 nondum

217 3865 332 3912 mnebat
346 3863 402 3922 ista,
414 3879 468 3925 quae
483 3864 510 3912 in
521 3879 587 3913 novo
597 3864 690 3912 mundo
701 3865 754 3923 luit,
786 3866 901 3930 expedite
914 3867 981 3929 loqui
992 3865 1142 3924 didicissent,
1154 3881 1266 3915 mone
1277 3867 1326 3915 rni-

217 3927 280 3978 aeris
291 3927 429 3992 temperies,
438 3928 483 3975 sed
492 3929 564 3976 modo
571 3929 661 3976 durum
671 3929 754 3992 frigus,
787 3931 854 3980 nime
865 3931 944 3980 adhuc
955 3932 1103 3980 constituto:
1122 3934 1207 3980 Faber.

216 3993 290 4042 ruodo
300 3991 391 4040 nimius
402 3991 474 4049 calor,
486 3992 600 4055 procelle
611 4000 636 4041 et
646 4001 753 4057 tempes-
822 3997 891 4047 1027.
909 4001 943 4044 At
958 4001 1034 4044 varios
1054 3999 1139 4059 lingua
1156 3999 1255 4054 Sosim,
1267 3995 1326 4058 etia]

217 4066 280 4108 tetes
296 4056 449 4120 affligebam:
466 4056 524 4104 iude
539 4057 657 4119 paulatim
672 4057 755 4107 iractae
788 4061 836 4108 Sed
853 4076 904 4123 quo
921 4061 995 4108 ruodo
1012 4061 1105 4108 ioedera
1126 4061 1192 4108 inter
1213 4059 1327 4110 homines

217 4123 319 4172 immin
335 4121 413 4177 vireu
430 4120 489 4169 inde
502 4121 586 4168 domos
602 4130 752 4181 struxerunt,
787 4125 894 4185 (mutum
913 4135 939 4172 et
956 4135 1029 4187 turpe
1051 4124 1148 4189 ρεουε),
1167 4124 1210 4187 qui
1233 4124 1326 4173 sentire

218 4185 534 4250 qulbuseetecontinentes
549 4184 645 4248 privata
656 4185 753 4236 Venere
786 4189 867 4236 forsan
889 4196 1030 4252 potuerunt,
1057 4198 1082 4235 at
1104 4205 1158 4251 quie
1185 4188 1327 4238 sentiebant

218 4252 392 4310 utehntumt
402 4261 514 4299 natorum
526 4249 651 4300 blanditiis
663 4253 753 4300 nemeti
787 4253 854 4300 effari
871 4253 980 4300 nondum
996 4250 1151 4301 didicerant?
1181 4253 1327 4319 Respondet

217 4316 428 4371 mansuetudinem
460 4315 601 4364 induebant
657 4315 754 4364 Deinde
788 4317 923 4374 Lucretius,
947 4315 1058 4364 homines
1078 4317 1138 4367 istos
1160 4319 1253 4382 primos
1272 4331 1326 4368 sue
