2872 4852
494 217 664 284 LIBER
694 216 915 282 PRIMUS.

235 378 335 444 Airis
352 401 370 443 e
385 376 492 441 Terra
505 397 558 440 res
573 375 695 439 omneis
711 395 870 450 crescere,
886 371 1011 457 ulique3

171 494 219 541 805
239 482 296 559 Et,
313 482 374 545 nisi
389 488 565 563 tempestas
580 477 728 562 indulget
743 487 888 560 tempore
904 474 1012 539 fausto

235 584 411 659 Imbribus,
427 591 461 647 et
475 582 551 645 tabe
567 580 749 643 nimborum
763 578 898 643 arbusta
912 575 1080 653 vacillant3

236 686 357 770 Solque
373 707 433 748 sua
447 705 508 768 pro
522 693 616 767 parte
632 682 732 759 fovet,
748 680 927 764 tribuitque
942 679 1098 744 calorem:

234 789 392 854 Crescere
407 808 472 851 non
486 795 625 870 possunt
639 783 778 869 Fruges,
794 782 953 859 Arbusta,
970 784 1173 847 Animantes.

236 891 383 968 Scilicet3
407 898 441 954 et
456 889 518 951 nisi
532 908 592 951 nos
608 886 710 951 Cibus
726 885 863 962 AriduS,
879 895 913 948 et
928 895 1020 948 tener
1035 882 1166 947 Humor

170 1007 218 1054 810
236 993 394 1077 Adjuvet,
411 990 528 1054 amisso
538 989 607 1073 jam
622 1009 771 1073 corpore,
788 989 854 1051 vita
868 1008 999 1071 quoque
1015 986 1117 1049 omnis

236 1096 398 1160 Omnibus
413 1115 432 1156 e
447 1092 553 1156 nervis
569 1101 666 1175 atque
682 1091 811 1154 ossibus
827 1087 1031 1165 exsolvatur;

235 1196 435 1282 Adjutemur
447 1193 531 1258 enim
548 1193 649 1257 dubio
663 1192 789 1277 procul,
805 1179 907 1277 atque
919 1191 1033 1255 alimur
1048 1213 1107 1254 nos

235 1299 342 1364 Certis
357 1298 399 1361 ab
415 1296 525 1373 rebus,
541 1294 638 1358 certis
653 1291 725 1357 aliae
740 1304 838 1377 atque
852 1291 923 1356 uliae
937 1315 1009 1357 res:

235 1400 398 1463 Nimirum
412 1397 488 1480 quia
501 1394 602 1459 multa
615 1395 719 1460 modis
735 1396 916 1460 communia
929 1394 1037 1459 multis

172 1516 219 1562 ⁸15
237 1499 418 1566 Multarum
434 1519 543 1562 rerum
556 1498 590 1560 in
606 1495 704 1561 rebus
720 1487 904 1561 Primordia
917 1497 1012 1560 miste

236 1604 332 1680 Sunt,
348 1602 422 1665 ideo
437 1599 533 1663 variis
548 1599 645 1663 variae
659 1620 712 1663 res
727 1600 827 1662 rebus
843 1598 984 1664 aluntur.

234 1703 348 1788 Atque
363 1703 477 1766 eadem
493 1701 602 1785 magni
617 1700 717 1765 refert
732 1700 916 1765 Primordia
930 1723 1019 1785 saepe

235 1808 319 1872 Cum
334 1806 464 1890 quibus,
481 1814 515 1868 et
530 1801 617 1887 quali
632 1804 780 1889 positure
793 1805 1037 1881 contineantur3
1094 1841 1096 1846 =

235 1909 378 1994 thuos
394 1909 479 1971 inter
494 1928 529 1970 se
546 1907 624 1971 dent
639 1918 758 1985 motus,
774 1907 1010 1991 accipiantque.

171 2012 385 2095 nouamque
400 2010 515 2074 eadem
530 2008 670 2087 Coelum,
686 2008 794 2087 Mare,
810 2009 944 2086 Terras,
961 2006 1121 2086 Flumine,
1138 2008 1247 2072 Solem

234 2113 464 2187 Constituunt3
488 2110 602 2175 eadem
619 2108 757 2194 Fruges,
774 2109 934 2187 Arbusta,
951 2109 1172 2175 Animauteis:
1220 2127 1224 2133 '

234 2214 360 2280 Verum
375 2212 456 2289 aliis,
471 2212 599 2296 alioque
610 2212 708 2276 modo
724 2213 890 2276 commista
906 2223 1085 2277 moventur.

280 2315 370 2388 Quin
386 2317 482 2379 etiarn
496 2315 617 2399 passim
631 2315 751 2377 nostris
767 2315 800 2377 in
816 2313 978 2376 Versibus
993 2314 1073 2397 ipsis

237 2416 346 2481 Multa
358 2416 531 2480 Elementa
546 2415 636 2479 vides
651 2413 760 2478 multis
777 2416 956 2479 communia
971 2415 1079 2479 verbis
1091 2441 1098 2490 ;

171 2532 218 2578 825
236 2518 318 2584 Cum
335 2529 442 2583 tamen
456 2519 542 2582 inter
556 2540 591 2581 se
607 2516 747 2594 VersuS,
762 2538 801 2581 ao
816 2518 927 2594 verba,
944 2539 1077 2583 necesse
1091 2517 1132 2581 ’st

238 2621 435 2698 Confiteare,
452 2630 486 2684 et
500 2641 547 2697 re,
564 2630 597 2684 et
613 2620 720 2684 sonitu
736 2621 859 2684 distare
875 2621 1015 2684 sonanti:

237 2722 382 2788 Tantum
398 2722 570 2787 Elementa
585 2732 710 2807 queunt
724 2731 909 2806 permutato
921 2723 1035 2787 ordine
1051 2720 1129 2786 solo.

237 2824 285 2891 At
296 2848 405 2890 rerum
419 2845 494 2909 quae
509 2834 585 2888 sunt
600 2823 794 2900 Primordia,
811 2822 906 2908 plura
920 2823 1077 2889 adhibere

150 3001 212 3056 Quae
221 3001 287 3049 enim
296 3002 409 3050 nutriunt
418 3017 467 3050 non
476 3000 608 3050 suntillico
616 3000 688 3049 Prin-
723 2999 817 3048 Cicero.
850 3000 900 3048 Pro
920 3017 1019 3063 corpore,
1039 3001 1067 3049 B.
1087 3000 1186 3050 exbibet
1204 3009 1260 3050 terr-

150 3064 222 3129 cipia,
235 3067 279 3114 sed
289 3066 332 3114 illa
342 3066 425 3130 potius
436 3081 468 3114 ex
481 3065 569 3129 quibus
584 3065 639 3140 ipsa
654 3065 690 3113 sic
719 3081 783 3125 pere.

151 3140 315 3179 contexuntur
326 3142 354 3180 ut
364 3132 438 3180 rebus
450 3131 566 3179 alimento
577 3138 633 3178 tunt
756 3130 811 3176 823.
833 3131 893 3181 Quin
902 3132 972 3178 etlam
981 3133 1075 3192 parom,
1087 3130 1144 3193 etc]
1158 3131 1203 3189 Ea,
1214 3146 1262 3192 qua

185 3196 241 3243 806.
260 3195 334 3258 Tabe]
352 3197 391 3243 Ita
408 3195 525 3244 Priscian.
556 3197 631 3242 Tabes
646 3208 690 3242 en·
723 3207 788 3256 saepe
804 3192 889 3252 utitur,
907 3193 1074 3253 similitudine,
1086 3210 1109 3243 v.
1123 3194 1145 3245 7.
1163 3203 1262 3243 senteu-

152 3267 201 3307 tem
208 3263 277 3320 fluor,
290 3268 333 3308 aut
344 3257 474 3322 liquefactio
481 3279 489 3314 ,·
506 3259 564 3307 inde
577 3261 654 3306 tabere
666 3267 691 3304 et
723 3257 782 3304 tiam
802 3271 871 3305 suam
894 3259 991 3321 egregie
1013 3258 1126 3307 illustret.
1163 3259 1263 3307 Eoedem

153 3327 275 3382 tabescere,
293 3325 403 3372 diffluere
417 3323 456 3371 vel
472 3323 558 3371 minui.
589 3323 619 3370 ln
637 3322 689 3369 nn·
722 3320 801 3368 literae
824 3319 892 3368 vario
915 3331 1010 3369 tantum
1031 3321 1117 3369 ordine
1139 3322 1164 3370 di
1223 3322 1264 3371 itae

152 3388 283 3436 dromache
301 3388 385 3445 Ennii,
405 3390 468 3439 Quid
477 3390 528 3447 fit?
550 3389 637 3434 Seditto
654 3393 690 3433 ta·
724 3384 853 3432 innumera
873 3394 1024 3449 componunt
1041 3386 1115 3435 verba
1134 3395 1160 3435 et
1187 3402 1262 3447 orma,

154 3455 226 3509 betae,
239 3467 381 3500 annumeres
392 3454 581 3513 oegtteatauoe?
605 3449 691 3497 Faber.
725 3457 751 3495 et
762 3463 822 3495 sono
835 3447 968 3511 plurimum
984 3449 1096 3499 diversa:
1114 3451 1172 3515 quid
1188 3451 1265 3516 igitur

154 3515 181 3563 Si
198 3517 250 3564 hoec
268 3531 318 3563 non
337 3516 457 3580 placeant,
476 3515 569 3577 Fayum
588 3514 650 3576 lege,
668 3520 693 3560 et
725 3511 866 3560 dubitemus
887 3512 973 3561 eadem
994 3514 1095 3574 semina,
1118 3533 1172 3579 quae
1191 3517 1264 3581 longe

154 3580 452 3644 egregiumlnterpretem
460 3578 624 3627 admirabere:
639 3577 692 3639 qui·
725 3576 796 3640 plura
813 3591 886 3639 quem
902 3576 980 3626 literae
1000 3588 1064 3638 sunt,
1082 3596 1137 3644 quae
1156 3580 1265 3632 diversas

153 3646 210 3693 dam
227 3645 314 3708 legunt
323 3643 424 3708 socitlct,
445 3659 499 3707 que
516 3656 564 3691 vox
584 3641 694 3691 Lucretii
725 3641 800 3689 etiam
816 3642 908 3690 babent
927 3643 1025 3706 figuras,-
1043 3645 1137 3708 Ignem,
1155 3646 1265 3706 Terram,

153 3710 282 3759 sententiae
292 3725 342 3758 non
354 3709 459 3758 absurde
469 3707 590 3756 convenit
726 3707 837 3769 Aquam
854 3721 952 3755 omnem
968 3709 1073 3772 denique
1089 3725 1171 3759 rerum
1184 3712 1264 3761 verie-

187 3777 242 3823 808.
260 3774 326 3837 Non]
344 3777 392 3832 Uti,
405 3773 493 3837 Feyus,
505 3772 546 3835 qui
555 3772 605 3820 vim
618 3781 643 3821 et
654 3787 692 3819 ar·
725 3779 800 3819 tatem
812 3786 884 3835 posse
895 3773 1062 3822 constitueret
1148 3817 1151 3823 .

153 3849 270 3904 gemente
287 3840 369 3887 Po'e'tae
385 3837 477 3902 optime
494 3837 623 3886 intellexit.
656 3839 694 3884 Ne
760 3836 814 3883 826.
833 3837 1048 3900 Sonitu-sonanti]
1068 3839 1185 3888 iteneris
1203 3846 1263 3889 arri·

153 3920 199 3970 pro
210 3923 254 3953 non
266 3921 279 3953 e
290 3904 360 3952 codd.
372 3903 493 3951 Gifnnius.
726 3904 915 3963 montanamque
922 3905 1077 3964 pulchritudo,
1085 3921 1146 3953 eauae
1155 3922 1264 3962 caum,

153 3992 156 3997 ·
188 3971 243 4018 810.
266 3973 356 4018 Amisso
370 3969 424 4030 jam
444 3965 548 4029 corpore]
569 3965 692 4021 Quemad-
727 3974 769 4014 ete.

154 4035 254 4083 modum
265 4032 472 4097 dicebantsncere
483 4048 570 4094 eorpus,
579 4031 615 4079 uti
628 4029 693 4094 apud
726 4065 729 4070 -
759 4032 815 4089 828,
821 4032 876 4079 829.
891 4034 967 4079 Plura
973 4035 1082 4081 adbibere
1089 4031 1200 4096 Pereunt]
1210 4033 1265 4080 Ali·

155 4094 663 4163 PhaedrumoptimnmetpurissimumScri
682 4121 693 4132 ·
727 4095 824 4157 quando
841 4094 897 4158 legi,
915 4098 1056 4145 Possumus:
1077 4097 1120 4145 sed
1132 4099 1183 4158 jam
1204 4096 1265 4144 nihil

155 4172 247 4220 torem;
265 4164 300 4211 itu
312 4172 337 4211 et
348 4162 417 4211 illum
430 4178 511 4224 corpur
528 4160 639 4209 amittere
656 4111 693 4208 di-
727 4169 804 4218 muto,
816 4160 954 4209 admonitus
966 4177 988 4208 v.
1003 4160 1033 4210 77
1035 4163 1056 4209 8.
1089 4164 1124 4208 At
1135 4163 1267 4208 Primordia

155 4229 243 4275 oebant
253 4228 292 4276 eui
308 4244 394 4276 succus
411 4226 521 4290 corporis
536 4224 628 4282 defluit,
641 4221 694 4286 φθί-
725 4227 852 4287 mundis
863 4228 888 4271 tn
897 4228 964 4274 rebus
975 4233 1063 4287 oportet
1073 4227 1191 4272 Naturam
1202 4227 1265 4273 clan-

156 4308 229 4350 verm,
246 4291 351 4349 τήκεται.
389 4295 455 4341 Vires
475 4299 500 4340 et
519 4306 600 4352 corpus
620 4291 695 4346 amisi,
728 4292 847 4347 destinam,
860 4305 985 4352 rerumque
996 4291 1112 4337 adbibere.
