2872 4852
147 263 187 327 10
526 253 568 319 Τ.
601 251 874 317 LUCRETII

232 416 383 480 Numan
400 432 471 476 unu
488 431 509 475 a
525 431 646 475 ummo
664 430 762 474 oraru
779 427 954 472 mvlrurus
970 427 1126 476 uuonan.

234 518 368 601 Quippe
382 516 428 580 ita
443 514 582 578 formido
598 511 769 577 Mortaleis
785 511 930 575 continet
945 512 1078 588 omneis,

234 620 335 694 Quod
350 617 451 683 multa
464 619 498 681 in
513 616 628 681 Terris
643 615 726 692 fieri,
743 613 902 698 Coeloque
917 623 1061 692 tuentur,

236 723 386 797 Quorum
402 742 538 805 operum
554 741 669 784 causas
684 716 772 781 nulla
787 718 912 780 ratione
928 717 1050 794 videre,

172 839 218 885 155
237 825 396 901 Possunt,
412 846 450 887 ac
465 822 537 886 fieri
553 821 662 885 divino
677 820 821 883 Numine
836 829 961 882 rentur.

237 928 330 1002 Quas
346 928 388 991 ob
404 949 468 1003 res,
486 926 543 989 ubi
557 925 742 1000 viderimus,
759 921 804 986 nil
819 945 917 1006 posse
932 922 1036 986 creari

237 1031 292 1094 De
307 1028 419 1105 nihilo,
435 1038 515 1104 tum,
531 1027 621 1110 quod
638 1026 813 1109 sequimur,
825 1025 894 1109 jam
908 1025 1029 1088 rectius
1044 1024 1121 1087 inde

238 1130 489 1215 Perspiciemus‚
506 1139 539 1192 et
553 1129 641 1191 unde
656 1137 755 1212 queat
769 1149 823 1190 res
838 1147 977 1210 quaeque
993 1125 1107 1200 creari,

239 1232 286 1296 Et
300 1256 366 1317 quo
381 1253 519 1316 quaeque
535 1230 633 1293 modo
647 1228 728 1292 fiant
743 1250 844 1312 opera
860 1228 928 1292 sine
944 1227 1077 1291 Divrim.

176 1347 222 1394 160
282 1335 371 1399 Nam
386 1335 413 1398 si
428 1335 470 1398 de
487 1331 601 1396 Nihilo
616 1330 744 1408 fierent,
761 1353 804 1394 ex
817 1331 958 1394 omnibu’
973 1332 1073 1395 rebus

240 1437 347 1502 Omne
363 1459 466 1522 genus
482 1436 572 1499 nasci
586 1443 717 1519 posset3
740 1432 786 1496 nil
801 1433 930 1498 Semine
945 1443 1075 1517 egeret:

240 1538 270 1603 E
287 1561 375 1603 mare
387 1540 525 1623 primum
538 1537 696 1614 homineS,
713 1558 732 1600 e
748 1546 835 1600 terra
849 1555 962 1619 posset
977 1536 1054 1599 oriri

241 1642 522 1725 Squammigerum
536 1661 652 1723 genus,
667 1649 701 1702 et
716 1636 882 1716 volucres3
906 1660 1076 1723 erumpere
1092 1638 1175 1703 coelo

240 1741 410 1819 Armenta,
428 1752 526 1825 atque
542 1740 613 1805 aliae
628 1740 784 1824 pecudes,
802 1761 904 1824 genus
921 1762 1015 1804 omne
1030 1739 1172 1805 ferarum

178 1857 224 1904 165
244 1845 374 1909 Incerto
389 1854 487 1928 partu
502 1842 599 1919 culta,
615 1864 653 1905 ac
668 1842 800 1906 deserta
815 1852 959 1907 teneret:

241 1947 316 2012 Nec
330 1946 456 2011 fructus
471 1946 569 2009 iidem
583 1945 756 2009 arboribus
772 1954 921 2009 constare
937 1945 1089 2022 solerent,

242 2049 310 2114 Sed
324 2058 545 2113 mutarentur:
568 2046 654 2112 ferre
671 2069 781 2110 omnes
798 2050 904 2112 omnia
918 2059 1063 2133 possent.

242 2151 388 2236 Quippe,
404 2151 461 2214 ubi
476 2173 542 2214 non
557 2158 668 2214 essent
682 2149 835 2233 genitalia
850 2149 997 2235 Corpora
1013 2152 1165 2235 quoique,

244 2253 313 2328 Qui
328 2240 440 2339 posset
455 2263 558 2318 mater
573 2254 672 2317 rebus
688 2253 866 2318 consistere
882 2256 994 2318 certat

91 2367 95 2374 “
179 2368 225 2421 170
245 2358 293 2424 At
307 2381 393 2422 nunc
410 2357 594 2422 Seminibus
611 2354 688 2440 quia
702 2357 799 2420 certis
816 2358 961 2441 quidque
976 2369 1117 2434 creatur,

242 2461 324 2525 Inde
340 2461 514 2534 enascitur,
531 2470 630 2543 atque
646 2481 720 2522 oras
737 2460 769 2521 in
783 2459 912 2523 luminis
929 2461 1008 2537 exit,

242 2561 401 2625 Materies
417 2562 475 2624 ubi
490 2562 574 2625 inest
589 2561 748 2644 cujusque
764 2570 798 2623 et
813 2559 961 2643 Corpora
976 2562 1098 2644 prima:

243 2660 356 2748 Atque
371 2661 433 2726 hac
448 2684 484 2726 re
499 2673 666 2746 nequeunt
680 2684 723 2725 ex
738 2663 886 2726 omnibus
902 2663 1008 2724 omnia
1023 2664 1123 2746 gigni,

244 2764 345 2837 Quod
361 2765 458 2828 certis
474 2765 507 2827 in
522 2766 621 2829 rebus
637 2767 722 2829 inest
738 2774 864 2828 secreta
878 2762 1026 2827 facultas.

181 2874 227 2927 175
289 2865 466 2943 Praeterea,
483 2888 542 2930 cur
557 2865 646 2932 Vere
662 2888 781 2943 rosam,
798 2864 960 2930 frumenta
976 2866 1103 2945 Calore,

191 3074 245 3121 152.
262 3074 315 3137 Ito]
333 3078 371 3134 Ut,
384 3075 413 3124 B.
767 3073 820 3125 171.
844 3075 982 3138 Enasciiur]
1004 3079 1124 3135 Nascitur,
1144 3077 1200 3124 Ms.
1221 3093 1280 3140 qim

191 3139 309 3203 151111]
328 3139 427 3198 uadis.
733 3155 780 3190 vox
796 3139 878 3188 forsan
895 3140 944 3188 illis
959 3151 1029 3204 grata
1045 3141 1099 3200 erit,
1118 3141 1160 3204 qui
1178 3141 1204 3190 in
1224 3143 1279 3193 Ve-

190 3204 244 3252 160.
264 3202 443 3266 Novaricia]
471 3201 581 3252 Primum
597 3204 643 3252 hoc
660 3219 699 3252 ar·
733 3214 813 3253 terum
828 3205 946 3254 Versibus
965 3206 1046 3256 hiatus
1064 3215 1183 3271 quaerunt,
1203 3216 1228 3255 et
1249 3224 1278 3258 a·

155 3278 308 3331 gumentum,
317 3271 475 3333 quoprobare
482 3278 584 3317 conatur
591 3271 699 3317 Niiiide
731 3281 806 3319 mant.

156 3335 238 3384 Nihilo
243 3338 306 3395 steri,
318 3334 426 3384 breviter
437 3333 560 3398 Epicurus
576 3333 602 3380 in
618 3333 698 3395 Epist
766 3334 819 3386 174.
846 3335 932 3398 Certis]
952 3336 1080 3386 Libentius
1099 3338 1145 3384 hoc
1164 3337 1218 3386 loco
1238 3338 1277 3387 le·

157 3398 189 3446 ad
203 3399 366 3458 Herodotum,
379 3397 448 3448 οὐδὲν
458 3396 551 3460 γίνεται
566 3399 593 3447 ἐκ
608 3399 652 3446 τοῦ
665 3398 699 3458 μὴ
731 3399 808 3463 gerim
818 3405 906 3449 cunctis
915 3417 986 3464 quam
995 3406 1072 3460 certis,
1083 3418 1130 3464 quo
1137 3417 1223 3450 versus
1232 3419 1278 3453 su·

158 3461 233 3520 limos,
242 3465 290 3512 πᾶν
298 3465 346 3528 γὰρ
355 3467 382 3514 ἐκ
389 3463 479 3514 παντὸς
487 3463 575 3524 ἐγίνετ’
582 3462 618 3521 dr,
626 3479 698 3525 σπερ·
732 3465 841 3529 periores
857 3467 984 3525 inducunt,
998 3476 1024 3515 et
1039 3467 1081 3516 ille
1097 3476 1187 3531 praeter
1203 3477 1278 3517 caete.

156 3524 239 3588 μάτων
259 3529 279 3576 δ’
299 3527 368 3578 οὐδὲν
389 3527 569 3592 προσδεόμενον.
610 3527 700 3576 Fusius
732 3545 779 3588 ros,
798 3535 873 3594 Atque
892 3535 935 3580 bac
953 3549 977 3580 re
995 3541 1154 3594 nequeuntes
1174 3536 1279 3584 omnibus

158 3591 240 3640 Poeta.
268 3593 294 3640 Si
305 3594 355 3642 Res
365 3594 395 3642 de
405 3594 490 3641 Nihilo
498 3593 699 3656 producerentur,
732 3599 806 3644 amaia
824 3600 899 3660 gigni.
934 3597 963 3644 Id
985 3599 1150 3659 quamobrem,
1168 3597 1277 3647 Lectori

157 3664 210 3704 tum
222 3656 348 3718 quodlibet
364 3674 395 3707 ex
411 3658 520 3720 quolibet
536 3658 648 3716 oriretur,
661 3673 699 3706 se·
736 3664 802 3712 Quod
812 3665 907 3719 cunctis,
918 3669 961 3709 eir.
992 3661 1078 3709 Iunuit
1091 3663 1157 3711 enim
1173 3662 1277 3713 faculta-

157 3720 224 3770 mine
237 3737 288 3770 non
304 3738 367 3785 opus
383 3731 461 3778 esset;
483 3722 526 3771 sed
543 3738 556 3770 e
573 3733 639 3772 terra
655 3723 699 3771 ho·
733 3734 783 3774 tem
805 3725 946 3774 distinctam
970 3733 995 3772 et
1017 3725 1155 3790 specificam
1177 3727 1203 3775 in
1226 3744 1278 3779 una

156 3784 244 3843 mines,
257 3802 270 3834 e
281 3788 344 3836 coelo
360 3787 440 3851 pisces
456 3787 610 3851 pecudesque
627 3787 699 3836 exili·
733 3790 818 3852 quavis
827 3805 854 3838 re
863 3805 930 3845 esser
948 3789 1014 3838 unde
1026 3806 1039 3838 e
1050 3791 1160 3841 caulibus
1167 3793 1276 3857 juglans,

156 3859 219 3907 rent,
240 3859 285 3899 etc.
321 3852 384 3900 Cum
404 3862 486 3900 autem
507 3852 632 3916 quodlibet
651 3867 701 3900 non
734 3869 765 3902 ex
786 3854 896 3902 Homine
919 3855 978 3913 Leo,
999 3863 1046 3904 etc.
1066 3872 1116 3905 non
1139 3867 1276 3908 enascatur.

158 3913 237 3963 oritur
257 3931 271 3963 e
291 3916 406 3978 quolibet,
425 3918 547 3980 certisque
567 3917 701 3966 seminibus
734 3921 818 3967 Faber.

158 3994 220 4042 opus
232 3979 270 4038 sit,
283 3990 350 4029 recte
361 3982 485 4031 concludit
496 3985 566 4031 Nutt
577 3985 604 4030 dc
620 3985 702 4031 Nihilo
770 3982 823 4034 175.
837 3986 961 4042 Praeterea,
972 4001 1021 4043 cur,
1030 3985 1086 4048 etc]
1098 3987 1173 4034 Modo
1183 4003 1214 4034 ex
1222 3987 1278 4052 ipsa

157 4045 267 4109 produci.
735 4063 817 4097 rerum
827 4048 929 4111 origine,
936 4051 1054 4111 jamvero
1066 4053 1153 4114 probat
1164 4067 1196 4099 ex
1207 4054 1279 4103 statis

151 4144 153 4148 »
192 4109 246 4158 168.
265 4112 366 4173 Corpora
375 4110 483 4174 quoique]
496 4114 587 4160 Semim
598 4116 700 4175 quoique,
735 4123 873 4176 temporum
886 4113 1011 4162 effectibus
1024 4117 1277 4178 NiiiIeNiiriIoJieri,

157 4175 229 4224 θυι.
735 4193 757 4226 v.
780 4180 816 4226 1⁰.
852 4179 902 4227 Cur
923 4179 990 4228 enim
1014 4181 1070 4228 Vere
1092 4190 1186 4230 tantum
1206 4198 1276 4242 rosae,

194 4239 247 4292 170.
267 4242 372 4302 Quidque
383 4240 487 4303 meatrcr]
505 4245 604 4304 Quaque
620 4259 700 4290 creaa-
734 4245 828 4290 AErtate
837 4243 926 4306 fruges,
934 4249 1051 4293 Autumno
1059 4261 1119 4304 uvae,
1129 4256 1154 4294 et
1162 4263 1212 4295 non
1222 4250 1277 4311 Hy·

159 4311 205 4363 tar,
219 4305 247 4352 B.
260 4305 288 4354 C.
302 4305 348 4353 Na.
362 4314 407 4353 etc.
734 4323 788 4365 eme,
801 4306 903 4370 aliisque
920 4309 994 4359 etiam
1008 4310 1075 4357 Auni
1092 4311 1202 4375 partibus
1218 4328 1276 4376 pro·
