2872 4852
204 241 247 302 aa
349 314 355 319 ,
592 232 635 297 Τ.
662 231 957 300 nuenarii·

201 414 203 418 “
291 392 328 456 Si
344 392 407 456 cita
422 388 593 466 dissiliant,
609 411 725 472 nempe
741 395 798 453 aer
814 411 908 453 omne
923 409 1057 452 necesse
1073 387 1123 464 ’st,

291 494 381 558 Inter
393 515 531 577 corpora
546 492 634 576 quod
650 490 752 568 iuvat,
770 491 918 574 possidat
933 488 1058 552 lusus.

291 596 324 660 Is
340 618 450 679 porro,
466 595 611 679 quamvis
627 595 749 658 circum
764 593 981 658 celerantibus
996 593 1084 655 auris

292 697 456 773 Confluat,
472 696 561 760 haud
576 697 697 780 poterit
713 705 820 759 tamen
835 718 901 759 uno
917 706 1063 777 tempore
1079 703 1183 757 toturn

228 811 275 858 390
294 799 465 884 Complere
482 801 639 883 spatium:
661 821 736 862 narn
751 800 889 882 primurn
905 819 1067 881 quemque
1084 816 1216 860 necesse
1232 794 1272 857 ’st

294 902 446 985 Occupet
458 900 510 963 ille
524 900 640 977 locum,
656 901 775 964 deinde
792 901 897 962 omnia
911 899 1152 982 possideantur.

336 1003 437 1076 Quod
455 1004 481 1065 si
496 1002 580 1066 forte
596 1002 723 1086 aliquis,
740 1024 812 1066 cum
829 1001 978 1084 Corpora
992 1000 1173 1077 dissiluere,

293 1105 381 1169 Tum
396 1116 492 1190 putat
507 1106 540 1170 id
555 1105 638 1182 fieri,
654 1105 730 1189 quia
746 1127 781 1169 se
797 1104 996 1168 condenseat
1011 1107 1080 1178 a'er,

295 1207 413 1272 Errat:
437 1231 512 1271 narn
526 1207 678 1273 Vacuum
694 1217 762 1269 tum
777 1205 826 1283 fit,
840 1206 927 1289 quod
945 1205 1087 1268 nonfuit
1103 1214 1189 1280 ante,

229 1322 276 1368 395
296 1310 342 1373 Et
356 1309 502 1393 repletur
517 1311 605 1386 item,
621 1308 772 1374 Vacuun
788 1308 877 1391 quod
893 1308 1038 1371 constitit
1053 1316 1146 1383 ante;

292 1411 366 1476 Nec
382 1411 438 1475 tali
452 1413 577 1475 ratione
593 1421 703 1494 potest
717 1410 885 1474 denserier
899 1413 974 1486 aer,

291 1513 378 1590 Nec,
396 1516 423 1576 si
432 1516 500 1598 jam
514 1525 638 1598 posset,
656 1514 724 1576 sine
740 1511 846 1575 luant
861 1521 985 1595 posset,
1003 1511 1129 1594 opinor,

293 1616 337 1679 Se
352 1618 422 1699 ipse
438 1617 471 1679 in
487 1638 521 1680 se
538 1615 679 1691 trahere,
695 1624 728 1678 et
743 1615 865 1697 parteis
883 1613 1066 1678 conducere
1081 1613 1115 1675 in
1131 1633 1247 1674 unum:

294 1718 518 1801 Quapropter,
535 1717 679 1800 quamvis
696 1717 861 1780 causando
875 1714 975 1778 multa
991 1715 1137 1790 moreris,

229 1834 277 1879 400
293 1820 380 1883 Esse
395 1820 428 1881 in
442 1819 542 1882 rebus
559 1818 673 1881 Inane
689 1828 796 1881 tamen
811 1818 933 1882 fateare
949 1840 1083 1881 necesse
1099 1817 1156 1880 'st..

337 1919 510 2004 Multaque
525 1931 685 2004 praeterea
701 1920 759 1983 tibi
774 1942 908 2003 possum
923 1919 1203 1983 commemorando

208 2118 254 2164 que
267 2103 326 2151 satis
338 2103 424 2152 valido.
455 2104 481 2152 Si
492 2104 558 2152 enim
573 2105 621 2153 duo
638 2104 747 2168 Corpora
780 2102 886 2168 sponsio,
909 2105 1010 2152 Vennum
1029 2121 1072 2152 non
1090 2111 1132 2161 est,
1150 2105 1255 2166 qnoniam
1272 2104 1324 2150 Air

207 2167 281 2241 plana
293 2177 318 2215 et
329 2167 378 2216 lata
389 2178 541 2227 concurrant,
554 2170 682 2231 subitoque
695 2185 747 2216 ase
780 2172 937 2216 condensatur.
979 2168 1041 2222 Quis
1069 2176 1150 2216 autem
1178 2166 1321 2230 intelligat?

207 2232 313 2280 invicem
325 2232 453 2292 dissiliant,
471 2236 543 2282 Inane
560 2234 645 2289 fieret3
669 2233 748 2282 omnis
781 2233 889 2294 Ideoque
906 2234 972 2280 huno
989 2233 1070 2280 locum
1093 2232 1127 2280 ita
1151 2247 1238 2280 censeo
1260 2247 1321 2295 sup·

208 2297 274 2344 enim
283 2298 385 2346 materia
392 2299 422 2346 ab
429 2298 638 2362 istisCorporibus
646 2298 680 2346 ita
687 2315 746 2347 con·
779 2297 910 2361 plendum:
929 2298 992 2346 Cum
1006 2299 1054 2346 duo
1071 2297 1118 2346 ista
1135 2297 1244 2360 Corpora
1260 2312 1322 2344 con·

208 2362 362 2412 currentibus
385 2363 523 2412 elideretur.
560 2364 668 2426 Ideoque
690 2379 746 2427 spa·
780 2371 886 2419 currant,
896 2362 962 2410 inter
971 2378 1054 2410 eorum
1066 2361 1209 2426 superficies
1221 2362 1271 2409 Aer
1281 2360 1321 2409 in·

209 2427 269 2475 tium
286 2428 351 2489 quod
370 2428 435 2477 inter
454 2429 496 2477 illa
516 2429 662 2477 dissilienria
679 2437 748 2491 patet
780 2437 904 2491 terceptus
915 2428 1085 2484 condensatur,
1098 2425 1221 2474 salternin
1233 2441 1322 2490 super-

207 2492 287 2540 omnis
308 2494 423 2556 Corporis
444 2503 509 2541 esset
531 2494 659 2541 Vacuum:
689 2492 748 2554 quid
780 2492 890 2540 ficierum
898 2491 1042 2540 caritatibus
1051 2491 1201 2554 (nullaenim
1211 2491 1325 2554 Corpora

207 2557 417 2619 enimimpleretl
443 2559 500 2614 A'e'r,
519 2573 550 2605 an
569 2557 672 2605 materia
689 2558 746 2604 sub·
779 2557 886 2619 perfecte
897 2555 982 2619 plana)
995 2556 1070 2604 latet:
1088 2572 1144 2603 curn
1157 2571 1214 2604 vero
1227 2555 1322 2604 dissili-

207 2620 277 2668 tilist
304 2622 339 2669 At
357 2621 513 2682 quantumvis
533 2622 646 2678 celerem,
669 2637 745 2684 quan·
779 2630 822 2667 ant
839 2621 886 2668 ista
904 2623 1019 2683 Corpora,
1039 2621 1089 2668 Aer
1106 2620 1153 2668 iste
1168 2621 1323 2684 interceptus

207 2683 298 2731 tumvis
309 2684 423 2732 subtilem
435 2685 512 2747 fingas
524 2685 658 2742 materiam,
676 2688 748 2733 inane
779 2684 877 2738 rarefit;
895 2686 1050 2747 spatiumque
1061 2685 1126 2734 inter
1138 2685 1186 2733 duo
1197 2685 1245 2733 ista
1258 2687 1321 2734 Cor·

208 2757 290 2796 tamen
305 2763 402 2811 semper
419 2749 549 2811 relinques,
566 2765 622 2797 cum
640 2750 690 2797 Aer
706 2749 747 2797 ille
779 2764 840 2811 pora
852 2748 997 2797 dissilientia
1007 2760 1095 2812 patens
1111 2758 1214 2814 occupat
1230 2759 1255 2797 et
1272 2750 1322 2797 im-

209 2820 252 2860 aut
263 2812 365 2860 materia
378 2813 475 2861 subtilis
487 2828 536 2860 uno
548 2814 681 2875 eodemque
694 2830 745 2862 mo·
779 2812 838 2875 plet.
865 2813 943 2874 Urget
955 2824 1036 2861 autern
1048 2815 1185 2872 Lucretius,
1198 2815 1261 2862 Cum
1272 2814 1324 2863 ista
1380 2848 1383 2853 -

208 2885 291 2924 mento
303 2885 380 2924 totum
393 2878 456 2938 quod
467 2886 536 2940 patet
551 2878 657 2940 spatium
674 2895 745 2926 occu·
780 2878 828 2925 duo
840 2879 949 2940 Corpora
961 2888 1112 2941 separentur,
1125 2883 1197 2928 Inane
1208 2878 1261 2927 lieri
1275 2895 1322 2927 ne-

208 2956 267 3003 pare
280 2948 305 2988 et
315 2940 417 3004 implere
429 2957 478 2989 non
508 2941 575 2990 ossit.
780 2957 854 2998 cesse,
868 2942 934 3003 (quis
946 2943 1011 2990 enim
1025 2953 1100 3006 neget
1115 2959 1171 2991 curn
1187 2944 1214 2992 in
1230 2943 1322 3006 aliqui-

242 3005 305 3053 lbid.
323 3008 359 3053 De
382 2958 507 3068 concnrsni
530 3009 586 3055 Post
608 3025 746 3056 concursum.
780 3008 825 3054 bus
842 3007 928 3054 saltem
942 3008 1052 3070 partibus
1069 3024 1095 3056 se
1109 3008 1214 3057 invicem
1233 3017 1321 3072 tange·

208 3069 249 3118 Sic
269 3069 377 3126 Plautus,
398 3073 452 3119 Non
473 3074 541 3119 bonus
558 3080 592 3120 est
608 3088 697 3120 somnus
716 3073 747 3120 de
780 3070 858 3133 bant)
871 3081 896 3118 et
915 3072 943 3118 ld
956 3075 1028 3120 lnane
1043 3073 1132 3120 iterum
1151 3074 1181 3121 ab
1199 3074 1264 3121 Atre
1279 3089 1321 3121 re-

205 3138 313 3197 prendis.
343 3134 402 3193 Alii,
420 3134 485 3182 inter
497 3152 557 3197 quos
572 3136 693 3194 Gifanius,
710 3136 745 3184 le·
779 3135 1323 3200 pleri;ideoquepriusargumentumfirmum

206 3210 270 3263 gunt
279 3216 396 3258 concursu,
402 3208 460 3248 utet
468 3203 538 3258 cnltn,
545 3200 585 3248 lib.
594 3201 638 3248 1v.
645 3217 667 3250 v.
676 3200 720 3252 127
724 3203 745 3250 6.
780 3201 839 3249 satis
849 3216 901 3249 esse
912 3213 936 3250 et
944 3212 1051 3258 certum3
1070 3213 1141 3266 urget
1152 3203 1208 3251 insu
1226 3218 1260 3260 er,
1271 3203 1323 3250 Αέ.

208 3265 318 3315 Plurima
329 3266 395 3314 enim
413 3275 483 3313 erant
499 3266 564 3330 apud
582 3265 683 3314 Veteres
702 3283 745 3314 no·
779 3281 832 3314 rem
839 3282 889 3313 non
901 3267 1000 3314 omnino
1012 3266 1163 3324 condensari,
1176 3219 1248 3316 veisi
1260 3283 1322 3316 con·

208 3330 275 3378 mina
287 3331 407 3394 ambigue
418 3330 508 3379 formae.
544 3331 592 3378 Sed
610 3331 675 3379 hunc
693 3347 746 3380 cas·
780 3331 911 3387 densetur;
929 3347 960 3379 ex
972 3331 1018 3379 ista
1030 3332 1220 3380 condensatione
1237 3341 1322 3381 tamen

209 3394 269 3458 rigat
282 3397 428 3451 Lambinus3
447 3412 478 3444 an
486 3398 550 3458 jure,
563 3395 605 3442 alii
619 3395 723 3444 videant.
780 3397 849 3459 sequi
857 3400 929 3445 Inane
937 3412 1003 3444 esse:
1020 3396 1134 3459 quoniam
1143 3397 1275 3445 absurdum
1283 3407 1324 3446 est

243 3460 305 3507 lbid.
318 3464 355 3509 De
361 3460 483 3523 concursu]
495 3465 533 3509 De
544 3461 706 3523 conjunctione,
719 3465 747 3510 de
779 3477 853 3509 unam
873 3462 1024 3523 eandemque
1040 3462 1149 3509 materiae
1165 3461 1254 3509 molem
1274 3461 1322 3510 ali·

208 3528 362 3582 commissura,
375 3525 425 3573 alii.
780 3527 876 3588 quaudo
888 3529 966 3588 majus
978 3526 1108 3588 aliquando
1120 3526 1201 3574 minus
1212 3526 1322 3590 spatium

241 3587 296 3638 387.
313 3589 401 3651 anat]
419 3589 496 3645 Quasi
507 3589 592 3652 suerit.
621 3589 680 3648 Alii,
691 3595 744 3650 fiat.
779 3590 1139 3654 ocoupare,nisi1naneesset

242 3651 304 3700 lbid.
315 3652 435 3716 Possidet]
449 3655 489 3702 Ita
505 3655 615 3710 Veteres,
632 3670 678 3718 pro
690 3672 744 3716 pos·
811 3658 866 3703 393.
886 3654 1039 3716 Condenseat]
1059 3655 1098 3703 Sic
1115 3655 1203 3718 Virgil.
1220 3655 1321 3706 AEneid.

205 3719 288 3765 sideat.
779 3720 811 3767 X.
843 3723 949 3767 Extremi
970 3722 1095 3767 addensent
1117 3725 1184 3769 acies.
1218 3721 1252 3768 Et
1272 3721 1320 3770 ΙΕ-

240 3783 295 3829 388.
318 3774 489 3845 Celerantibus]
512 3783 603 3845 Aliqui,
626 3787 743 3832 dementi·
779 3783 1257 3847 neid.VII.Agminadenssntnrcamps's.
1279 3787 1324 3835 Ad

208 3847 265 3893 bns:
283 3846 350 3893 nullo
361 3847 435 3909 plane
446 3862 527 3895 sensu.
779 3864 851 3911 quem
863 3848 943 3896 locum
955 3851 1042 3907 denseo,
1052 3851 1138 3907 denses,
1148 3851 1197 3899 dici
1209 3851 1322 3914 agnoscit

239 3912 294 3959 390.
313 3909 442 3973 Complere]
454 3914 574 3974 compleri,
584 3912 632 3961 Git
643 3912 746 3976 perinde
779 3913 887 3962 Servius.

207 3983 253 4022 est.
812 3979 867 4025 401.
888 3979 1208 4042 Multaqueproeterea,etc.]
1238 3981 1322 4030 Multa

239 4041 294 4088 392.
314 4043 381 4092 Quod
397 4045 418 4088 ss'
430 4041 495 4104 sorte
511 4044 603 4104 aliquis,
620 4041 676 4104 eta]
695 4043 745 4090 Re·
778 4042 913 4106 proposuit,
926 4058 975 4090 non
987 4059 1045 4091 vero
1062 4044 1144 4092 omnia
1160 4054 1320 4107 argumentur

206 4104 362 4168 sponsionem
389 4117 545 4169 praeoccupat
570 4106 745 4171 impugnatque
778 4107 872 4169 reliqua
883 4117 964 4155 autem
977 4124 1008 4156 ex
1020 4108 1058 4167 iis,
1069 4124 1122 4170 quae
1134 4121 1321 4170 memoraverat,

207 4169 343 4228 Lucretius,
354 4186 376 4218 v,
390 4172 412 4219 9.
442 4170 493 4218 Hic
504 4186 589 4219 versus
598 4172 691 4234 aliquos
701 4187 743 4220 ex·
778 4174 808 4221 ab
826 4173 880 4237 ipso
900 4175 1007 4221 Memmio
1029 4173 1164 4236 colligenda
1187 4175 1320 4237 relinquit:

206 4233 301 4292 cidisse,
325 4235 486 4299 mutilumque
510 4250 563 4284 esse
581 4237 646 4285 hunc
663 4237 745 4285 locum
777 4237 842 4286 idem
855 4237 921 4285 enirn
939 4238 1094 4302 Philosophia
1111 4256 1138 4287 ac
1156 4240 1264 4288 Canibus
1276 4257 1320 4289 ve-

206 4314 303 4363 semper
321 4300 445 4364 judicavi:
472 4300 589 4363 praeclara
614 4302 681 4351 enim
706 4318 744 4350 re·
777 4303 865 4351 naticis
882 4303 977 4362 accidit,
992 4320 1047 4352 curn
1065 4313 1131 4352 certa
1143 4304 1253 4354 veritatis
1264 4321 1320 4355 ves-
