2872 4852
203 217 269 280 284
583 215 627 279 T.
660 215 934 280 LUCRETII

289 372 441 435 Immensi
454 369 577 434 validas
593 371 652 435 aevi
668 380 873 435 contemnere
889 370 996 434 vireis.

334 472 511 548 Praeterea,
528 473 580 536 cui
594 494 660 536 non
675 473 798 535 animus
814 470 985 536 formidine
1001 469 1124 535 Divrim

292 574 526 638 contrahitur?
550 575 603 638 cui
617 597 681 639 non
697 583 879 658 conrepunt
892 574 1036 638 membra
1051 595 1184 657 pavore,

291 674 447 739 Fulminis
463 675 610 740 horribili
625 699 699 741 cum
713 676 810 760 plaga
825 676 950 740 torrida
964 674 1080 739 Tellus

219 789 281 835 1²20
293 776 485 855 Contremit,
501 788 534 841 et
549 800 701 861 magnum
715 788 911 862 percurrunt
926 777 1099 841 Murmura
1114 775 1255 842 coelum?

293 877 371 941 Non
388 878 518 963 Populi,
536 878 729 963 Gentesque
745 883 908 945 tremunt?
933 879 1111 963 Regesque
1128 879 1262 964 superbi

293 979 488 1064 Conripiunt
503 980 625 1045 Divtim
639 981 782 1066 perculsi
797 985 942 1047 membra
957 983 1082 1058 timore,

293 1081 349 1145 Ne
363 1084 452 1165 quod
469 1084 511 1146 ob
526 1084 702 1147 admissum
717 1083 818 1161 foede,
835 1085 996 1148 dictumve
1013 1084 1156 1167 superbe

293 1182 470 1248 Poenarum
484 1207 583 1270 grave
600 1186 641 1250 sit
657 1184 803 1249 solvendi
818 1194 946 1270 tempus
962 1185 1136 1250 adactum?

220 1297 281 1343 1225
294 1287 426 1349 Summa
441 1288 536 1351 etiam
552 1310 625 1351 cum
639 1288 686 1350 vis
702 1285 832 1350 violenti
848 1309 908 1370 per
921 1310 1009 1351 mare
1025 1287 1112 1352 venti

295 1387 564 1472 Induperatorem
579 1389 692 1453 classis
708 1411 806 1472 super
821 1412 954 1475 {equora
969 1389 1079 1466 verrit,

294 1489 376 1554 Cum
392 1490 505 1554 validis
520 1493 643 1576 pariter
659 1491 873 1576 Legionibus,
889 1501 987 1575 atque
1004 1489 1217 1574 Elephantis:

295 1590 373 1654 Non
389 1591 511 1656 Divirm
525 1616 639 1676 pacem
653 1593 737 1656 votis
752 1593 841 1656 adit?
865 1615 904 1657 ac
918 1614 1016 1676 prece
1031 1592 1149 1675 quaesit

293 1692 476 1757 Ventorum
491 1696 629 1779 pavidus
645 1717 755 1778 paces,
772 1696 959 1778 animasque
976 1693 1158 1758 secundas?

222 1805 283 1855 12³0
296 1794 543 1879 Nequicquam:
566 1796 718 1880 quoniam
732 1793 873 1860 violento
889 1797 1018 1859 turbine
1035 1817 1122 1879 saepe

297 1896 482 1980 Conreptus
497 1896 597 1960 nihilo
613 1896 717 1960 fertur
731 1897 837 1959 minus
854 1897 896 1960 ad
911 1897 995 1962 vada
1009 1897 1107 1960 lethi:

295 1998 496 2082 Usqueadeo
510 2020 563 2062 res
579 1998 735 2062 humanas
751 1997 813 2062 Vis
828 1999 940 2062 abdita
955 1999 1105 2081 quaedam

294 2100 438 2177 Obterit,
454 2111 487 2165 et
502 2100 656 2184 pulchros
672 2099 815 2177 Fasceis,
833 2123 1000 2184 saevasque
1016 2101 1166 2164 Secureis

295 2201 502 2280 Proculcare,
518 2225 556 2267 ac
571 2202 713 2267 ludibrio
727 2203 789 2267 sibi
802 2203 925 2267 habere
941 2203 1080 2266 videtur.

220 2318 281 2364 1235
338 2305 491 2387 Denique
508 2306 570 2368 sub
584 2305 725 2388 pedibus
741 2303 855 2367 Tellus
872 2326 945 2367 cum
961 2314 1028 2366 tota
1044 2301 1182 2378 vacillat,

293 2407 536 2490 Concussaeque
552 2407 673 2470 cedunt
689 2406 799 2482 urbeS,
815 2405 990 2488 dubiaeque
1004 2405 1187 2468 minantur:

295 2509 387 2581 Quid
403 2509 518 2578 mirum
534 2508 561 2570 si
577 2531 611 2571 se
626 2505 945 2572 temnunt‘Mortalia
962 2505 1079 2570 saeclal

294 2609 406 2694 Atque
421 2620 600 2694 potestates
614 2632 759 2694 magnas,
775 2610 938 2692 mirasque
953 2608 1141 2692 relinquunt

294 2712 333 2775 In
348 2713 447 2775 rebus
462 2713 557 2775 vireis
574 2709 706 2788 Divrim,
723 2734 796 2794 quae
812 2722 929 2775 cuncta
943 2713 1148 2796 gubernent?
1258 2711 1320 2790 [st,

220 2826 282 2872 1240
338 2813 439 2885 Quod
450 2825 611 2897 superest,
620 2813 695 2890 AEs‚
707 2823 804 2896 atque
815 2812 953 2893 Aurum,
964 2812 1164 2895 Ferrumque
1174 2810 1321 2895 repertu‘

244 3048 313 3101 1217.
339 3052 464 3108 Praeterea,
483 3054 521 3098 cut
540 3067 590 3109 non,
609 3050 666 3112 etc]
687 3051 745 3099 Alia
778 3051 888 3099 versibus
908 3053 947 3099 40.
967 3052 1111 3117 explicatur.
1151 3049 1265 3100 Inventio
1286 3051 1319 3099 ad

209 3115 313 3178 denique
331 3114 457 3178 religionis
474 3122 550 3163 causa¹
568 3125 604 3163 est
624 3115 704 3174 timor,
722 3131 744 3165 v.
777 3116 901 3180 sylvarum
912 3116 1073 3175 exustionem,
1081 3117 1217 3178 factamque
1227 3114 1319 3163 exinde

210 3183 248 3228 23.
261 3179 382 3245 procellis,
392 3188 551 3237 terrae-motu,
562 3180 664 3243 aliisque
676 3196 744 3228 max·
778 3180 931 3229 metallorum
948 3181 1146 3244 colliquationem
1162 3181 1274 3238 refertur,
1293 3196 1317 3228 v.

208 3245 265 3294 imis
277 3244 354 3303 malis,
367 3260 421 3307 quae
432 3244 499 3293 nulla
510 3261 554 3293 sua
565 3245 597 3304 vi,
610 3244 676 3293 nulla
693 3254 745 3294 arte
781 3248 817 3293 18.
852 3246 992 3294 Combustis
1013 3246 1079 3293 enim
1100 3244 1160 3309 (quo
1180 3244 1252 3293 modo
1272 3259 1316 3292 ex-

209 3319 253 3358 aut
281 3310 402 3358 industria
429 3309 531 3358 eluctari
562 3319 672 3374 possunt,
700 3311 744 3358 bo·
779 3321 858 3359 ortum
875 3310 922 3358 fuit
938 3311 1005 3358 istud
1021 3310 1162 3358 incendium
1179 3308 1241 3356 nihil
1258 3309 1317 3356 atti·

208 3375 288 3422 mines
305 3374 410 3432 attoniti,
423 3384 572 3438 potestatum
585 3375 745 3424 invisibilium
778 3375 833 3436 net)
845 3375 927 3437 sylvis,
940 3375 1070 3437 liquefacta
1081 3390 1135 3437 quae
1147 3374 1175 3421 iu
1191 3383 1263 3420 terne
1274 3388 1318 3420 ve-

209 3454 282 3502 opem
303 3448 327 3486 et
347 3439 465 3487 auxilium
485 3440 661 3504 implorabant:
688 3440 745 3488 inde
778 3440 818 3488 nis
832 3440 942 3503 dispersa
955 3440 1069 3501 jhcebaut
1085 3439 1184 3486 metalla
1199 3437 1226 3484 in
1242 3452 1319 3485 unam

209 3517 295 3565 preces
312 3513 337 3550 et
348 3512 411 3562 vota,
424 3513 456 3561 et,
469 3508 562 3553 Primus
577 3509 603 3552 in
619 3508 672 3553 orbe
685 3508 746 3553 Deos
778 3519 883 3552 massam
893 3504 1060 3558 confluebaut;
1078 3518 1151 3565 quam
1163 3518 1218 3550 cum
1230 3501 1318 3550 laevem

202 3566 264 3629 secit
281 3571 354 3614 timor.
386 3569 420 3615 At
436 3567 494 3630 quid
511 3568 594 3616 valent
610 3570 682 3617 votat
700 3585 745 3616 sae-
779 3567 980 3632 splendidamque
1002 3568 1113 3616 homiues
1135 3566 1249 3624 viderint,
1269 3567 1317 3614 tol-

210 3630 246 3678 vit
259 3640 352 3687 ventus,
370 3647 455 3693 preces
472 3632 544 3680 simul
561 3643 586 3681 et
602 3633 658 3680 vela
673 3632 745 3696 rapit,
779 3632 862 3680 lebant
875 3631 1001 3696 experturi
1017 3632 1057 3689 cui
1074 3631 1130 3681 usui
1145 3647 1186 3680 res
1202 3631 1249 3678 ista
1266 3639 1318 3679 tem

209 3709 255 3742 nec
267 3694 344 3756 magis
355 3695 458 3742 audiunt
470 3696 579 3744 Numina
594 3712 667 3758 quam
684 3706 746 3744 tem·
778 3695 847 3744 laevis
866 3705 892 3744 et
910 3696 989 3745 nitida
1004 3695 1141 3744 inserviret
1175 3697 1239 3744 Cum
1258 3711 1317 3744 vero

209 3766 304 3822 pestem
322 3774 381 3805 casu
390 3758 508 3818 feruntur,
518 3761 647 3824 rapiuntur
657 3761 745 3808 omnia.
779 3760 962 3808 observaverint
971 3776 1055 3809 massae
1064 3760 1130 3809 illius
1142 3761 1245 3822 figuram
1257 3775 1316 3808 con·

244 3823 314 3870 1218.
345 3823 486 3886 correpunt]
510 3823 648 3872 Translatio
671 3824 744 3872 mira·
778 3825 880 3873 formem
897 3840 950 3873 esse
968 3825 1053 3888 figuroe
1072 3825 1144 3873 istius
1161 3826 1255 3873 lacuuae
1272 3839 1318 3873 seu

210 3887 265 3936 bilis
283 3896 307 3934 et
323 3887 411 3943 audax,
428 3885 484 3934 ideo
500 3887 599 3950 quidam
615 3888 745 3950 legendum
778 3889 855 3937 fovere
872 3887 899 3936 in
918 3904 991 3952 quam
1011 3890 1169 3947 confluxerat,
1187 3888 1318 3938 conclude-

210 3962 318 4009 censent,
331 3954 470 3999 torrescunt.
778 3955 838 4002 baut
853 3954 938 4001 ecdem
954 3953 1053 4003 metalla
1068 3954 1126 4016 igne
1142 3954 1231 4002 iterum
1248 3968 1316 4002 reso-

244 4015 314 4067 1237.
340 4018 369 4063 Se
390 4013 504 4077 temnunt]
528 4015 584 4064 Suro
604 4015 648 4063 vin
668 4014 745 4064 imbe-
778 4018 831 4065 luta
839 4017 865 4066 in
875 4019 1008 4080 quamlibet
1017 4018 1119 4067 formam
1128 4018 1193 4077 duci,
1201 4018 1236 4065 ita
1245 4017 1317 4066 deni-

209 4079 318 4130 cillitatis
328 4078 427 4128 conscii.
779 4097 825 4144 que
842 4083 964 4131 attenuari
980 4098 1060 4146 posse,
1072 4091 1100 4130 ut
1116 4097 1258 4131 mucronem
1275 4098 1316 4132 uc-

244 4147 314 4195 1240.
329 4147 394 4198 Quod
408 4142 650 4206 supernalitatem]
664 4143 746 4193 Prima
778 4145 871 4209 cipiunt
893 4155 918 4195 et
940 4162 1049 4194 acumen.
1090 4147 1151 4195 Inde
1172 4162 1186 4195 e
1209 4145 1318 4209 quolibet

210 4210 362 4260 metallorum
373 4208 484 4258 inventio
495 4218 520 4256 et
531 4224 597 4265 usus,
609 4223 658 4271 quo
674 4208 745 4256 deni·
779 4210 877 4259 metallo
896 4211 1059 4260 instrumenta
1078 4210 1207 4268 faciebant,
1228 4211 1317 4273 quibus

209 4276 294 4338 quein
309 4275 401 4323 honore
418 4282 443 4322 et
459 4273 538 4337 pretio
555 4272 651 4336 singula
668 4281 744 4331 erant,
778 4274 859 4338 sylves
870 4275 1019 4334 exciderent,
1030 4274 1098 4338 tigna
1114 4277 1241 4338 trabesque
1259 4291 1315 4339 per·
