2872 4852
437 228 609 294 LIBER
644 228 901 293 TERTIUS.
1161 229 1220 292 167

136 401 183 463 855
243 387 289 451 Et
304 389 331 451 si
341 389 409 472 jam
424 397 537 451 nostro
553 387 652 450 sentit
666 386 708 450 de
724 386 883 470 Corpore,
898 394 1072 470 postquam

201 489 370 555 Distracta
384 490 423 554 'st
437 487 548 553 Animi
561 499 689 566 natura,
706 486 899 572 Animaeque
912 499 1079 574 potestas:

200 592 260 656 Nil
273 603 381 657 tamen
395 593 459 658 hoc
474 593 517 656 ad
534 592 618 670 Nos,
634 592 691 674 qui
706 602 806 669 coetu,
823 592 1041 676 conjugioque

201 694 367 779 Corporis,
383 706 482 779 atque
497 692 626 757 Animae
641 693 845 758 consistimus
862 684 970 758 uniter
984 694 1064 777 apti.

200 796 286 876 Nec,
304 799 330 861 si
344 798 511 862 materiam
524 807 669 861 nostram
684 795 862 882 conlegerit
876 808 956 860 aetas

137 910 185 958 860
201 898 282 964 Post
297 901 433 975 obitum,
448 921 641 983 rursumque
656 900 833 983 redegerit,
850 910 888 963 ut
902 901 964 963 sita
979 921 1065 962 nunc
1078 907 1129 962 est
1142 925 1150 974 ;

201 1000 314 1088 Atque
329 1004 447 1068 iterum
461 1002 568 1067 Nobis
582 1001 704 1066 fuerint
719 1002 796 1065 data
810 1000 931 1064 lumina
945 1001 1031 1076 vitae,

201 1104 369 1170 Pertineat
384 1105 556 1189 quicquam
569 1113 677 1166 tamen
692 1102 734 1164 ad
752 1101 825 1165 Nos
840 1103 873 1165 id
889 1123 1019 1183 quoque
1035 1099 1166 1176 factum,

201 1205 390 1291 Interrupta
406 1203 505 1269 semel
515 1226 590 1268 cum
603 1203 645 1266 sit
659 1202 841 1286 repetentia
856 1211 978 1266 nostra.

203 1308 251 1371 Et
266 1330 352 1372 nunc
367 1306 412 1369 nil
424 1305 468 1368 ad
482 1327 542 1368 nos
559 1304 600 1367 de
616 1303 710 1367 nobis
725 1303 853 1379 attinet,
870 1313 945 1366 ante

139 1420 185 1468 865
202 1409 271 1484 Qui
286 1408 417 1482 fuimus,
432 1427 493 1469 nec
504 1406 573 1489 jam
588 1403 631 1467 de
644 1401 706 1466 illis
722 1403 796 1466 Nos
812 1403 912 1467 afficit
925 1425 1040 1488 angor,

204 1511 298 1582 Quos
314 1508 355 1571 de
370 1506 505 1570 materia
519 1513 632 1569 nostra
647 1526 730 1568 nova
744 1503 891 1588 proferet
906 1515 1000 1569 aetas:

204 1611 292 1674 Nam
308 1631 381 1673 curn
395 1608 550 1691 respicias
566 1606 712 1671 immensi
727 1607 881 1692 temporis
897 1630 992 1671 omne

203 1711 410 1782 Praeteritum
427 1711 577 1797 spatium,
593 1720 662 1774 tum
676 1721 783 1775 motus
799 1710 954 1775 Materiai

204 1813 392 1884 Multimodi
407 1836 504 1898 quam
520 1814 598 1890 sint3
623 1811 715 1877 facile
730 1812 794 1878 hoc
810 1814 988 1879 adcredere
1003 1815 1122 1899 possis,

140 1929 187 1982 870
202 1919 333 1983 Semina
348 1939 435 2002 saepe
450 1917 483 1980 in
498 1917 625 1993 eodem,
641 1926 679 1980 ut
692 1939 779 1981 nune
795 1929 882 1995 sunt,
896 1918 1010 1982 ordine
1025 1926 1139 2002 posta:

201 2021 276 2086 Nee
291 2019 423 2084 memori
436 2029 545 2083 tamen
559 2019 594 2082 id
608 2019 736 2102 quimus
752 2019 959 2104 deprendere
974 2029 1093 2084 mente.

203 2123 294 2187 Inter
308 2122 393 2186 enim
402 2122 493 2206 jecta
507 2120 547 2184 ’st
562 2120 639 2183 vitai
654 2143 769 2204 pausa,
785 2143 932 2205 vageque

204 2221 411 2290 Deerrbrunt
424 2223 546 2307 passim
559 2232 666 2286 motus
682 2222 724 2286 ab
740 2221 898 2286 Sensibus
914 2243 1036 2285 omnes.

248 2326 361 2390 Debet
375 2325 471 2402 enim,
486 2325 602 2388 misere
619 2324 698 2408 quoi
712 2323 798 2387 forte
814 2345 966 2407 aegreque
982 2322 1128 2386 futurum
1143 2324 1193 2401 ’st,

141 2440 188 2492 876
207 2428 284 2514 Ipse
300 2448 431 2512 quoque
445 2447 518 2490 esse
534 2426 568 2488 in
584 2448 623 2489 eo
638 2435 708 2489 tum
723 2435 881 2509 tempore,
898 2448 971 2490 cum
985 2423 1068 2488 male
1083 2426 1187 2509 possit

205 2527 384 2594 Accidere:
408 2538 442 2592 at
457 2527 609 2612 quoniam
623 2548 709 2591 mors
725 2527 836 2591 eximit
850 2527 904 2604 im,
910 2525 1152 2613 prohibetque,

153 2749 208 2796 855.
220 2749 255 2795 Et
264 2749 286 2794 εἰ
295 2745 348 2809 jem
359 2753 436 2794 nostro
445 2749 524 2802 sentit,
535 2743 592 2808 ete]
605 2746 657 2793 De·
690 2762 761 2806 χειαν
772 2743 882 2803 aetionis,
895 2753 967 2807 atque
979 2744 1040 2793 adeo
1057 2743 1119 2792 nihil
1130 2744 1161 2792 ad
1176 2759 1229 2802 nos,

119 2811 184 2871 inde,
197 2828 220 2860 v.
234 2813 271 2860 19.
283 2811 335 2859 haec
347 2809 421 2859 addit
447 2809 588 2865 Quinetiam
600 2809 658 2858 lieet
691 2818 736 2858 ete.
772 2809 802 2856 ld
818 2809 898 2885 ipsum
914 2809 1027 2872 estquod
1038 2809 1174 2867 moxdieit,
1186 2811 1227 2856 In-

120 2886 279 2941 supponatur,
296 2875 413 2924 Animam
429 2884 548 2924 secretam
565 2873 658 2937 aliquid
691 2882 727 2922 ter
746 2877 805 2922 enim
816 2882 884 2937 jecta
904 2875 934 2921 'st
951 2877 1011 2922 elta?
1024 2891 1108 2936 peasa,
1128 2891 1229 2937 vageque

120 2941 218 3000 sentire,
228 2940 290 2990 nibil
299 2942 345 2989 boc
355 2941 386 2988 ad
395 2957 439 2988 nos
446 2949 547 3004 spectat,
557 2938 599 3002 qui
607 2955 657 2988 non
691 2942 836 2987 Deerrdrant
841 2943 929 3000 poesim
937 2947 1010 2986 motus
1021 2942 1051 2987 ab
1063 2941 1171 2988 Sensibus
1181 2956 1228 2987 em·

120 3006 171 3055 sola
188 3007 287 3064 Anima,
303 3006 347 3054 sed
358 3005 483 3069 quidpiam
500 3021 532 3053 ex
548 3006 657 3068 Corpore
689 3021 735 3052 nea.
753 3003 817 3052 Aliae
828 3002 1003 3068 explicationes
1015 3019 1029 3051 a
1041 3019 1114 3067 scopo
1126 3005 1229 3053 abeunt:

122 3080 146 3119 et
157 3071 248 3120 Anima
256 3071 417 3135 compositum
423 3085 515 3118 sumus.
534 3070 588 3118 lmo
598 3085 656 3134 sup·
689 3072 773 3117 Faber.
798 3068 932 3116 Lambinus
944 3077 1026 3117 tamen
1037 3067 1091 3132 ipse
1107 3068 1229 3133 interpre-

121 3145 233 3199 ponatur‚
243 3152 288 3185 nos
298 3136 403 3193 eosdem,
411 3135 453 3197 qui
460 3137 512 3198 jam
522 3133 658 3193 existimus,
691 3143 757 3182 tatur
770 3137 919 3195 repetentiam
930 3129 1067 3193 ἀνάμνησιν,
1081 3133 1229 3181 reeordatio-

121 3201 255 3256 redituram
273 3199 451 3249 obvariosriz,
464 3209 658 3247 motusconcur·
691 3213 787 3256 nem,e
809 3214 831 3247 v.
856 3197 911 3250 8⁷1.
930 3201 981 3246 Nee
1003 3201 1122 3246 tamarid
1141 3202 1231 3259 quimus

122 3281 211 3328 susque
223 3276 365 3323 atomorum,
375 3280 434 3326 quas
444 3264 475 3312 ad
485 3263 551 3312 idem
563 3265 659 3339 Corpus
691 3267 783 3311 memori
808 3265 972 3325 reprehendere
999 3271 1080 3310 mente.
1109 3261 1229 3320 Gitanius,

121 3345 207 3378 rursus
217 3329 415 3378 constituendum
430 3328 520 3377 iterum
531 3327 586 3391 cogi
597 3327 658 3376 nrhil
691 3331 834 3382 retineatiat
862 3327 908 3376 viz.
935 3342 992 3375 eum
1014 3326 1090 3374 semel
1113 3326 1231 3374 desiimus

122 3403 250 3458 repugnet,
263 3393 324 3441 nihil
340 3402 422 3441 tamen
433 3409 477 3440 seu
488 3408 540 3451 nos,
552 3392 594 3454 qui
608 3395 659 3454 jam
692 3391 923 3450 retineri‚'manere,
935 3407 1005 3439 esse:
1023 3391 1072 3449 alii,
1084 3395 1231 3452 repetentia,-

124 3473 214 3515 sumus,
232 3473 276 3506 eeu
289 3456 331 3519 qui
348 3466 400 3504 tum
416 3456 513 3514 erimus,
531 3457 657 3505 attinebit:
692 3456 718 3504 id
730 3466 774 3511 est,
786 3455 843 3505 vitae
854 3472 946 3505 cursus.

124 3522 328 3585 quemadmodum
338 3521 450 3569 viventes
463 3523 515 3583 jam
528 3521 590 3568 nihil
602 3520 659 3570 soli·
726 3521 781 3572 874.
804 3524 880 3569 Debet
898 3524 965 3579 enim,
988 3523 1068 3568 mtrem
1090 3523 1150 3581 quoi,
1172 3519 1231 3583 etc]

124 3587 167 3636 citi
179 3601 265 3635 sumus
276 3596 320 3634 aut
329 3587 360 3634 de
370 3585 402 3634 iis
413 3586 455 3648 qui
466 3585 524 3634 olim
535 3585 660 3645 fuerimus,
693 3586 751 3634 Ver.
762 3587 784 3634 9.
799 3587 869 3634 Idem
880 3593 1050 3648 argumentum
1061 3584 1139 3632 fusius
1151 3583 1230 3649 expli-

125 3663 167 3701 aut
177 3653 209 3700 de
219 3651 251 3700 iia
262 3651 304 3714 qui
313 3650 372 3699 olim
383 3666 467 3699 sumus
478 3649 567 3708 futuri;
584 3651 610 3698 id
621 3651 660 3698 ni·
693 3659 738 3698 eat.
758 3651 784 3698 ls
794 3652 836 3714 qui
844 3651 907 3698 sorte
916 3650 990 3698 miser
998 3649 1094 3697 futuru·
1104 3659 1147 3707 est,
1159 3649 1232 3699 debet

124 3718 221 3774 mirum,
233 3716 291 3779 quia
306 3716 377 3764 nobie
387 3715 517 3774 dissolutis,
529 3731 559 3763 ea
573 3716 606 3764 sit
616 3730 659 3764 ex·
693 3714 799 3764 existere
820 3715 847 3762 in
868 3730 898 3762 eo
919 3723 1028 3779 tempore
1051 3730 1099 3776 quo
1121 3714 1185 3763 mala
1207 3725 1233 3764 et

124 3782 192 3832 tandi
209 3781 364 3846 interruptio,
379 3789 435 3844 post
446 3796 518 3842 quam
530 3780 597 3829 nulln
608 3795 660 3828 me·
693 3779 812 3843 aegritudo
829 3787 955 3844 premant;
974 3789 999 3827 at
1013 3789 1124 3828 mortuus
1142 3779 1233 3828 desinit

124 3848 202 3896 moria
209 3847 277 3910 viget
284 3855 362 3894 status
370 3848 423 3908 ejus
433 3845 460 3893 in
471 3862 519 3908 quo
528 3845 660 3902 fuerimus3
694 3860 754 3902 esse,
774 3860 819 3892 nec
839 3859 947 3906 unquam
966 3859 981 3892 a
998 3845 1127 3908 sepulchro
1147 3858 1231 3893 rever·

124 3923 153 3962 ut
168 3928 247 3976 neque
260 3913 312 3974 jam
329 3910 380 3960 ulla
395 3910 527 3975 praesensio
543 3910 617 3969 illius,
635 3910 662 3958 in
696 3919 767 3958 tetur.
805 3912 908 3972 Vestigie
928 3913 993 3958 nulla
1008 3919 1152 3958 retrorsum:
1175 3909 1232 3957 ideo

125 3994 172 4040 quo
183 3976 259 4026 futuri
271 3991 362 4025 sumus.
695 3984 806 4023 mortuus
826 3975 894 4023 nullo
916 3974 988 4022 modo
1007 3975 1083 4023 miser
1102 3989 1155 4022 esse
1175 3982 1231 4037 pot-

158 4044 212 4091 859.
233 4043 359 4091 Materiam
379 4039 492 4101 tarnem]
514 4039 564 4088 Seu
582 4043 662 4098 nostri,
695 4049 740 4086 est.

126 4115 154 4154 ut
164 4107 226 4157 etin
237 4121 260 4154 v.
273 4106 328 4155 866.
340 4105 414 4168 legas,
426 4104 529 4168 perinde
540 4112 584 4153 est.
728 4102 783 4154 876.
800 4107 890 4152 Eximit
905 4103 950 4166 ἐπι]
970 4104 1000 4152 Id
1016 4113 1060 4162 est,
1072 4119 1139 4152 enm:
1157 4101 1231 4148 Plau-

159 4171 213 4220 868.
226 4173 362 4232 Repetenti‘a
371 4167 462 4231 nestra]
476 4169 577 4233 Optima
588 4168 661 4216 Lam·
696 4177 742 4227 tus,
761 4168 872 4229 Epidico,
890 4171 929 4217 Ita
945 4185 989 4216 non
1007 4183 1080 4216 omnes
1096 4173 1234 4228 poemate

127 4232 180 4281 bini
191 4235 335 4284 emendatio.
356 4234 482 4297 iutelligit,
495 4243 663 4297 contraquam
696 4237 801 4282 ereeima
823 4234 931 4282 eximere
953 4235 1084 4294 Epidicum
1121 4229 1172 4276 Alii
1196 4237 1232 4276 ta·

128 4297 379 4362 aliiinterpretantur,
390 4301 519 4363 abruptam
528 4314 582 4348 esse
593 4295 662 4348 συνέ-
696 4313 754 4347 men
772 4314 786 4346 e
805 4298 874 4346 codd
898 4300 984 4356 eximit,
1008 4311 1098 4356 esseque
1117 4295 1232 4356 prohibet,
