2872 4852
487 227 658 294 LIBER
694 227 919 293 SEXTUS.
1192 231 1257 296 333

238 383 333 449 Unus
348 385 405 450 ubi
419 406 462 450 ex
478 407 543 450 uno
558 385 725 470 dependet
741 385 855 449 subter
869 385 1062 464 adhaerens;
1139 467 1142 473 ⁴

172 497 219 543 915
236 485 291 549 Ex
306 485 433 571 alioque
448 485 529 551 alius
545 487 682 572 Lapidis
698 487 772 565 vim,
788 485 957 571 vinclaque
972 488 1095 553 noscit:

237 587 436 673 Usqueadeo
451 599 678 674 permananter
692 590 739 652 vis
755 588 900 673 pervalet
916 591 999 674 ejus.

279 689 355 755 Hoc
369 713 473 775 genus
488 692 521 755 in
536 691 635 756 rebus
651 690 846 755 firmandum
861 691 902 755 ’st
916 690 1017 755 multa
1032 691 1135 776 prius,
1151 713 1248 775 quam

236 790 345 876 Ipsius
359 794 418 858 reii
431 795 590 858 rationem
604 794 744 858 reddere
759 794 885 877 possis:

236 893 283 957 Et
298 895 428 959 nimium
442 894 547 980 longis
563 897 754 980 ambagibus
770 906 821 960 est
836 895 1042 975 adeundum

171 1007 219 1054 920
235 995 312 1068 Quo
326 998 428 1081 magis
445 1008 585 1061 attentas
602 999 720 1074 aureis,
737 998 942 1083 animumque
958 1020 1107 1082 reposco.

279 1099 455 1184 Principio,
472 1099 621 1164 omnibus
637 1122 657 1163 a
671 1100 782 1176 rebus,
798 1122 1009 1184 quascunque
1025 1102 1182 1178 videmus,

236 1200 403 1285 Perpetuo
419 1201 533 1279 fluere,
549 1224 587 1266 ac
602 1203 696 1280 mitti,
715 1203 889 1288 spargique
905 1225 1038 1267 necesse
1054 1204 1094 1268 'st

235 1303 393 1388 Corpora,
409 1327 483 1388 quae
498 1303 615 1368 feriant
630 1303 752 1381 oculos,
770 1305 937 1390 visumque
954 1305 1133 1381 lacessant:

236 1405 467 1491 Perpetuoque
483 1406 590 1471 fluunt
603 1407 701 1472 certis
717 1409 759 1472 ab
775 1409 873 1471 rebus
889 1409 1019 1484 odores,

172 1519 218 1565 925
234 1506 353 1592 Frigus
368 1520 405 1573 ut
420 1532 439 1573 a
454 1508 571 1585 fluviis,
588 1508 685 1572 Calor
701 1532 720 1572 a
736 1509 814 1587 sole,
829 1510 948 1574 AEstus
964 1511 1118 1576 abundis

235 1610 393 1694 AEquoris
410 1633 528 1675 exesor
543 1635 718 1676 moerorum
733 1611 843 1677 littora
856 1624 1011 1698 propter3

233 1710 307 1776 Nec
322 1713 401 1777 varii
417 1725 545 1778 cessant
561 1701 684 1778 sonitus
701 1738 831 1779 manare
846 1737 906 1800 per
921 1714 1050 1781 Aures:

233 1813 386 1898 Denique
401 1816 433 1878 in
449 1815 498 1880 Os
514 1816 590 1880 salsi
604 1817 691 1881 venit
705 1816 822 1881 humor
837 1839 925 1902 saepe
941 1818 1078 1901 saporis,

231 1915 315 1981 Cum
330 1939 418 1982 mare
435 1939 603 1982 versamur
617 1930 772 2004 propter;
796 1919 963 2003 dilutaque
978 1931 1093 1984 contra

167 2031 215 2077 930
230 2019 313 2082 Cum
328 2020 448 2084 tuimur
463 2021 590 2085 misceri
604 2020 782 2085 Absinthia
797 2022 901 2106 tangit
915 2020 1067 2085 Amaror.

232 2120 433 2205 Usqueadeo
448 2123 597 2185 omnibus
612 2122 654 2184 ab
670 2123 768 2185 rebus
784 2143 837 2185 res
852 2145 991 2206 quaeque
1007 2122 1147 2186 fluenter

231 2221 362 2299 Fertur,
378 2234 412 2287 et
427 2223 461 2285 in
476 2232 609 2286 cunctas
624 2222 797 2286 dimittitur
812 2223 956 2307 undique
971 2225 1114 2307 parteis:

233 2324 307 2388 Neo
322 2347 423 2400 mora,
440 2347 500 2387 nec
516 2324 644 2408 requies
660 2324 743 2387 inter
760 2324 856 2387 datur
872 2323 936 2387 ulla
952 2324 1086 2403 fluendi,

234 2425 401 2510 Perpetuo
416 2428 566 2510 quoniam
583 2428 749 2502 sentimuS,
766 2438 799 2491 et
814 2427 919 2490 omnia
935 2449 1063 2510 semper

170 2541 217 2589 935
233 2528 387 2606 Cernere,
406 2528 550 2593 Odorari
565 2527 651 2606 licet,
668 2539 701 2592 et
718 2530 837 2593 sentire
854 2528 1023 2594 Sonorem.

276 2632 376 2697 Nunc
392 2655 502 2696 omnes
514 2643 661 2717 repetam
674 2655 772 2716 quam
786 2653 861 2696 raro
876 2652 1015 2716 corpore
1032 2633 1096 2699 sint
1110 2654 1175 2711 res,

234 2735 503 2812 Commemorare,
520 2735 609 2819 quod
625 2735 658 2797 in
673 2735 777 2819 primo
792 2756 922 2819 quoque
939 2737 1079 2801 carmine
1092 2735 1210 2801 claret:

232 2838 366 2923 Quippe
382 2839 511 2915 etenim,
527 2860 722 2922 quamquam
737 2837 853 2902 multas
868 2837 930 2901 hoc
946 2839 1087 2922 pertinet
1102 2840 1145 2903 ad
1161 2861 1214 2903 res

233 2939 394 3018 Noscere,
412 2963 484 3005 cum
500 2941 611 3024 primis
627 2941 711 3006 hano
727 2942 769 3005 ad
785 2964 853 3005 rem
868 2942 1017 3026 protinus
1032 2943 1147 3026 ipsam,

169 3053 216 3099 940
232 3042 309 3115 Qua
325 3044 366 3108 de
383 3044 545 3107 disserere
562 3044 748 3128 aggredior,
764 3041 894 3107 firmare
909 3065 1043 3107 necesse
1058 3052 1110 3121 ’st,

234 3144 293 3212 Nil
307 3167 379 3208 esse
393 3147 428 3208 in
442 3156 584 3228 promtu,
600 3147 662 3209 nisi
676 3147 806 3209 mistum
822 3146 952 3229 Corpus
968 3145 1072 3210 Inani.

278 3246 443 3330 Principio
458 3246 507 3324 fit,
524 3257 561 3310 ut
575 3249 609 3310 in
626 3247 788 3332 speluncis
806 3270 885 3311 saxa
900 3269 1041 3332 superna

234 3348 362 3412 Sudent
375 3349 523 3426 humore,
539 3360 573 3414 et
587 3351 688 3434 guttis
701 3350 899 3413 manantibu'
914 3347 1052 3412 stillent:

235 3448 353 3514 Manat
366 3451 443 3514 item
458 3452 552 3514 nobis
567 3473 585 3515 e
602 3462 671 3515 toto
686 3473 823 3535 corpore
840 3450 960 3528 Sudor,
1118 3536 1121 3544 Δ

171 3564 217 3611 945
234 3552 361 3616 Crescit
376 3555 489 3629 barba,
506 3553 627 3638 pilique
643 3577 702 3639 per
717 3555 822 3617 omnia
836 3554 990 3630 membra,
1006 3574 1066 3637 per
1081 3565 1189 3618 artus:

236 3654 371 3719 Diditus
385 3656 418 3718 in
433 3678 531 3718 venas
547 3657 638 3719 cibus
655 3657 788 3732 omneis,
803 3667 913 3740 auget,
929 3655 1049 3739 alitque

235 3758 390 3840 Corporis
406 3768 567 3821 extremas
584 3780 714 3842 quoque
730 3759 862 3843 parteiS,
879 3757 1147 3842 unguiculosque.

234 3860 353 3945 Frigus
368 3861 444 3924 item
459 3861 597 3925 transire
611 3882 671 3944 per
686 3883 743 3937 aes,
760 3859 965 3945 calidumque
981 3883 1133 3943 vaporem

234 3963 417 4029 Septimus:
443 3963 598 4028 sentimus
613 3963 689 4027 item
706 3962 843 4028 transire
857 3985 918 4047 per
932 3986 1057 4041 aurum,

152 4237 374 4351 1V92l.21;r⁷tncipr'o,
383 4243 491 4296 omnibus,
505 4238 561 4302 etc]
573 4238 626 4288 Vid
641 4238 682 4286 lib.
718 4303 723 4312 η
744 4238 804 4350 dm
818 4238 927 4301 Diditur]
941 4239 997 4287 Sive
1009 4239 1099 4287 diditur
1110 4233 1183 4298 legas,
1196 4249 1253 4297 pers

191 4316 230 4347 .v.
292 4336 298 4349 .
716 4319 741 4351 m
760 4319 773 4351 e
786 4314 829 4351 est.
