2872 4852
450 213 618 278 LIBER
649 211 956 278 SECUNDUS.
1217 215 1259 280 ta

169 387 216 433 215
235 373 451 447 Concursant,
468 369 555 434 'cadit
569 371 602 432 in
617 378 721 433 terras
737 370 784 432 vis
801 368 965 433 Flammea
979 369 1084 453 volgo.

275 473 362 538 Illud
376 473 408 536 in
424 472 475 536 his
490 493 620 556 quoque
636 470 688 535 Te
704 471 803 535 rebus
820 492 1017 555 cognoscere
1033 493 1181 536 avemus:

233 576 380 659 Corpora
394 597 468 639 cum
483 574 635 638 deorsum
650 583 774 637 rectum
789 595 849 657 per
864 573 966 637 Inane
982 572 1141 650 feruntur,

234 677 439 742 Ponderibus
455 674 595 760 propriis
611 675 735 738 incerto
751 685 898 759 tempore
912 673 1026 751 ferme,

234 779 437 863 Incertisque
451 776 530 841 locis
546 776 652 860 spatio
667 776 828 840 decedere
843 774 1002 859 paullum:

170 895 218 940 220
233 880 378 944 Tantum
392 880 481 963 quod
497 878 632 942 Momen
647 888 807 943 mutatum
822 879 931 943 dicere
946 878 1064 962 possis.

279 981 455 1055 Quodnisi
471 979 646 1044 Declinare
661 979 814 1057 solerent,
830 980 936 1044 omnia
952 980 1116 1057 deorsum,

236 1085 353 1148 Imbris
367 1084 416 1146 uti
431 1092 544 1166 guttae,
561 1081 717 1146 caderent
733 1103 793 1165 per
807 1080 908 1145 Inane
924 1081 1141 1168 profundum3

235 1186 310 1250 Nec
325 1184 411 1250 foret
426 1181 584 1247 Offensus
600 1192 707 1260 natus,
722 1204 783 1248 nec
800 1182 903 1267 Plaga
918 1193 1027 1248 creata

184 1377 239 1425 216.
259 1379 323 1425 Illud
339 1381 364 1425 in
380 1380 417 1424 his
434 1374 633 1439 quoquc-rebar]
652 1376 691 1424 De
758 1375 812 1427 217.
825 1379 921 1425 Rectum
935 1393 979 1438 per
990 1376 1075 1439 Inane]
1094 1376 1125 1424 ld
1141 1381 1179 1423 est
1193 1382 1263 1422 motu

152 1441 280 1489 Seminnm
302 1450 370 1490 motu
393 1441 498 1488 naturali
522 1441 642 1497 deorsum,
667 1448 692 1488 et
723 1441 928 1504 perpendiculari,
939 1440 975 1489 ita
986 1449 1068 1489 autem
1077 1439 1166 1489 dicitur
1176 1446 1264 1488 rectum

486 1508 498 1517 n

151 1505 259 1554 violento
275 1520 371 1554 sursum
382 1505 436 1554 fuse
453 1515 524 1617 pqoeta
540 1504 690 1568 disputavit:
720 1507 856 1566 perluere,
873 1514 902 1553 ut
917 1513 981 1554 reeta
997 1509 1088 1569 regina
1101 1506 1164 1560 rini,·
1183 1517 1263 1566 neque

67 1613 69 1615 .
152 1571 217 1618 unde
240 1579 322 1618 autem
343 1578 423 1618 motus
446 1569 453 1616 i
474 1569 626 1618 eviolentus
643 1567 690 1617 nisi
724 1569 1263 1633 enimnecesseestlegereoastnmperlnnue,

153 1651 186 1684 ex
208 1635 276 1683 ictui
301 1643 326 1682 at
347 1634 432 1698 mavia
453 1634 541 1697 aequali
563 1633 692 1683 velocitate
725 1635 790 1695 quod
818 1634 925 1699 cuipiam
948 1635 1066 1684 videatur.
1091 1634 1177 1682 Faber.
1211 1631 1264 1680 Alii

152 1701 183 1747 ad
194 1699 284 1748 lineam
295 1716 340 1764 per
353 1701 431 1748 Inane
443 1699 615 1749 descendentia
627 1714 691 1746 nun·
724 1699 799 1756 illam,
817 1715 890 1762 quarn
906 1700 1017 1764 apposui,
1035 1697 1265 1762 interpretationem

153 1781 225 1827 quarn
245 1774 425 1822 concurrerent,
446 1764 493 1812 alia
512 1780 636 1827 nunquam
652 1779 690 1812 as-
724 1773 867 1827 sequuntur.

152 1838 313 1893 sequerentur
334 1829 389 1887 alia,
412 1829 516 1893 proinde
539 1829 607 1877 nulla
629 1829 692 1876 foret
757 1830 812 1877 219.
836 1830 977 1891 lacertisque
1001 1827 1067 1892 loeis]
1090 1829 1182 1876 Incerto
1206 1834 1263 1874 tem·

151 1895 251 1942 omnino
279 1895 412 1957 generatio,
438 1894 551 1956 nihilque·
574 1893 691 1941 existeret
720 1910 783 1955 pore,
801 1908 851 1941 non
867 1909 917 1942 uno
934 1893 1042 1953 definito,
1060 1893 1104 1941 sed
1120 1891 1193 1940 modo
1208 1891 1263 1949 hoc,

152 1961 274 2007 Desertam
293 1967 380 2020 praeter
402 1963 544 2020 spatiumst
563 1961 691 2019 primordia
723 1958 795 2005 modo
812 1957 855 2005 illo
872 1967 993 2022 tempore3
1017 1960 1112 2006 incertis
1129 1959 1190 2014 locis,
1208 1954 1264 2003 aliis

151 2040 219 2071 eece.
257 2024 312 2071 Hoc
331 2023 392 2071 vitio
411 2023 536 2071 laborabat
555 2021 691 2070 Democriti
723 2031 796 2084 atque
809 2021 880 2070 aliis:
901 2023 936 2070 ita
953 2030 1082 2071 moventur
1097 2019 1191 2069 semina
1208 2027 1262 2067 tan-

92 2110 93 2113 *
152 2087 282 2145 sententia,
312 2088 354 2150 qui
381 2088 481 2135 unicum
514 2096 609 2134 tantum
637 2102 689 2133 mo·
724 2102 797 2148 quam
813 2086 928 2135 animalia
939 2102 993 2149 quar
1009 2103 1032 2136 v.
1051 2085 1107 2144 259,
1124 2086 1180 2132 260.
1213 2085 1262 2132 De-

153 2160 205 2199 tum
231 2151 292 2199 nard
319 2151 418 2212 πληγὴν
441 2150 488 2215 (ita
516 2150 582 2198 enim
606 2150 690 2213 legen·
725 2154 813 2198 elinnnt
829 2158 1140 2213 metusnectemporecerto
1160 2151 1211 2196 Nec
1226 2163 1265 2195 re·

152 2217 220 2272 dum,
232 2231 281 2262 non
294 2215 356 2264 nard
368 2212 480 2275 πλάγιον,
492 2224 520 2263 ut
531 2231 563 2263 ex
573 2214 692 2262 Cicerone
722 2218 789 2289 pinne
801 2217 844 2262 loci
854 2223 929 2272 certa,
939 2218 982 2264 red
992 2219 1031 2262 ubi
1047 2217 1099 2276 ipsa
1113 2215 1169 2261 tulit
1185 2227 1264 2260 mnu:

155 2279 310 2327 manifestum
336 2287 380 2336 est,
406 2279 448 2341 qui
476 2279 537 2326 libro
565 2278 596 2326 de
623 2279 692 2336 Fato,
725 2275 1264 2342 itaLucretiusmalignusprovidentiaehos·

157 2346 278 2394 Quendam
298 2346 343 2389 uim
362 2351 442 2399 motus,
461 2342 548 2404 inquit,
571 2345 693 2400 habebunt,
727 2342 758 2389 tis
769 2341 867 2405 stupida
878 2357 922 2389 sua
934 2349 959 2389 et
974 2344 1047 2390 bruta
1059 2340 1153 2390 semina
1169 2349 1266 2388 tantum

155 2411 304 2468 impulsionis,
316 2424 383 2469 quam
397 2410 492 2468 plagam
506 2409 545 2454 ille
559 2409 668 2466 appellat,
680 2423 695 2454 a
728 2421 777 2453 non
789 2405 878 2463 animo,
891 2414 916 2453 et
927 2405 1052 2454 voluntate
1064 2409 1146 2454 donat.

156 2480 185 2529 te,
204 2475 312 2532 Epicure,
331 2474 457 2532 grauitatis
476 2479 502 2518 et
513 2469 634 2532 ponderis)
652 2485 694 2533 ag·
762 2469 824 2517 lbid.
846 2469 974 2533 Decedere]
993 2472 1109 2527 Sceedere,
1124 2466 1266 2517 Lambinus.

155 2536 240 2596 nouit:
264 2536 386 2583 Plutarch.
405 2535 436 2583 de
453 2535 518 2583 Plac.
537 2534 600 2582 Phil.
618 2534 658 2582 lib.
674 2535 693 2582 Ι.
726 2533 832 2596 Antiqui
855 2549 939 2582 omnes
962 2534 1031 2583 codd.
1052 2551 1077 2582 se
1097 2537 1190 2595 pellere.
1224 2529 1266 2582 Sic

154 2617 175 2648 c.
200 2602 238 2648 23.
273 2600 396 2663 Epicurus
418 2599 495 2661 igitur
517 2599 577 2647 duas
600 2598 695 2662 species
728 2598 814 2646 Cicero
826 2598 852 2645 in
863 2598 904 2646 lib.
917 2599 937 2646 I.
947 2598 977 2647 de
985 2600 1173 2647 Nat.›Deorum:
1188 2600 1268 2646 Omnis

104 2692 108 2704 .
156 2673 238 2712 motus
260 2664 378 2712 naturalis
406 2663 540 2721 constituit,
568 2663 643 2710 aliam
664 2663 695 2710 ad
727 2671 802 2710 cutem
813 2665 1266 2726 uterorumeffigierquomodoecindi-

154 2745 186 2792 pe
218 2728 365 2787 endicnlum,
376 2728 448 2776 aliam
458 2728 489 2776 ad
499 2727 694 2784 declinationem,
727 2730 803 2774 uiduis
825 2731 956 2790 corporibus
979 2731 1073 2776 oritur?
1103 2745 1154 2790 que
1176 2729 1267 2775 etiamsi

154 2745 291 2857 ’Erilleovpos
314 2792 355 2840 δύο
378 2794 429 2850 εἴδη
451 2795 496 2851 τῆς
519 2790 639 2850 κινήσεως,
666 2791 696 2841 τὸ
727 2800 809 2849 essent,
827 2808 877 2853 que
897 2795 962 2840 nulla
981 2801 1041 2849 ssent,
1058 2792 1150 2856 pellere
1168 2807 1194 2840 se
1212 2790 1267 2854 ipsa

155 2858 218 2906 nard
234 2855 348 2917 στάθμην,
361 2857 440 2905 καὶτὸ
452 2857 514 2905 rard
529 2853 694 2918 παρέγκλισιν.
728 2864 817 2914 tamen,
825 2864 848 2904 et
854 2860 943 2919 agitari
951 2861 1041 2904 interce
1049 2855 1267 2918 corwursasortasse

156 2923 301 2971 Plutarchus
315 2922 348 2970 de
365 2922 430 2969 Plac.
445 2922 508 2969 Phil.
525 2921 602 2976 lint.
619 2937 641 2968 c.
654 2923 693 2968 23.
724 2927 824 2982 possent,
835 2919 948 2982 formare,
958 2924 1070 2984 figurare,
1087 2929 1129 2970 etc.
1150 2938 1194 2969 non
1211 2937 1265 2982 pos-

157 2987 241 3035 Motus
253 2987 292 3034 hic
302 2986 472 3034 declinationis
481 2986 572 3033 idcirco
581 2990 693 3033 necessa·
726 2993 784 3034 sent.

155 3051 256 3100 riusest
271 3051 343 3108 visus,
356 3051 471 3113 quoniam
488 3050 596 3113 alioquin
613 3049 695 3098 nullus
761 3051 816 3097 220.
842 3052 939 3099 Tantum
958 3054 1019 3112 qaod
1035 3053 1132 3110 Momen,
1151 3048 1207 3112 eta]
1228 3049 1267 3097 Ita

155 3116 220 3163 inter
231 3125 324 3164 atomos
340 3115 403 3163 ictus
421 3116 517 3164 futurus
534 3115 626 3172 fuisset,
639 3114 694 3162 nul·
728 3123 775 3163 vet
790 3115 832 3163 lib.
861 3116 991 3164 Turnebus
1008 3116 1069 3179 legit
1085 3117 1175 3164 Momen
1191 3121 1266 3162 nata·

155 3181 226 3243 laque
243 3181 346 3245 proinde
358 3181 483 3229 extitisset
499 3195 606 3241 unquam
620 3178 695 3227 ullius
726 3183 772 3237 tris,
795 3179 811 3227 i.
836 3195 856 3227 e.
877 3180 1019 3228 mutationis
1041 3181 1081 3242 (ut
1098 3180 1151 3243 ipse
1168 3180 1267 3227 Lucret.

156 3246 193 3293 rei
209 3245 342 3307 generatio.
356 3245 441 3293 Cicero
458 3245 484 3292 in
498 3245 518 3292 1.
536 3244 577 3291 lib.
591 3244 621 3291 dc
639 3243 694 3291 Fin.
728 3246 758 3291 In
778 3252 953 3292 commutatum
975 3244 1098 3304 ueniunt):
1115 3252 1143 3291 ut
1162 3243 1194 3291 sit
1216 3242 1268 3289 lucc

154 3311 248 3357 Censet
265 3310 388 3372 Epicurus
404 3310 489 3357 eadem
509 3309 551 3356 illa
569 3307 697 3355 individua
727 3308 857 3366 sententia,
870 3309 912 3356 vix
924 3308 1006 3356 dicere
1022 3307 1101 3370 possis
1117 3306 1196 3355 levem
1212 3320 1266 3353 rnu-

157 3383 183 3422 et
205 3373 283 3422 solida
303 3375 412 3436 Corpora
434 3373 492 3420 ferri
515 3388 559 3420 suo
582 3373 696 3419 deorsum
729 3371 845 3420 tationem
874 3387 928 3420 esse
953 3372 1048 3419 factam.
1083 3370 1141 3429 Alii,
1171 3373 1270 3419 Tantam

150 3439 266 3502 'pondere
276 3438 307 3484 ad
319 3436 696 3494 lineam,huncnaturalemesse
729 3439 804 3498 quoad
820 3438 925 3483 Momen:
943 3435 992 3493 alii,
1005 3435 1069 3497 quod
1085 3439 1207 3484 Minimum
1218 3451 1267 3483 mu·

155 3502 269 3551 omnium
297 3501 433 3564 Corporum
466 3512 574 3548 motum:
609 3500 697 3548 deinde
730 3508 810 3548 tatum.
828 3500 922 3558 Cicero,
934 3499 976 3547 lib.
988 3499 1019 3547 de
1032 3501 1101 3558 Fato,
1115 3502 1162 3549 Cur
1171 3503 1271 3548 declinet

157 3567 249 3615 ibidem
259 3567 333 3614 homo
345 3576 437 3623 acutus,
447 3581 503 3613 cum
515 3565 575 3613 illud
585 3580 696 3612 occurre·
730 3573 818 3613 atomus
835 3580 885 3612 tino
908 3563 1017 3621 minimo,
1038 3582 1082 3614 non
1098 3568 1196 3614 declinet
1212 3567 1268 3613 dao-

157 3641 202 3689 ret,
215 3632 236 3679 si
248 3631 331 3678 omnia
340 3631 455 3678 deorsum
467 3646 480 3678 e
491 3629 590 3692 regione
604 3629 697 3677 ferren-
731 3633 772 3678 bas
783 3638 825 3678 cut
836 3633 929 3677 tubus?
945 3638 973 3678 et
984 3630 1081 3678 Lucret.
1094 3630 1164 3688 infra,
1177 3646 1200 3678 v.
1213 3631 1269 3687 243,

158 3706 205 3754 tur,
225 3706 256 3754 et,
277 3704 305 3744 ut
325 3695 386 3753 dixi,
407 3694 553 3753 adlimam,
573 3710 697 3757 nunquam
731 3697 785 3743 244.
803 3697 912 3743 Paullum
921 3697 1008 3743 clinare
1018 3712 1107 3744 necesse
1116 3697 1147 3744 'st
1160 3697 1269 3756 Corpora,

157 3762 209 3809 fore
220 3771 249 3809 ut
259 3770 355 3810 atomus
367 3760 443 3809 altera
454 3760 555 3808 alteram
571 3760 649 3823 possit
659 3767 696 3807 at·
730 3775 771 3808 nec
790 3763 844 3822 plns
863 3777 930 3821 quom
950 3758 1087 3809 minimum.
1121 3758 1270 3817 Gassendus,
1347 3794 1350 3798 Α

158 3827 260 3889 tingere,
280 3826 362 3888 itaque
384 3825 465 3872 attulit
483 3841 535 3872 rem
553 3823 696 3875 commenti-
731 3828 853 3873 Minimum
863 3832 1003 3873 momentum.

158 3891 234 3947 tiam;
252 3890 376 3939 declinare
389 3890 452 3939 dixit
463 3898 570 3938 atomum
582 3889 697 3964 perpaul-
764 3891 819 3937 221.
835 3893 900 3941 Quod
914 3893 959 3938 nisi
970 3892 1101 3948 Declinare,
1113 3889 1170 3952 eta]
1183 3887 1270 3938 Brevi·

158 3956 210 4003 lum
233 3972 280 4018 quo
304 3955 366 4003 nihil
383 3955 461 4018 possit
483 3954 536 4002 fieri
557 3970 646 4013 minus,
664 3957 699 4002 ita
732 3963 776 4012 ter,
788 3971 812 4003 v.
825 3957 847 4002 4.
865 3956 929 4003 hunc
941 3964 1034 4003 motum
1046 3954 1216 4003 declinationis
1228 3952 1271 4000 ad-

159 4021 221 4068 effici
236 4019 426 4083 complexiones,
444 4028 469 4067 et
484 4019 658 4082 copulationes,
675 4028 700 4066 et
733 4019 879 4067 mittendum
900 4020 986 4076 docet;
1015 4020 1123 4082 alioquin
1151 4019 1272 4080 disjuncta

159 4085 312 4133 adhaesiones
330 4093 465 4132 atomorum
482 4084 547 4132 inter
563 4100 597 4142 se,
610 4099 642 4132 ex
653 4099 701 4146 quo
733 4099 829 4148 semper
852 4091 877 4131 et
899 4083 1004 4132 discreta
1025 4084 1149 4132 ferrentur
1170 4080 1272 4136 semina,

159 4150 298 4198 efficeretur
327 4149 433 4197 mundus
461 4164 594 4210 omnesque
618 4158 701 4211 partes
734 4158 849 4211 tanquam
861 4148 947 4197 imbris
957 4156 1040 4210 guttae,
1053 4148 1127 4196 nullae
1137 4148 1218 4194 forent
1228 4143 1270 4191 ad-

161 4214 311 4277 mundiquae
328 4213 396 4260 ineo
412 4222 476 4262 sunt.
511 4214 585 4261 Hanc
602 4221 701 4261 senten·
734 4214 861 4271 haesiones,
883 4220 908 4260 et
927 4212 1109 4276 complexiones
1128 4219 1271 4266 atomorum,

161 4276 228 4335 tiam,
241 4294 263 4326 v.
276 4280 314 4326 35.
328 4277 436 4342 explicat
448 4277 584 4327 Lucretius.
736 4288 760 4328 et
771 4277 874 4341 proinde
886 4277 954 4326 nulla
965 4275 1105 4339 composita.

803 4356 818 4392 a
