2872 4852
429 225 598 290 LIBER
628 225 886 292 TERTIUS.

236 378 422 451 Quinetiam
440 380 568 446 Morbis
583 383 616 444 in
632 382 789 466 Corporis
805 383 895 446 avius
911 394 1000 448 errat

127 489 174 536 465
194 479 291 564 Saepe
306 483 449 560 animus;
473 483 630 547 dementit
645 484 742 560 enim,
758 484 925 569 deliraque
941 485 1046 550 fatur:

192 581 424 668 Interdumque
440 585 530 668 gravi
546 584 715 670 Lethargo
731 585 834 650 fertur
848 587 881 650 in
896 586 998 651 altum

189 684 430 770 AEteruumque
447 708 608 771 soporem,
625 687 739 765 oculis,
756 700 903 773 nutuque
919 690 1071 768 cadenti;

191 784 288 850 Unde
304 810 411 871 neque.
426 789 561 852 exaudit
575 811 682 866 voces,
699 811 806 875 neque
821 812 957 855 noscere
973 792 1083 856 vultus

193 885 325 952 Illorum
341 891 426 974 potis
441 900 502 967 est,
519 890 562 954 ad
576 891 674 955 vitam
689 893 745 976 qui
760 903 950 968 revocantes

125 995 173 1047 470
188 988 407 1055 Circumstant
421 991 569 1076 lacrymis
585 1003 733 1056 rorantes
749 1016 818 1069 ora,
835 1016 1013 1079 genasque.

190 1090 303 1163 Quare
318 1090 471 1157 Animum
482 1116 614 1178 quoque
629 1093 762 1158 dissolvi
776 1093 900 1158 fateare
915 1117 1049 1160 necesse
1065 1096 1116 1172 ἐι,

190 1192 467 1277 Quandoquidem
480 1205 654 1279 penetrant
668 1196 701 1259 in
717 1217 791 1259 eum
806 1197 956 1280 contagia
969 1199 1091 1261 morbi:

192 1293 281 1358 Nam
296 1295 413 1372 Dolor,
427 1317 465 1359 ac
481 1295 622 1359 Morbus
636 1296 718 1359 lethi
731 1296 907 1361 fabricator
922 1307 1059 1381 uterque
1074 1298 1126 1376 'st,

190 1394 372 1459 Multorum
387 1397 486 1460 exitio
501 1396 649 1480 perdocti
664 1398 754 1480 quod
770 1420 880 1462 sumus
896 1408 981 1461 ante.

125 1505 173 1557 475
232 1497 385 1581 Denique
401 1520 469 1575 cur,
485 1497 647 1562 hominem
662 1520 735 1562 oum
750 1498 829 1564 Vini
844 1500 891 1562 vis
907 1502 1089 1583 penetravit

190 1598 299 1676 Acris,
315 1601 395 1664 etin
410 1621 507 1664 venas
524 1600 674 1664 discessit
689 1600 812 1665 diditus
828 1602 939 1678 ardor,

191 1702 411 1785 Consequitur
424 1703 565 1786 gravitas
580 1701 828 1767 Membroruml
852 1703 1100 1787 praepediuntur
1198 1752 1200 1763 .

190 1803 294 1867 Crura
310 1802 490 1867 vacillanti?
514 1803 669 1867 tardescit
686 1802 840 1887 Lingua?
863 1804 974 1868 madet
990 1803 1111 1869 Mens?

191 1906 284 1970 Nant
299 1905 407 1970 oculi?
440 1906 580 1984 Clamor,
597 1905 779 1991 Singultus,
795 1905 911 1989 Jurgia
925 1905 1090 1990 gliscunt?

124 2021 171 2067 480
187 2009 234 2072 Et
243 2009 311 2093 jam
325 2019 444 2073 caetera
459 2009 500 2072 de
516 2031 636 2093 genere
652 2008 715 2073 hoc
730 2030 934 2092 quaecunque
950 2014 1153 2092 sequuntur?

188 2111 256 2174 Cur
271 2132 310 2173 ea
326 2120 413 2187 sunt,
429 2111 491 2173 nisi
507 2112 596 2194 quod
611 2110 784 2175 vehemens
800 2108 951 2173 violentia
966 2110 1045 2175 Vini

188 2212 393 2277 Conturbare
409 2209 560 2275 Animam
575 2213 741 2276 consuevit
757 2211 904 2295 Corpore
919 2212 1064 2297 inipso?

187 2313 235 2379 At
250 2335 453 2398 quaecunque
468 2324 592 2396 queunt
607 2314 806 2390 conturbari,
821 2314 920 2397 inque
935 2315 1053 2398 pediri,

192 2416 395 2500 Significant,
412 2415 534 2499 (paullo
548 2416 575 2478 si
590 2416 702 2480 durior
717 2413 888 2479 insinuarit

124 2532 172 2579 485
191 2517 324 2600 Causa)
338 2517 408 2581 fore
423 2527 461 2580 ut
474 2527 621 2600 pereant,
639 2540 707 2581 aevo
725 2518 851 2601 privata
866 2516 988 2582 futuro.

231 2621 429 2697 Quinetiam,
446 2620 553 2683 subita
567 2621 598 2683 vi
612 2620 717 2684 morbi
732 2641 820 2703 saepe
836 2630 968 2684 coactus

134 2807 189 2854 465.
208 2807 337 2870 Dementit]
350 2807 409 2866 Alii,
426 2811 546 2856 dementia.
576 2808 638 2856 Ver·
672 2807 757 2871 possit,
772 2807 839 2856 idem
852 2807 1028 2857 vehementiori
1045 2808 1140 2871 impetu
1157 2824 1211 2856 cor-

102 2871 160 2919 bum
178 2882 259 2920 tamen
280 2875 404 2921 dementire
423 2871 483 2920 mihi
499 2882 639 2937 suspectum
672 2880 833 2936 rumperetur.
886 2911 890 2916 .

102 2946 146 2993 est,
164 2936 229 2998 quod
246 2952 260 2984 a
280 2937 378 2984 nemine
398 2936 453 2995 alio,
472 2939 537 2999 quod
555 2937 638 2995 sciam,
705 2940 761 2985 482.
781 2940 878 2999 Corpore
890 2941 914 2985 in
926 2937 986 2999 ipso]
1000 2938 1062 2985 Tota
1073 2936 1211 3001 argumenti

102 3009 245 3063 usurpatum
263 3011 306 3058 est,
325 3001 373 3050 nisi
392 3002 453 3050 forte
471 3018 485 3050 a
502 3002 638 3061 Lactantio,
672 3001 750 3050 visin
767 3002 805 3050 his
822 3002 916 3050 duabus
934 3002 1026 3050 voculis
1042 3002 1089 3050 sita
1103 3011 1154 3058 est;
1180 3001 1212 3050 iis

102 3063 143 3112 lib.
156 3066 199 3113 lv.
210 3065 252 3113 ubi
260 3065 361 3114 fortasse
369 3082 415 3130 pro
423 3069 547 3115 dementire
555 3067 639 3130 legen·
673 3076 781 3130 opponet
791 3065 820 3114 rb
831 3065 971 3128 oenofntnro,
981 3083 1003 3114 v.
1016 3069 1070 3114 485.
1084 3077 1109 3114 et
1119 3066 1148 3114 rb
1157 3069 1210 3114 aire

103 3128 161 3176 dum
172 3138 209 3177 est
220 3133 367 3186 dementarer
389 3131 503 3180 usitatius
520 3132 587 3180 enim
603 3140 642 3180 est
673 3139 760 3193 operto,
773 3147 795 3179 v.
809 3130 863 3181 507.
882 3134 965 3179 Faber.

102 3196 237 3253 dementare,
255 3210 332 3258 eoque
348 3204 451 3244 utuntur
468 3196 595 3259 Apuleius,
613 3205 638 3244 et
703 3196 759 3243 486.
779 3199 917 3252 Quinetiam,
929 3198 1006 3242 sabito
1020 3200 1043 3242 n·
1055 3199 1134 3251 morht,
1151 3194 1210 3256 etc.]

102 3257 267 3308 Tertullianus
279 3277 284 3306 ε
302 3262 435 3308 Lambinus.
671 3259 771 3317 Quinto,
782 3275 803 3307 v.
818 3261 856 3306 23.
866 3268 922 3322 post
931 3259 1034 3315 ebrium,
1044 3258 1210 3321 spectaculum

134 3322 189 3373 467.
209 3326 408 3386 (tertianamque
426 3322 531 3386 cademt]
549 3323 584 3370 Ut
602 3341 637 3372 so·
671 3339 720 3370 non
732 3323 867 3386 illepidum,
878 3322 994 3370 comitiali
1006 3324 1091 3370 morbo
1100 3331 1208 3385 prostra-

102 3390 153 3434 nttn
163 3392 260 3446 amnti,
272 3398 297 3436 et
308 3392 361 3436 ludo
366 3390 464 3451 juranti.
491 3388 549 3445 Alii,
561 3391 637 3434 nutat·
672 3395 732 3445 tum,
744 3387 892 3434 horrendum
904 3386 1010 3448 quidem,
1022 3395 1048 3433 et
1058 3387 1122 3449 quod
1138 3402 1211 3435 nemo

102 3468 145 3514 que
165 3455 263 3501 cadenti.
299 3452 428 3501 Utrumvis
448 3451 531 3514 eligas,
552 3451 640 3499 nullibi
672 3451 777 3499 libenter
793 3459 922 3513 spectaret,
940 3450 1016 3499 oculis
1033 3451 1123 3500 nostris
1139 3451 1209 3500 exhi·

102 3531 161 3564 vero
172 3517 283 3566 invenies
299 3517 436 3580 lethargum
453 3515 579 3564 venustius
596 3516 639 3563 de·
673 3516 720 3572 bet,
733 3523 841 3562 attamen
850 3523 964 3563 venustas
974 3530 1089 3564 versuum
1102 3517 1210 3566 Lucretii

104 3580 204 3644 pictura.
673 3579 732 3627 facit
747 3588 775 3627 ut
791 3579 872 3642 aliqua
883 3579 1038 3642 jucunditate
1059 3582 1209 3645 contemple-

135 3644 190 3697 475.
224 3648 328 3709 Denique
356 3663 403 3704 car,
433 3649 548 3702 nominem,
581 3643 639 3706 etc]
672 3661 740 3700 mun
764 3644 799 3692 ita
817 3645 883 3692 enim
901 3645 1018 3693 distendit
1033 3645 1156 3705 miserum,
1176 3647 1211 3696 ita

103 3709 204 3768 Quarto,
216 3727 238 3759 v.
253 3713 290 3760 ll.
301 3711 395 3760 ebrium
403 3711 430 3759 in
439 3725 537 3759 scenam
548 3711 638 3774 produ·
672 3726 716 3758 rua
743 3711 852 3758 membra
875 3712 1009 3772 jactantem
1037 3711 1155 3775 depingit,
1182 3721 1210 3761 ut

102 3774 143 3832 cit,
156 3775 307 3835 delirantem,
321 3777 473 3833 clamantem,
491 3775 579 3823 coelum
596 3775 639 3823 de·
672 3774 782 3837 quamvis
793 3775 893 3837 ingenio
907 3775 970 3823 male
986 3775 1102 3824 collocato
1118 3777 1209 3825 irasca-

102 3839 177 3902 nique
188 3856 244 3888 cum
256 3849 321 3889 terra
336 3841 493 3897 miscentem
516 3843 593 3903 quus,
612 3848 640 3887 ut
672 3856 733 3898 mur,
747 3839 835 3888 artifici
846 3848 928 3888 tamen
940 3839 1066 3903 ignoscere
1076 3841 1209 3890 debemus:

102 3919 182 3967 neque
194 3920 280 3953 manus
291 3921 370 3968 neque
383 3921 435 3968 pes,
451 3905 486 3953 ita
504 3921 550 3954 nec
568 3920 639 3954 aures
672 3905 788 3953 comitiali
800 3907 884 3953 morbo
896 3904 996 3953 affectus
1007 3905 1098 3969 desipit
1109 3915 1134 3953 et
1148 3904 1210 3953 deli·

103 3985 148 4017 neo
169 3969 240 4027 oculi,
264 3985 343 4032 neque
366 3985 435 4018 mens
457 3969 511 4033 ipsa
533 3970 639 4018 officium
672 3980 722 4025 rat;
741 3970 887 4034 desipientia
898 3985 956 4017 vero
967 3970 1015 4018 ista
1025 3970 1211 4018 dissolutionem

103 4049 174 4082 suum
190 4033 297 4090 factunm
323 4034 388 4083 unde
405 4050 464 4083 vero
481 4034 533 4082 haec
551 4035 639 4093 omnia,
672 4035 814 4083 substantiae
832 4034 922 4092 Animi,
940 4034 1025 4082 saltem
1043 4033 1209 4082 conturbatio·

102 4098 151 4146 nisi
162 4099 226 4162 quod
243 4099 344 4163 spiritus
359 4099 412 4147 vini
427 4099 504 4162 agiles
520 4108 545 4146 et
560 4099 638 4162 impe·
673 4115 729 4147 nem
740 4099 846 4155 indicam
862 4099 926 4161 quod
936 4114 992 4146 vero
1001 4099 1028 4147 in
1037 4099 1091 4162 ipso
1100 4099 1211 4159 Corpore

103 4163 166 4212 tuosi
178 4179 224 4228 per
235 4165 330 4228 Corpus
347 4180 419 4212 omne
435 4163 517 4212 diffusi
532 4164 638 4221 turbant,
672 4164 785 4227 dissipari
793 4163 879 4226 possit,
888 4163 941 4226 quis
951 4163 1082 4210 arbitretur
1089 4161 1115 4208 in
1125 4168 1211 4222 aperto

103 4227 203 4290 agitant,
227 4237 252 4276 et
273 4229 413 4277 distrahunt
438 4229 575 4277 Animum?
606 4228 640 4277 At
672 4229 737 4277 Atre
750 4229 899 4291 (Animaco
930 4242 971 4275 ore
982 4226 1092 4274 exsoluta
1105 4224 1130 4270 in
1144 4225 1216 4272 Aere.

103 4292 218 4356 quicquid
238 4292 330 4341 imbelli
352 4293 376 4342 vi
399 4294 491 4344 turbari
513 4293 640 4356 disjicique
673 4292 745 4356 degat
763 4308 862 4341 necesse
880 4243 929 4352 edil
949 4291 1072 4350 integrum
1092 4290 1209 4335 maneret
