2872 4852
449 229 621 294 LIBER
653 230 880 295 SEXTUS.

198 384 306 449 Janua
321 408 362 450 ne
376 384 428 450 his
444 385 524 450 Orci
540 387 649 470 potius
664 387 851 470 regionibus
867 409 940 451 esse

198 487 362 552 Credatur
375 488 481 571 pbsta,
498 487 574 552 hinc
589 486 725 552 Animas
742 487 942 554 Acheruntis
957 489 991 553 in
1005 512 1080 553 oras

199 588 332 654 Ducere
347 588 431 654 forte
445 592 526 655 deos
542 589 673 654 Maneis
688 590 813 655 inferne
829 613 976 669 reamur;

134 701 182 752 765
200 691 347 756 Naribus
363 692 507 777 alipedes
523 704 560 758 ut
574 693 672 758 Cervi
688 715 775 777 saepe
793 703 951 777 putantur

198 793 330 859 Ducere
347 796 389 861 de
403 795 536 860 latebris
553 797 717 880 serpentia
732 794 829 859 saecla
841 795 1001 860 ferarum:

198 895 299 968 Quod
313 897 428 982 procul
443 922 462 962 a
477 921 554 963 vera
568 922 665 984 quam
681 899 723 962 sit
738 899 862 963 ratione
878 897 1056 983 repulsum,

196 998 353 1084 Percipe;
377 1023 515 1086 namque
530 1002 602 1085 ipsa
616 1002 658 1065 de
674 1023 710 1064 re
725 1023 810 1065 nunc
825 1002 935 1066 dicere
951 1023 1061 1066 conor.

241 1101 406 1187 Principio
420 1103 484 1167 hoc
500 1104 584 1180 dico,
600 1103 690 1188 quod
705 1103 774 1167 dixi
789 1124 876 1186 saepe
891 1125 1022 1187 quoque
1037 1113 1125 1181 ante,

132 1212 180 1263 770
198 1202 238 1265 In
253 1203 361 1268 Terra
375 1206 534 1289 cujusque
549 1205 637 1268 modi
651 1226 760 1269 rerum
774 1226 848 1269 esse
863 1204 1006 1288 figuras;

197 1302 317 1381 Multa,
334 1305 469 1369 Homini
482 1329 556 1391 quae
572 1316 647 1371 sunt
662 1305 787 1383 vitalia3
811 1304 976 1388 multaque
990 1306 1122 1369 morbos

196 1405 358 1484 Incutere,
374 1418 407 1472 et
421 1418 557 1472 mortem
573 1431 647 1493 quae
664 1409 791 1493 possint
806 1406 1006 1473 accelerare:

196 1507 243 1571 Et
257 1509 359 1593 magis
374 1531 447 1574 esse
463 1508 533 1573 aliis
548 1508 627 1574 alias
642 1508 873 1574 Animantibus
887 1520 981 1594 aptas

196 1609 266 1674 Res
282 1611 325 1674 ad
339 1612 416 1676 vitai
430 1612 599 1688 rationem,
615 1612 816 1676 ostendimus
831 1623 919 1688 ante,

131 1722 177 1773 775
198 1711 341 1796 Propter
356 1713 543 1779 dissimilem
557 1725 717 1792 naturam,
733 1713 980 1799 dissimileisque

193 1814 361 1880 Texturas
377 1818 462 1882 inter
477 1839 561 1895 sese,
576 1818 763 1902 primasque
778 1816 920 1902 figuras:

193 1916 302 1982 Multa
316 1930 424 1984 meant
438 1920 565 1984 inimica
581 1943 639 2003 per
655 1920 774 1997 aureis,
790 1918 891 1983 multa
906 1941 967 2004 per
981 1919 1070 2004 ipsas

193 2019 363 2086 Insinuant
377 2023 483 2086 nareis
498 2021 618 2086 infesta
632 2032 730 2105 atque
747 2043 865 2104 aspera
879 2023 999 2098 odore;

192 2121 266 2187 Nec
282 2136 358 2187 sunt
371 2123 473 2188 multa
487 2146 603 2208 parum
617 2133 708 2186 tactu
724 2123 867 2200 vitanda,
883 2145 943 2188 nec
958 2133 1068 2189 autern

129 2231 175 2279 ⁷80
194 2221 344 2308 Aspectu
359 2224 526 2309 fugienda,
543 2245 727 2308 saporeque
743 2224 848 2287 tristia
862 2247 937 2308 quae
952 2225 1026 2289 sint.

196 2323 327 2390 Deinde
343 2327 452 2390 videre
468 2325 544 2391 licet
559 2347 656 2410 quam
670 2324 780 2391 multae
796 2326 860 2390 sint
876 2325 1010 2389 Homini
1024 2348 1076 2390 res

196 2426 329 2492 Acriter
342 2428 462 2493 infesto
478 2451 588 2506 sensu,
604 2450 808 2512 spurcaeque,
823 2449 1015 2512 gravesque.

195 2529 382 2596 Arboribus
397 2533 536 2616 primurn
552 2532 648 2596 certis
664 2531 772 2616 gravis
787 2531 902 2595 umbra
917 2530 1040 2594 tributa
1055 2530 1106 2608 ’st,

195 2632 406 2719 Usqueade0,
422 2634 538 2717 capitis
554 2633 674 2699 faciant
688 2643 726 2697 ut
741 2655 828 2718 saepe
844 2631 986 2710 dolores,

129 2744 176 2796 785
195 2735 318 2821 Siquis
333 2759 389 2801 eas
405 2738 519 2801 subter
529 2736 633 2820 jacuit
649 2733 832 2820 prostratus
847 2735 881 2799 in
894 2734 1018 2799 herbis.

237 2838 301 2903 Est
316 2840 413 2904 etiarn
427 2839 460 2904 iu
475 2839 600 2924 magnis
617 2836 786 2902 Heliconis
800 2837 964 2901 montibus
981 2838 1077 2901 arbos

192 2941 297 3007 Floris
313 2944 414 3008 odore
429 2943 591 3008 hominem
608 2952 694 3006 tetro
709 2951 866 3006 consueta
879 2962 1014 3005 necare:

193 3045 324 3111 Scilicet
338 3046 410 3112 baec
424 3047 499 3111 ideo
514 3045 629 3111 Terris
645 3068 687 3109 ex
702 3046 808 3109 omnia
823 3054 961 3129 surgunt

192 3147 301 3212 Multa
315 3151 419 3214 modis
435 3149 543 3213 multis
558 3146 731 3213 multarum
747 3147 878 3211 Semina
892 3168 1013 3223 rerum,

126 3260 173 3311 790
192 3250 293 3323 Quod
307 3253 462 3336 permista
476 3253 560 3335 gerit
575 3249 702 3326 Tellus,
718 3250 925 3334 discretaque
941 3248 1051 3313 tradit.

235 3351 507 3438 Nocturnumque
523 3374 636 3417 recens
652 3353 831 3416 extinctum
846 3351 985 3427 Lumen,
1002 3350 1060 3415 ubi
1075 3351 1141 3415 acri

138 3525 193 3576 765.
211 3528 315 3574 Naribus
331 3530 432 3589 adportes
448 3536 475 3576 at
494 3529 568 3584 Cervi,
584 3525 641 3589 eta]
675 3525 762 3574 eratin
774 3526 859 3582 ltalia3
876 3525 941 3584 dein,
951 3542 1035 3575 verum
1044 3526 1106 3576 illud
1114 3526 1145 3575 de
1154 3535 1213 3575 taxo

106 3590 176 3639 Nihil
193 3591 271 3654 magis
290 3592 321 3640 ad
340 3592 478 3649 ridiculum,
495 3608 575 3655 neque
595 3607 640 3640 un·
674 3607 723 3639 uon
735 3595 853 3652 estflors'r
864 3594 931 3641 odore
942 3609 1030 3640 necare.

103 3672 176 3719 quam
188 3655 290 3705 facetius
301 3672 414 3705 scomma.
444 3657 539 3707 Plinius
551 3665 641 3714 autem,
707 3656 762 3708 791.
786 3659 972 3719 Noetumumqne
991 3672 1068 3706 recem
1087 3660 1212 3706 extinctum

102 3721 143 3770 lib.
157 3721 205 3770 XI.
217 3736 270 3784 cap.
284 3724 322 3769 53.
351 3722 545 3785 Elephantorum
560 3722 641 3771 anima
673 3721 773 3784 Lumen]
788 3722 818 3770 In
829 3721 954 3771 codicibus
965 3721 1028 3770 mira
1038 3721 1213 3780 veneruntne

102 3797 230 3850 serpentes
241 3786 355 3843 extrahit,
367 3802 494 3836 cervorum
505 3787 565 3835 item
576 3786 632 3835 urit.
674 3787 719 3834 hos
735 3802 820 3836 versus
837 3786 872 3835 ita
887 3786 987 3850 refingit
1006 3787 1092 3846 Faber,
1109 3789 1212 3836 Noctur-

136 3851 191 3903 782.
218 3850 367 3914 Sparsaque]
392 3852 507 3901 Foetidae:
535 3854 641 3906 Noniuss
674 3855 994 3914 numquereceneeetinctum
1004 3853 1214 3911 Lumen,ubs'aerr’

102 3926 127 3965 et
143 3917 170 3966 in
186 3916 299 3978 sequenti
314 3931 393 3974 versu,
411 3916 529 3980 infestant,
545 3933 640 3965 remum
674 3919 764 3965 Nidore
785 3919 880 3978 ‹fiendit
901 3933 975 3975 nores,
998 3922 1099 3979 ermops't
1120 3920 1213 3975 ibidem,

103 3981 244 4040 Lambinus,
258 3980 347 4044 infeste
363 3997 437 4040 sensa,
454 3981 480 4029 id
496 3990 541 4040 est,
558 3984 641 4040 rauci,
675 3981 776 4040 Nidore,
793 3989 820 4030 at
835 3997 933 4030 somnos
949 3985 989 4044 qut
1004 3984 1095 4030 morbus
1116 3981 1214 4030 mittere

103 4045 363 4095 atnibilmutandum.
674 4049 754 4094 suevit.
789 4046 920 4110 Repetitur
936 4061 984 4094 vox
1000 4050 1086 4102 atdo'n,
1103 4055 1131 4094 ut
1147 4059 1212 4109 serpe

136 4109 190 4160 786.
208 4113 326 4160 Heliconis
343 4114 455 4159 montibus
470 4109 550 4173 arbor]
568 4111 641 4166 Quae·
674 4110 741 4159 alias.
777 4110 828 4160 Iste
844 4119 925 4160 autern
942 4111 1041 4159 morbus
1057 4111 1099 4172 qui
1116 4123 1215 4158 somnos

103 4189 160 4222 narn
168 4173 211 4222 illa
219 4175 252 4224 sit
259 4176 405 4225 diviuabunt
413 4175 470 4225 alii:
488 4175 587 4240 quidam
597 4191 640 4224 ex·
674 4175 754 4224 suevit
773 4175 878 4234 mittere,
897 4175 1028 4238 lethargus
1065 4173 1179 4221 Gilanius
1199 4187 1214 4221 e

103 4238 372 4300 intimantessetaaam,
382 4241 424 4290 sed
434 4257 479 4290 cur
488 4256 533 4290 uos
544 4241 575 4289 ad
588 4241 641 4289 He·
674 4241 743 4289 codd.
777 4241 900 4303 Dlrjieere,
918 4248 945 4288 ut
964 4239 1047 4302 privos
1065 4241 1106 4300 qui
1124 4240 1214 4286 morbae

103 4301 208 4351 lironem
218 4302 342 4354 mitteret?
360 4305 518 4356 Taxuseuim
527 4305 642 4370 frequens
674 4322 734 4367 repe
750 4307 839 4353 suevit.-
863 4305 913 4352 l’ro
926 4306 1004 4365 privor
1019 4302 1066 4364 leg.
1076 4318 1171 4371 'pronon
1188 4311 1216 4350 et
