2872 4852
444 255 613 323 LIBER
645 257 868 323 PRIMUS.

120 427 166 472 135
185 413 330 479 Cernere
345 415 392 478 uti
407 416 576 479 videamur
590 439 658 494 eos,
674 416 853 498 audireque
869 435 989 490 coram,

183 516 294 580 Morte
309 517 398 581 obita
412 540 552 601 quorum
565 518 661 583 tellus
677 517 883 602 amplectitur
897 539 982 582 ossa.

224 619 298 683 Neo
314 642 364 684 me
379 621 475 684 animi
489 620 582 698 fallit,
600 621 791 684 Gnaiouuu
807 621 947 684 obscura
961 629 1092 703 reperta

181 721 323 786 Difficile
339 721 512 787 inlustrare
529 722 675 786 Lnrnus
690 723 844 786 versibus,
854 744 939 800 esse,

181 822 303 905 (Multa
318 825 409 888 novis
424 827 531 890 verbis
546 825 727 909 praesertim
742 846 815 890 curn
831 825 874 888 sit
888 823 1076 909 agendum)

118 939 164 986 140
182 925 324 1010 Propter
339 937 519 1010 egestatem
533 925 664 1012 linguae,
682 936 716 991 et
730 950 838 991 rerum
853 927 1045 991 novitatem:

181 1028 249 1092 Sed
264 1039 321 1093 tua
333 1050 384 1093 me
399 1029 516 1093 Virtus
532 1039 651 1106 tamen,
667 1040 701 1093 et
718 1039 849 1114 sperata
863 1027 1014 1113 voluptas

180 1130 296 1194 Suavis
312 1129 485 1208 Amicitiae,
502 1132 647 1214 quemvis
663 1130 809 1215 perferre
823 1129 968 1195 laborem

180 1231 318 1310 Suadet,
334 1243 367 1297 et
381 1234 507 1297 inducit
522 1234 646 1299 nocteis
661 1232 794 1317 vigilare
810 1254 953 1309 serenas,

181 1332 392 1406 Quaerentem
408 1335 503 1398 dictis
519 1335 650 1418 quibus,
666 1344 700 1397 et
714 1356 780 1417 quo
795 1335 936 1397 carmine
952 1334 1081 1397 demum

117 1446 162 1491 145
182 1434 279 1498 Clara
294 1445 360 1499 tuae
374 1435 498 1519 possim
511 1435 727 1519 praepandere
742 1433 863 1498 lumina
880 1435 990 1511 menti,

180 1536 251 1601 Res
266 1538 386 1620 quibus
402 1537 545 1603 occultas
560 1538 691 1621 penitus
707 1538 874 1601 convisere
889 1537 1007 1621 possis.

223 1639 323 1703 Hunc
337 1640 438 1724 igitur
452 1650 610 1703 terrorem
625 1640 733 1717 animi,
750 1641 967 1723 tenebrasque
983 1661 1117 1704 necesse
1133 1639 1173 1705 ’st

178 1741 258 1805 Non
272 1743 356 1805 radii
371 1741 468 1819 Solis,
483 1764 590 1825 neque
605 1740 715 1805 lucida
729 1741 795 1805 tela
810 1741 889 1806 Diei

180 1842 379 1922 Discutiunt,
397 1846 455 1909 sed
470 1845 610 1910 Naturae
627 1846 763 1929 species,
780 1845 963 1928 Ratioquer

116 1959 162 2005 1⁵0
181 1945 381 2031 Principium
395 1946 471 2011 hinc
486 1948 579 2032 cujus
595 1947 689 2010 nobis
705 1948 841 2011 exordia
858 1957 980 2024 sumet;

126 2189 179 2236 136.
196 2189 359 2252 Morteobita]
377 2189 464 2238 Cicero
480 2206 526 2253 pro
542 2190 633 2238 Sextio.
667 2191 723 2237 462.
761 2192 873 2246 AEstiaar,
896 2189 1017 2237 Muretus.
1053 2188 1149 2242 Quibus
1170 2187 1212 2234 1111

91 2256 143 2301 Nec
153 2270 205 2301 vero
216 2257 306 2302 illorum
317 2259 436 2316 qaisquam
447 2272 501 2317 quos
512 2272 527 2302 a
539 2255 634 2317 majori·
667 2269 753 2302 somno
764 2253 930 2315 indulgebant.

92 2321 134 2365 bar
144 2322 229 2366 nostris
240 2327 310 2367 morte
322 2323 384 2366 obita
392 2322 478 2379 positos
489 2323 513 2367 in
525 2321 566 2366 ilio
581 2323 634 2375 loeo,
703 2318 756 2368 147.
774 2320 844 2365 Hanc
856 2316 942 2379 igitur]
960 2317 1016 2365 Jam
1033 2317 1132 2364 tandem
1149 2332 1211 2380 opus

91 2391 160 2443 atque
183 2386 207 2429 in
232 2386 314 2431 rostris
341 2385 467 2430 collocator.
507 2382 634 2445 Virgilius,
668 2381 821 2444 aggreditur:
840 2397 862 2428 v.
875 2383 911 2428 13.
924 2392 949 2428 et
960 2390 989 2429 ut
999 2395 1096 2428 omnem
1108 2381 1138 2428 de
1151 2383 1209 2428 Pro-

92 2448 169 2494 Morte
185 2451 248 2494 obita
264 2450 343 2509 quoles
354 2445 422 2509 samo
441 2455 475 2494 est
492 2449 588 2495 volitare
601 2449 634 2508 11-
667 2450 771 2494 videntia
782 2444 922 2509 opinionem
936 2447 1096 2502 subverteret,
1108 2446 1211 2509 probare

89 2527 171 2574 garos.
668 2521 771 2559 conatur
779 2526 818 2558 res
825 2509 904 2573 primo
912 2510 986 2558 factas
996 2510 1070 2558 fuisse
1081 2509 1133 2558 sine
1143 2511 1210 2558 Deo-

127 2575 190 2623 Ibid.
210 2574 292 2638 Obitu]
304 2578 406 2638 Sumpta,
415 2585 527 2638 suscepto,
540 2586 565 2623 et
576 2593 635 2624 eom·
668 2591 724 2624 rum
736 2574 834 2630 auxilio,
844 2575 948 2638 ideoque
961 2591 1009 2623 non
1022 2576 1052 2622 ab
1063 2573 1094 2622 ii·
1105 2575 1158 2638 regi
1170 2584 1213 2623 aut

89 2643 162 2703 plata,
175 2649 203 2689 ut
213 2644 275 2689 obire
286 2658 367 2689 munus
377 2640 473 2689 dicitur.
504 2644 602 2689 Servius.
668 2639 844 2688 administrari:
859 2653 887 2688 nt
895 2649 976 2688 autem
986 2639 1081 2687 felicius
1089 2640 1212 2703 procedat,

127 2704 181 2756 137.
199 2704 306 2767 Necme]
320 2705 449 2770 Proposito
462 2705 538 2754 futuri
555 2705 636 2769 operis
668 2705 775 2769 primum
792 2705 843 2753 hoc*
854 2705 940 2754 statuit
957 2703 1119 2768 principium
1144 2707 1214 2752 Nihil

92 2779 243 2833 argumento,
260 2770 299 2818 bis
316 2772 355 2818 20.
368 2787 391 2819 v.
408 2770 575 2819 difficultatem
592 2785 635 2818 ex·
669 2773 697 2818 de
708 2772 833 2831 Nihilofit.
861 2769 934 2825 Quod
945 2769 1024 2818 fusius
1035 2768 1093 2817 olim
1110 2769 1211 2817 demon·

92 2835 179 2897 pendit
196 2835 279 2894 Poeta,
296 2845 427 2899 monetque
445 2851 481 2894 ea,
499 2837 529 2884 de
549 2835 637 2897 quibus
669 2843 790 2882 straturus
807 2845 857 2889 est;
882 2836 1053 2883 observaverat
1072 2834 1138 2882 enim
1159 2834 1212 2898 opi-

95 2902 178 2956 Graeci,
188 2900 311 2964 Epicurus
322 2900 368 2948 viz.
379 2903 479 2963 eJusque
490 2901 636 2959 Sacratores,
669 2900 768 2947 nionern
791 2900 822 2947 de
845 2901 994 2949 Providentia
1017 2898 1105 2947 exinde
1130 2909 1213 2946 natam

93 2964 285 3028 disputaverant,
297 2965 387 3013 Latino
402 2965 517 3014 Carmine
530 2965 636 3014 scribere
669 2979 729 3022 esse,
741 2964 804 3026 quod
814 2964 926 3012 homines
935 2964 1012 3012 multa
1021 2963 1047 3011 in
1060 2963 1143 3011 Terris
1156 2965 1212 3011 Coe-

93 3045 155 3093 opus
181 3046 234 3078 esse
262 3030 364 3078 arduum
393 3039 418 3078 et
446 3029 551 3087 difficile,
580 3046 636 3078 curn
669 3028 740 3091 loque
752 3028 806 3076 fieri
817 3028 931 3087 viderint,
943 3044 1047 3090 quorum
1058 3043 1143 3076 causas
1158 3044 1213 3076 eum

92 3104 194 3158 propter
210 3104 342 3157 egestatem
359 3094 450 3158 linguae
467 3095 568 3152 Latina,
585 3104 637 3142 tum
670 3093 782 3141 invenire
794 3108 843 3141 non
855 3093 987 3156 potuerint,
1000 3109 1028 3140 ea
1040 3109 1055 3140 1
1067 3092 1123 3141 Diis
1136 3110 1148 3140 e
1166 3095 1211 3140 Ni-

112 3168 193 3223 ropter
203 3159 336 3208 novitatem
345 3175 441 3215 rerum3
459 3159 570 3222 quemvis
579 3175 637 3208 vero
670 3161 717 3206 bilo
726 3157 779 3205 fieri
788 3157 952 3206 crediderunt
980 3156 1006 3206 Si
1018 3157 1094 3220 igitur
1103 3156 1173 3204 Nihil
1183 3158 1214 3204 de

92 3175 200 3272 liborem
208 3224 271 3272 ferre
277 3240 304 3272 se
314 3234 426 3288 paratum
436 3239 489 3272 esse
499 3225 640 3288 profitetur,
670 3223 756 3271 Nihilo
767 3222 821 3270 fieri
832 3222 1025 3270 demonstratum
1038 3221 1120 3278 fuerit,
1132 3229 1213 3269 actum

94 3288 207 3336 Memmii
219 3289 258 3337 sui
274 3289 360 3351 gratia,
373 3288 514 3337 amicissimi
531 3288 635 3336 ornatis·
669 3298 734 3337 esset
745 3288 776 3335 de
791 3289 955 3335 Providentia:
972 3295 1067 3333 atvero
1083 3285 1154 3333 facile
1170 3301 1213 3347 ag·

93 3352 197 3415 almique
209 3353 352 3416 Viri,quem
364 3353 542 3401 instituendum
553 3368 635 3401 susce-
670 3362 754 3399 noscet
774 3353 869 3408 Lector,
888 3350 1030 3398 Lucretium
1052 3359 1120 3397 tanto
1140 3365 1213 3397 cona·

94 3428 172 3480 perat.
670 3416 736 3463 mine
747 3415 772 3462 id
784 3415 862 3462 solum
874 3415 989 3478 probasse
1001 3413 1066 3476 quod
1080 3429 1151 3461 nemo
1168 3429 1212 3461 nes

129 3481 191 3528 lbid.
209 3481 302 3542 Animi]
313 3479 405 3543 Supple
414 3483 476 3527 ratio
482 3499 491 3534 ,·
510 3490 536 3528 at
548 3481 576 3527 Β.
587 3480 636 3528 (tit
669 3489 726 3542 gat;
746 3482 816 3526 Nihil
831 3478 876 3527 viz.
894 3479 960 3527 intra
977 3479 1079 3526 Naturae
1095 3479 1214 3527 ambitum

94 3545 185 3607 aliique
196 3545 283 3608 legunt
294 3549 389 3593 unimur.
670 3544 700 3591 de
716 3546 797 3591 Niin'io
813 3543 922 3606 produci.
956 3543 1009 3590 Nec
1028 3552 1066 3590 est
1082 3545 1147 3610 quod
1164 3544 1215 3597 ulla

129 3612 182 3658 141.
200 3613 299 3672 Sparata
309 3608 426 3671 voluptas]
439 3611 549 3671 Spectata
560 3612 637 3657 volun-
654 3618 756 3661 .contra
772 3611 819 3657 Dei
836 3607 972 3671 potentiam
993 3607 1121 3656 timeamus
1141 3624 1213 3672 argu·

95 3685 138 3734 tas,
152 3676 180 3723 B.
210 3674 268 3733 Alii,
281 3676 505 3737 apectataaoiaptos.
535 3674 576 3722 Ex
586 3675 637 3722 De·
671 3682 762 3730 menta,
774 3688 829 3721 cum
841 3671 1008 3721 acutissimum
1021 3673 1131 3722 Lucretii
1143 3674 1213 3737 inge-

93 3750 161 3789 creto
178 3742 283 3802 Epicuri,
303 3747 329 3788 et
345 3740 376 3787 ad
395 3739 462 3788 illius
483 3739 637 3803 exemplum
670 3737 739 3786 nium
752 3747 801 3786 tam
812 3737 917 3786 infirmis
928 3737 1012 3797 utitur,
1022 3738 1043 3786 si
1055 3737 1213 3788 enim-Per-

94 3806 129 3854 111
141 3805 207 3854 enim
218 3804 260 3852 ille
276 3806 307 3853 ad
323 3804 464 3868 Pythoclem
480 3819 559 3860 suum,
571 3803 639 3864 ἡμεῖς
668 3820 739 3867 goma
756 3806 839 3851 dasiro
861 3802 961 3866 Dafandi
977 3807 1074 3866 possint,
1093 3810 1154 3851 certe
1171 3806 1214 3852 hae

94 3869 120 3919 δὲ
142 3868 216 3928 ἡδέσι
242 3868 273 3918 σέ
298 3870 343 3918 σοῦ
369 3869 415 3927 τὴν
438 3866 520 3927 δέησιν
542 3868 639 3930 &veirt-
670 3867 897 3930 desenaafaissent.'

94 3933 176 3996 suasa,
189 3933 228 3983 nal
240 3932 336 3983 ἐλπίσιν
346 3933 433 3992 ἡδείαις
451 3931 638 3998 συνεσχέθημεν,
706 3935 759 3981 148.
779 3935 836 3981 Telo
847 3931 915 3994 Diei]
928 3933 1001 3981 Radii
1015 3932 1084 3991 Solis,
1098 3933 1139 3995 qui
1153 3933 1213 3981 telo-

96 4010 143 4049 etc.
671 4013 726 4046 rum
735 3998 813 4046 instar
818 3997 877 4060 J'acti
890 4007 915 4045 et
926 3997 1007 4046 diffusi
1019 4013 1064 4061 per
1072 3998 1215 4046 universum

130 4067 183 4113 142.
208 4062 328 4126 Perserre]
350 4065 448 4125 Efferre,
470 4063 498 4110 Β.
516 4062 567 4110 Gif.
588 4062 638 4111 alii.
671 4064 755 4111 orbem
767 4062 876 4110 inferunt
886 4062 981 4110 lucemr
999 4071 1068 4110 notat
1077 4074 1159 4111 autern
1171 4077 1215 4125 per

95 4132 204 4192 Sufferre,
217 4130 245 4178 1.
673 4131 779 4176 1111111111
790 4127 937 4175 exteriorem
948 4142 1030 4175 rerum
1042 4126 1215 4190 cognitionem,

131 4197 184 4243 143.
202 4193 312 4257 19111111]
322 4195 523 4255 Glareaporotas.
547 4192 641 4248 Quidni
673 4193 737 4241 sicut
749 4208 794 4256 per
811 4195 910 4241 Natura
926 4196 1022 4253 speciem
1038 4191 1161 4254 significat
1177 4190 1215 4237 in-

96 4263 204 4308 severas?
223 4260 280 4307 Vox
292 4258 357 4306 enirn
369 4257 417 4306 ista
433 4258 540 4305 laborem
559 4257 641 4305 Poetae
673 4267 768 4306 ternam
785 4273 867 4305 rerum
884 4255 1049 4319 cognitionem
1066 4270 1111 4317 per
1124 4269 1215 4308 causas,

96 4322 184 4390 11111111
191 4333 216 4372 et
224 4323 317 4372 felicius
324 4322 448 4386 exprimit.
470 4322 526 4374 Vid.
535 4322 551 4371 l.
563 4323 608 4370 1v.
619 4339 640 4372 v.
674 4325 761 4386 Foyur.
790 4320 929 4380 Pueriliter,
942 4330 970 4368 ut
979 4329 1006 4368 et
1017 4318 1105 4368 omnia

811 4400 824 4432 c
