2872 4852
206 228 271 293 346
587 224 630 288 T.
664 224 936 301 LUCRETII

294 383 477 459 CertanteS,
493 379 641 466 lacrymis
655 380 732 448 lassi
747 381 903 465 luctuque
919 381 1080 451 redibant.

293 486 374 549 Inde
389 486 509 557 bonam
523 494 649 568 partem
664 484 698 546 in
711 482 832 551 lectum
845 506 985 554 moerore
1001 484 1180 556 dabantur:

293 588 367 652 Nec
382 596 511 671 poterat
526 586 698 669 quisquam
710 587 857 669 reperiri,
874 609 970 669 quem
985 608 1091 669 neque
1106 587 1252 663 morbus,

295 689 369 753 Nec
384 711 485 767 mom,
498 709 557 758 nec
572 686 679 759 luctus
696 697 836 753 tentaret
851 698 998 771 tempore
1015 687 1081 752 tali.

219 803 281 852 1250
337 791 514 868 Praeterea,
526 791 594 874 jam
609 800 732 874 pastor,
750 801 783 853 et
799 788 1025 856 Armentarius
1042 791 1155 866 onmis,

295 894 341 957 Et
355 894 510 964 robustus
525 892 602 969 item
616 893 706 957 curvi
722 893 907 959 moderator
922 893 1032 969 aratri,

293 995 524 1080 Langucbant,
536 994 732 1078 penitusque
748 995 831 1059 casis
847 1006 1001 1061 contrusa
1013 997 1168 1079 jacebant

293 1099 451 1181 Corpora,
467 1106 660 1180 paupertate
676 1105 709 1159 et
724 1098 838 1161 morbo
854 1097 965 1161 dedita
980 1098 1086 1161 morti.

293 1200 460 1272 Exanimis
475 1199 586 1282 pueris
603 1219 701 1281 super
717 1199 899 1266 exanimata
915 1210 1087 1282 parentum

217 1316 277 1363 1255
292 1303 439 1387 Corpora
454 1323 685 1385 nonnunquam
699 1323 825 1385 posses,
842 1312 996 1385 retroque
1012 1302 1122 1367 videre

293 1405 468 1480 Matribus,
483 1414 516 1468 et
531 1404 678 1487 patribus
694 1414 788 1467 natos
805 1425 903 1486 super
918 1405 1016 1469 edere
1032 1404 1139 1466 vitam.

334 1506 409 1580 Nec
423 1506 587 1588 minimum
601 1506 719 1588 partim
733 1528 775 1569 ex
791 1507 876 1588 agris
893 1506 1026 1588 aegroris
1041 1507 1073 1567 in
1089 1507 1204 1569 urbem

292 1608 470 1684 Confluxit‚
486 1607 642 1690 languens
658 1630 754 1690 quem
769 1607 905 1673 contulit
922 1607 1151 1690 Agricolarum

293 1710 407 1794 Copia,
426 1710 619 1782 conveniens
635 1732 677 1773 ex
693 1711 779 1773 omni
793 1712 941 1774 morbida
956 1711 1052 1794 parti.

219 1822 281 1870 1260
295 1812 413 1875 Omnia
428 1810 634 1895 complebant
649 1810 721 1877 loca
735 1822 885 1895 tectaque
901 1834 966 1896 quo
982 1835 1075 1897 mage
1090 1835 1146 1877 eos
1162 1820 1230 1875 tum

292 1912 465 1978 Confertos
480 1913 525 1976 ita
540 1913 713 1977 acervatim
727 1935 813 1977 mors
829 1913 1063 1978 accumulabat.

293 2015 402 2079 Multa
418 2016 471 2078 siti
483 2026 648 2105 prostrata
662 2017 746 2079 viam
759 2038 829 2100 per,
844 2039 969 2100 proque
982 2017 1092 2080 voluta

293 2117 440 2202 Corpora
457 2116 574 2182 silanos
590 2119 633 2181 ad
648 2140 804 2202 aquarum
822 2128 923 2182 strata
934 2120 1100 2203 jacebant,

293 2219 475 2284 Intercluso
488 2221 593 2284 anima
608 2221 704 2284 nimia
717 2221 759 2284 ab
775 2219 947 2284 dulcedine
963 2223 1069 2303 aquai.

220 2335 281 2381 1265
294 2323 467 2406 Multaque
482 2345 542 2406 per
557 2322 670 2407 populi
685 2323 805 2407 passim
819 2321 891 2387 loca
905 2335 1043 2406 promta,
1060 2324 1192 2406 viasque

294 2425 467 2510 Languida
483 2426 667 2489 semianimo
683 2435 751 2488 tum
766 2446 903 2509 corpore
919 2427 1062 2489 membra
1077 2425 1217 2500 videres,

293 2525 440 2591 Horrida
454 2528 599 2610 paedore,
616 2537 649 2590 et
665 2528 780 2611 pannis
797 2542 953 2612 cooperta
967 2530 1075 2612 perire

294 2628 449 2713 Corporis
464 2628 601 2694 inluvie:
625 2629 718 2714 pellis
735 2653 835 2714 super
851 2633 979 2696 ossibus
995 2654 1071 2706 una,

207 2881 280 2941 Inque
301 2881 355 2926 aliis
374 2883 442 2937 alius,
461 2888 503 2928 etc.
527 2881 656 2928 verborum
678 2881 743 2930 enim
777 2880 826 2928 δενὶ
838 2874 1316 2941 κόσμῳ,ἇλλὰκα1νεκροὶὲπ’ᾰλλήλοις

207 2943 347 2992 consecutio
364 2944 416 2991 herc
436 2959 488 2991 esse
507 2944 597 2992 debuit.
633 2948 701 2992 Alius
720 2949 744 2992 in
778 2942 876 2992 ἔκειντο.
888 2947 997 3008 Thucyd.
1315 2951 1318 2956 ⁴

207 3011 268 3064 aliis,
292 3009 353 3056 alius
370 3025 438 3069 porro
460 3012 485 3055 in
502 3012 556 3056 aliis
573 3012 686 3069 populum,
705 3026 744 3056 seu
812 3010 881 3067 1260,
901 3012 969 3058 1261.
990 3013 1038 3061 Quo
1055 3025 1119 3070 mage
1134 3025 1171 3056 eos
1187 3015 1235 3054 tum
1253 3009 1312 3054 Con-

206 3075 742 3136 ingentemmuititudinemsuorumnecerrario·
771 3072 861 3136 sertor]
891 3075 1032 3124 Lambinus.
1083 3073 1140 3129 Alii,
1169 3089 1211 3134 quo
1239 3075 1315 3134 magis

208 3154 266 3195 rum,
278 3135 435 3198 familiarium
453 3141 548 3199 sepelire
567 3146 689 3196 certantes,
708 3141 742 3186 lu-
775 3147 833 3186 astu
847 3138 979 3201 Consentes.-
997 3149 1097 3200 utraque
1114 3137 1187 3184 lectio
1204 3152 1236 3183 cx
1251 3136 1314 3199 ipsis

208 3206 307 3266 cbrymis
319 3206 376 3252 iasri
387 3205 613 3265 luctuqueredibant.
632 3203 745 3252 Breviter
776 3203 884 3267 Thucyd
902 3204 982 3253 verbis
999 3203 1071 3252 modo
1087 3201 1198 3250 adductis
1214 3201 1314 3263 probari

208 3269 278 3317 Thoe
294 3268 317 3316 d.
333 3268 399 3316 Ἐπεὶ
410 3267 449 3317 καὶ
459 3267 503 3317 τὰς
514 3266 584 3331 (πρὸς
594 3267 639 3318 τὰς
650 3268 742 3330 Schol.)
776 3276 863 3331 potest

208 3285 742 3397 dnoodposrsrdrdnoyryuoutruurenewdr·
810 3334 879 3380 1262.
900 3335 977 3380 Multo
993 3336 1034 3380 siti
1049 3340 1173 3392 prostrata,
1190 3329 1247 3391 eta]
1267 3329 1314 3377 Kal

207 3416 249 3447 τες
272 3398 311 3446 κα1
331 3399 353 3446 ol
375 3398 455 3447 olarios
478 3397 612 3459 ἐξέκαμνον,
636 3399 681 3449 r‘rrb
700 3400 744 3446 τοῦ
777 3399 803 3446 ἐν
818 3400 871 3446 ταῖς
888 3399 950 3446 ὁδοῖς
962 3398 1135 3452 ἐκαλινδοῦντο,
1149 3395 1188 3443 καὶ
1199 3394 1251 3458 περὶ
1269 3394 1314 3443 τὰς

208 3464 303 3510 πολλοῦ
314 3464 389 3511 κακοῦ
399 3462 526 3523 νικώμενοι.
776 3461 862 3524 κρήνας
873 3459 966 3511 ἁπάσας
983 3461 1114 3522 ἡμιθνῆτες,
1127 3461 1158 3523 τῇ
1173 3461 1217 3508 τοῦ
1228 3459 1315 3508 ὕδατος

243 3527 312 3573 1252.
325 3529 390 3574 Casio
401 3526 519 3590 contrusa]
530 3529 597 3575 Rure
607 3527 651 3575 viz.
662 3543 742 3591 supra,
777 3527 891 3589 ἐπιθυμία
910 3527 1017 3590 Thucyd.

202 3588 307 3651 funestos
329 3594 433 3639 reddidit
454 3609 528 3655 agros.
552 3593 586 3639 Et
609 3592 743 3640 Lambinus
811 3593 879 3638 1263.
918 3594 1007 3640 Silanos
1042 3589 1174 3653 aquarum]
1220 3588 1314 3650 Κρήνας

207 3654 298 3702 frustra
314 3654 413 3703 adducit
428 3655 475 3704 ista
491 3655 600 3719 Thucyd.
619 3658 699 3714 verba,
718 3657 743 3703 ἐν
776 3655 884 3717 Thucyd.
907 3657 1025 3718 Hyginus,
1047 3657 1092 3704 fab.
1116 3657 1168 3703 169.
1190 3657 1314 3714 Neptunus

209 3715 326 3773 καλύβαις
337 3717 498 3778 διαιτωμένων.
776 3724 906 3780 compressit
917 3724 1063 3782 Amymonen,
1076 3739 1119 3782 pro
1131 3738 1173 3782 quo
1184 3721 1314 3778 heneficium

243 3782 312 3830 1257.
325 3784 375 3829 Nec
386 3787 501 3831 minimum
510 3789 604 3845 partim,
617 3784 673 3846 etc]
687 3785 742 3831 Me·
776 3788 797 3831 ei
809 3789 898 3839 tribuit,
905 3785 1021 3846 jussitque
1030 3785 1200 3848 mresfuseinam
1209 3787 1237 3831 de
1245 3793 1314 3843 petra

208 3848 256 3904 lius
264 3863 304 3895 nec
314 3845 439 3901 minimam
451 3858 545 3909 partem
555 3867 582 3896 en
591 3853 656 3910 agris
664 3865 740 3910 aegro·
774 3853 875 3907 educere,
888 3867 955 3911 quam
967 3868 1016 3898 cum
1027 3854 1149 3908 eduxisset,
1168 3858 1221 3906 tres,
1235 3847 1313 3895 Silani

208 3910 422 3961 ristnoroemsita
435 3913 537 3959 v.1130.
549 3917 648 3972 perudus
661 3917 740 3960 baian-
773 3918 863 3975 sequuti
883 3923 943 3972 sient,
965 3920 1004 3976 qut
1024 3933 1052 3963 ee
1070 3920 1204 3977 Amymones
1225 3916 1313 3960 nomine

209 3980 361 4038 tibusoegror.
395 3973 492 4023 Ἐπ1εσε
509 3976 528 4022 δ’
546 3976 630 4026 αὐτοὺς
646 3979 743 4037 μᾶλλον
774 3983 921 4041 Αιηραιοκὶιις
932 3978 987 4040 sons
1002 3983 1183 4041 appeliatusest.
1219 3977 1313 4034 Celsus,

146 4067 149 4072 ·
208 4041 265 4105 πρὸς
277 4040 312 4102 τῷ
323 4036 454 4101 ὑπάρχοντι
465 4037 528 4100 πόνῳ
539 4040 742 4101 καὶὴξνγκομιδὴ
773 4043 814 4091 lib.
835 4045 885 4090 111.
904 4060 956 4106 cap.
977 4047 1013 4091 18.
1034 4043 1206 4105 Consertetiam
1222 4045 1314 4104 aliquid

209 4108 237 4156 ἐκ
252 4108 300 4154 ndu
309 4104 387 4167 ἆγρῶν
399 4106 423 4153 ἐς
433 4103 462 4152 rb
475 4103 543 4161 doru,
556 4105 595 4153 καὶ
607 4106 653 4166 οὐχ
665 4104 743 4162 ἧσσον
774 4111 806 4156 ad
816 4126 915 4155 somnum
928 4108 1104 4169 Silanusjueta
1115 4112 1205 4156 cadens.

207 4170 263 4220 τοὺς
281 4167 432 4219 ἐπελθόντας·
449 4167 528 4217 οἷκιῶν
543 4168 590 4232 γὰρ
606 4171 653 4231 οὐχ
669 4173 740 4233 ὑπαρ-
809 4174 877 4223 1267.
891 4175 979 4219 Pannis
991 4171 1106 4234 cooperta]
1124 4173 1188 4220 Nam
1205 4187 1311 4236 pauper·

207 4238 311 4298 χουσῶν,
321 4233 377 4283 ἀλλ’
390 4236 416 4283 ἐν
426 4233 543 4290 καλύβαις
556 4237 681 4296 πνιγηραῖς
696 4236 742 4299 ὥρᾳ
774 4237 830 4285 rimi
858 4237 943 4287 rustici
966 4253 1019 4286 sese
1047 4237 1073 4285 in
1100 4239 1184 4285 urbem
1211 4252 1312 4299 recepe-

209 4299 276 4351 ἔτους
290 4297 445 4360 διαιτωμένων
456 4301 469 4348 d
481 4297 566 4362 φθόρος
578 4298 690 4360 ἐγίγνετο
702 4301 740 4348 oir-
774 4311 837 4348 rant.
