2872 4852
160 747 289 821 ΤΑΝ.
324 747 498 819 FABRI
534 749 593 821 IN
629 745 861 820 LIBRUM
894 746 1176 819 TERTIUM

335 967 597 1034 PRAEFATIO
621 968 689 1033 AD
715 965 999 1032 LECTOREM.

118 1453 163 1534 H
167 1475 207 1535 lC
223 1494 294 1534 vero
308 1475 355 1534 ille
369 1475 499 1537 Lucretii
513 1478 589 1537 liber
603 1490 648 1537 est
663 1479 723 1557 qui,
737 1490 847 1557 praeter
868 1490 1002 1548 caeteros,
1024 1498 1090 1538 cum
1108 1477 1224 1540 delectu

118 1594 147 1640 ct
161 1581 220 1640 acri
235 1580 360 1658 quodam
373 1581 487 1660 judicio
508 1581 567 1662 legi
588 1584 705 1644 debeat.
748 1583 825 1644 Cum
845 1585 921 1643 enim
944 1585 973 1643 in
995 1604 1031 1643 eo
1053 1605 1223 1663 corpoream

118 1707 180 1746 esse
199 1687 286 1745 animi
306 1688 398 1745 nostri
420 1700 553 1747 naturam
577 1688 776 1748 demonstrare
796 1700 918 1748 conetur
940 1689 1040 1760 Poeta,
1060 1690 1224 1768 periculum

116 1793 240 1850 sortasse
260 1791 357 1862 fuerit,
376 1812 414 1850 ne
433 1793 552 1870 quidam
572 1794 693 1853 nimium
715 1795 836 1867 creduli,
857 1795 895 1854 ad
915 1795 992 1853 illius
1014 1814 1077 1853 sese
1098 1796 1224 1854 rationes

115 1893 293 1976 adjungant}
316 1897 366 1956 alii
380 1910 487 1970 autem,
503 1899 574 1958 dum
594 1899 739 1979 ejusmodi
760 1900 925 1960 doctrinam
948 1898 1085 1959 omnibns
1106 1897 1225 1959 calculis

114 2002 544 2075 damnandam‘existimabunt,
560 2005 639 2064 ultro
654 2027 685 2064 se
701 2017 759 2064 tam
778 2005 914 2083 praeclari
932 2005 1000 2064 libri
1020 2002 1144 2063 lectione
1165 2005 1226 2082 pri-

114 2119 215 2169 vatum
230 2119 308 2166 eant.
351 2108 387 2167 ld
401 2129 437 2166 ne
453 2109 514 2179 fiat,
529 2130 588 2168 non
602 2112 655 2169 abs
669 2131 701 2169 re
715 2111 805 2169 fuerit
817 2108 1119 2177 meminissa'multos
1139 2129 1156 2166 e
1174 2129 1225 2168 ve·

117 2213 231 2271 teribus
253 2212 293 2270 ita
314 2213 493 2283 existimare,
517 2213 678 2272 Daemonas
700 2215 730 2271 in
753 2233 851 2270 rerum
877 2231 1083 2288 corporearum
1105 2232 1227 2271 numero

117 2305 280 2376 habendos.
323 2317 372 2374 Ex
395 2318 430 2375 iis
454 2318 574 2375 fuerunt
597 2338 656 2375 non
679 2316 861 2394 Porphyrius
884 2314 983 2384 modo,
1009 2315 1038 2373 in
1063 2315 1227 2388 admirabili

118 2421 168 2479 illa
181 2425 342 2498 πραγματείᾳ
355 2427 413 2497 περὶ
428 2425 537 2496 ἀποχῆς,
551 2433 607 2479 etc.
624 2421 676 2478 sed
690 2432 720 2478 et
734 2419 867 2479 Plotiuus
881 2431 912 2478 et
929 2419 1111 2479 lamblichus
1123 2441 1130 2490 3
1158 2432 1191 2478 ut
1211 2441 1228 2479 e

119 2524 238 2583 Nostris
255 2545 373 2602 quoque
392 2524 601 2594 Tertullianus,
620 2525 756 2594 Basilius,
777 2524 972 2602 Augustinus,
995 2536 1028 2583 ut
1045 2545 1082 2583 ne
1103 2525 1227 2584 recenti-

119 2650 186 2689 ores
205 2629 396 2708 appellemus.
419 2629 527 2689 *Hanc
550 2631 646 2707 itaque
668 2630 705 2688 de
723 2629 845 2708 Angelis
866 2629 1039 2689 seutentiam
1059 2630 1084 2688 si
1103 2630 1227 2688 Veteres

119 2734 161 2793 illi
183 2736 301 2813 impune
321 2737 414 2794 secuti
433 2748 512 2806 sunt,
534 2734 616 2806 nihil,
640 2748 673 2794 ut
693 2736 806 2814 opinor,
828 2755 892 2794 esse
915 2736 1012 2806 debet,
1036 2738 1226 2813 quamobrem

120 2841 250 2900 Lucretii
265 2841 402 2920 opinione
417 2841 453 2900 de
468 2843 571 2900 animis
587 2842 736 2921 corporeis
754 2853 906 2919 tantopere
927 2842 1130 2912 offendamur3
1160 2863 1227 2901 cum

119 2946 177 3004 huc
192 2966 285 3024 usque
300 2946 340 3004 nil
355 2947 403 3016 sit,
419 2947 498 3024 quod
513 2947 614 3005 audire
629 2947 691 3005 sine
706 2947 867 3005 offensione
881 2967 940 3005 non
953 2947 1059 3024 possis.
1096 2946 1156 3004 Sed
1170 2947 1227 3004 uti-

120 3072 186 3110 nam
201 3052 242 3110 ibi
256 3053 385 3110 stetisset
405 3053 570 3112 Lucretius.
614 3052 691 3111 Nam
712 3052 762 3111 alii
782 3052 902 3130 quidem
924 3053 1088 3111 animorum
1110 3063 1227 3111 nostro·

120 3179 195 3229 rum,
211 3179 285 3235 quos
300 3157 432 3237 ejusdem
451 3179 518 3218 cum
538 3158 723 3217 daemonibus
742 3169 857 3216 uaturae
878 3178 942 3215 esse
960 3168 1149 3234 putaverunt,
1173 3153 1227 3213 irn-

120 3262 327 3321 mortalitatem
350 3264 541 3333 tutabantu13
572 3274 602 3320 et
625 3283 718 3320 suum·
732 3261 789 3319 illis
811 3272 862 3319 aut
880 3261 941 3338 jus,
961 3272 1012 3319 aut
1035 3259 1093 3317 Dei
1116 3259 1227 3319 benefi-

121 3368 209 3437 cium,
223 3369 397 3425 servabant:
419 3379 449 3424 at
461 3367 510 3424 hic
530 3379 638 3437 noster,
658 3367 710 3424 ubi
733 3385 884 3443 corporeae
906 3376 1019 3423 naturae
1041 3364 1152 3422 animos
1174 3364 1227 3422 ho-

121 3473 231 3532 minum
253 3491 317 3530 esse
341 3469 511 3540 ostenderit,
535 3470 575 3529 ibi
600 3480 716 3528 strenue
736 3482 766 3528 et
782 3471 983 3528 incunctanter
1002 3469 1129 3548 colliget,
1151 3471 1229 3531 Fieri

123 3577 203 3637 nulla
217 3577 331 3636 ratione
345 3597 442 3655 posse,
459 3589 541 3635 utne
556 3574 621 3634 illos
636 3574 771 3633 interitus
786 3587 816 3632 et
829 3573 981 3652 dissipatio
995 3575 1226 3652 consequantur}

123 3684 192 3761 quin
207 3697 237 3742 et
257 3683 382 3762 turpiter
402 3703 499 3742 errare
518 3681 624 3760 vulgus
648 3680 800 3740 hominum
821 3692 943 3751 asseret,
964 3681 1014 3758 qui
1038 3681 1228 3759 religionibus

122 3789 247 3859 attoniti,
262 3788 347 3847 fracti
362 3799 392 3846 et
406 3787 522 3866 abjecti,

365 3938 492 3993 AEternus
504 3937 581 4008 nigra
593 3955 685 4008 poenas
697 3938 726 3991 in
738 3945 826 3992 morte
838 3935 989 3991 timendum

122 4077 302 4135 existimant.
346 4077 423 4135 Saxa
438 4076 536 4154 itaque
551 4086 580 4134 et
592 4074 729 4152 scopulos
744 4075 836 4145 vides,
852 4075 969 4144 Lector,
985 4074 1122 4150 aquibus
1144 4071 1231 4148 longe

122 4180 268 4260 longeque
283 4181 424 4260 refugisse
440 4182 539 4240 debes.
584 4179 787 4246 Quamobrem
802 4180 958 4257 diligenter
977 4175 1143 4236 faciendum
1164 4174 1230 4243 erit,
