2872 4852
218 252 280 347 180
415 248 457 313 T.
484 246 717 314 LUCRETII
740 248 891 314 LIBER
913 247 1139 318 TERTIUS.

215 409 275 457 dum
286 415 311 456 et
316 405 414 470 uigens,
425 405 568 470 digeretque
576 404 645 454 senio
653 404 750 453 confec-
783 420 838 454 cere
849 421 899 454 non
910 421 982 470 posse
990 403 1143 467 eonfitemur,
1153 417 1179 456 at
1186 423 1246 458 vero
1256 409 1323 460 Ani·

215 481 275 522 tum.
310 473 350 520 De
365 469 522 534 sequentihus
538 486 553 518 a
570 486 592 518 v.
610 469 665 521 777.
683 470 714 518 ud
727 486 749 519 v.
783 486 850 518 mum
872 470 930 519 iude
948 471 1002 520 fleri
1018 473 1146 521 mortalem
1161 473 1325 537 pertinaciter

216 536 325 588 784jisti
337 535 443 593 videant,
454 533 526 596 siqui
537 534 595 592 sint,
605 535 646 596 qui
659 534 750 598 Pytha·
783 549 907 597 negamus.

214 601 310 665 gorieas
320 615 399 664 nugas
408 598 500 662 aliquid
509 614 561 648 esse
572 608 673 662 putent:
690 614 750 661 quo·
816 600 872 648 Jum
884 614 942 649 vero
953 599 1075 664 copiosius
1085 601 1240 651 ostenderem
1256 603 1324 653 frus

215 666 283 715 nium
305 680 364 714 vero
387 664 531 728 vigesimum
553 672 673 725 quartum,
693 678 708 711 a
727 679 750 712 v.
784 671 822 711 tra
837 664 1138 728 haeoomniaargumeuta
1151 683 1286 730 congerere
1297 678 1326 718 et

216 730 271 782 785.
289 730 320 778 ad
337 746 359 779 v.
377 730 432 777 800.
449 727 516 776 idem
532 737 569 776 est
587 744 643 777 oum
656 727 751 776 decimo
783 727 905 792 explicare
918 729 1058 778 Lucretium
1069 749 1075 787 ;
1093 731 1179 780 mortis
1191 733 1257 781 enim
1268 749 1324 782 me-

215 804 309 858 quarto‚
321 793 377 842 ideo
388 808 438 841 non
449 792 498 841 alia
507 793 547 841 hic
559 808 631 856 quam
646 791 699 843 illie.
707 793 750 840 ad-
783 800 897 841 tumnon
914 793 1015 851 tollunt3
1039 794 1130 859 quippe
1146 795 1178 845 iis
1191 797 1234 859 qui
1249 798 1324 847 bonis

214 859 321 909 hibenda
331 868 369 908 est
378 856 512 922 responsio.
783 857 954 933 prosperisque
968 859 1043 907 rehus
1057 868 1167 920 utuntur,
1180 861 1239 924 quid
1255 862 1323 912 aala-

248 925 273 973 A
284 939 306 973 v.
319 925 374 972 801.
386 923 449 972 adv.
460 922 515 971 808
526 937 579 970 rem
589 921 752 970 immortalem
783 921 896 971 mitosius
912 932 960 971 ista
979 932 1065 982 morte,
1085 939 1139 986 qun
1158 925 1191 973 sit
1209 924 1325 989 στέρησις

215 989 253 1038 rei
269 987 366 1036 mortali
381 990 529 1050 conjungere
545 985 752 1050 praesentissimis
784 984 934 1044 αἰσθήσεωςΐ
962 997 988 1036 et
1007 988 1104 1038 miseris
1126 989 1200 1039 talem
1216 999 1324 1040 mortem

215 1052 368 1118 philosophis
383 1051 492 1100 nondum
508 1051 588 1100 visum
604 1050 651 1099 fuit
665 1050 750 1100 incon·
783 1064 920 1114 proponere
942 1067 990 1114 qua
1011 1052 1186 1117 extinguantur
1212 1055 1322 1130 penitus,

207 1133 311 1182 gruum,
328 1125 372 1166 aut
387 1116 533 1165 absurdum:
554 1114 642 1165 deiude
658 1124 751 1174 eontra,
783 1115 866 1178 sicque
877 1116 1031 1166 miseriarum
1044 1117 1076 1166 sit
1087 1117 1151 1177 finis,
1168 1121 1271 1183 perinde
1284 1131 1325 1171 est

215 1199 229 1231 a
242 1200 264 1232 v.
278 1181 333 1231 807.
347 1181 411 1230 adv.
425 1181 480 1228 829.
492 1189 605 1245 quartum
621 1195 698 1243 genus
710 1195 750 1228 re·
783 1195 812 1228 ac
823 1180 844 1228 ai
857 1181 949 1242 jactato
966 1190 1138 1246 tempestatum
1152 1183 1246 1232 saevitia
1261 1178 1322 1249 pro·

214 1262 270 1296 rum
288 1245 418 1303 constituo,
437 1244 601 1319 incorporeas,
624 1244 669 1293 via„
692 1245 749 1293 sub-
782 1253 889 1308 ponatur
915 1245 1078 1309 naufragium,
1104 1263 1153 1310 quo
1179 1250 1323 1299 submersus

215 1311 318 1361 stantius
328 1308 492 1365 immortale„
509 1309 583 1372 idque
595 1309 751 1372 impudenter
783 1309 960 1384 suffocatusque
971 1311 1103 1374 procellam
1109 1312 1226 1377 deinceps
1233 1315 1322 1363 seuiu⁴

215 1376 315 1440 negabit
326 1375 455 1439 Epicurus,
467 1389 524 1423 eum
535 1374 600 1422 Deos
611 1389 669 1422 suos
679 1383 751 1422 aeter·
783 1389 825 1422 rus
842 1389 892 1423 non
910 1383 956 1423 sit:
982 1376 1028 1424 hoc
1046 1385 1084 1425 est
1103 1377 1236 1441 egregium,
1255 1380 1324 1441 quod

215 1457 260 1491 nos
271 1450 297 1490 et
306 1439 488 1489 indissolubiles
503 1437 663 1487 constituerit
699 1438 749 1487 De·
783 1446 900 1502 praestant
923 1439 1025 1504 Epicuri
1047 1441 1168 1504 dogmata,
1189 1442 1322 1501 solatium

215 1521 291 1564 mum,
308 1521 323 1554 a
340 1521 362 1553 v.
381 1506 435 1553 830.
453 1505 485 1552 ad
501 1519 523 1552 v.
536 1504 591 1551 841.
610 1503 690 1552 Luctu
706 1519 750 1566 pe·
783 1504 848 1565 quod
859 1513 949 1562 tamen,
961 1505 1032 1567 quale
1043 1506 1115 1568 quale
1126 1516 1170 1565 est,
1184 1507 1255 1556 bonis
1265 1523 1321 1557 om·

214 1569 323 1619 uetrauti
336 1569 408 1626 affici,
424 1578 450 1617 et
460 1567 525 1617 curis
542 1567 656 1615 edaoibus
666 1567 751 1615 vexari
783 1568 856 1617 nibus
872 1577 898 1617 et
913 1567 961 1632 piis
976 1569 1083 1618 invisum
1099 1586 1127 1619 aa
1146 1571 1278 1633 ingratum,
1296 1582 1324 1621 et

216 1634 342 1692 Animum,
351 1642 383 1691 et,
391 1633 499 1696 Corpore
508 1631 599 1680 morbis
607 1631 751 1694 quibusdam
783 1631 872 1696 impios
894 1633 966 1691 solos,
989 1649 1049 1696 quos
1071 1635 1139 1684 nulla
1161 1636 1324 1700 Philosophia

216 1708 335 1763 correpto,
346 1697 416 1748 illuru
428 1697 522 1749 debitas
530 1695 668 1745 functiones
679 1711 751 1745 exer·
783 1712 867 1746 curare
879 1697 970 1756 debuit,
979 1698 1082 1761 juvabit
