2872 4852
465 215 637 284 LIBER
671 215 899 282 SEXTUS.
1171 217 1239 282 307

218 371 330 446 Quem
341 372 449 458 'gravis
466 373 648 459 insequitur
663 371 810 452 Sortitus,
824 370 975 458 displosa
985 381 1122 458 repente
1144 384 1145 387 ’

152 487 201 535 285
216 476 412 562 Opprimere'
427 486 464 540 ut
479 475 556 543 coeli
568 476 740 541 videantur
754 474 875 561 templa
889 497 1042 560 superne.

216 577 298 650 Inde
313 591 434 664 tremor
448 578 571 645 Terras
587 579 731 664 graviter
743 588 919 664 pertentat,
935 589 969 642 et
983 577 1083 643 altum

216 681 391 766 Murmura
399 693 597 768 percurrunt
612 680 747 761 coelum3
771 705 845 747 nam
859 692 929 747 tota
943 681 1011 747 fere
1028 692 1097 747 tum

216 783 411 869 Tempestas
428 807 586 850 concussa
601 785 720 863 tremit,
736 783 948 869 fremitusque
963 794 1150 849 moventur:
1204 818 1207 844 ;.

174 954 175 958 ,
215 885 292 959 Quo
308 887 350 951 de
366 909 527 953 concussu
543 889 690 971 sequitur
704 887 811 971 gravis
823 885 943 964 Imber,
957 897 991 951 et
1005 887 1099 966 uber,

150 1000 199 1049 290
216 989 331 1054 Omnis
348 990 396 1054 uti
410 990 559 1054 videatur
573 991 606 1053 in
621 988 763 1054 Imbrem
777 989 896 1053 vertier
911 987 1035 1054 AEther

212 1090 325 1176 Atque
340 1093 386 1156 ita
400 1091 613 1177 praecipitans
623 1091 665 1156 sd
680 1090 832 1156 diluviem
846 1112 1009 1156 revocare.

213 1193 343 1258 Tantus
357 1193 495 1259 discidio
510 1195 617 1271 nubis,
633 1194 785 1277 ventique
799 1191 953 1278 procella,

213 1295 359 1360 Mittitur
374 1295 502 1360 ardenti
517 1295 651 1360 Sonitu's
667 1318 744 1361 cum·
754 1292 902 1381 provolat
917 1295 995 1360 ictu.

256 1397 432 1462 Estetiam
447 1420 520 1463 cum
534 1398 582 1462 vis
597 1399 800 1464 extrinsecus
816 1398 914 1464 incita
927 1397 1029 1464 Venti

147 1508 195 1557 29⁵
211 1497 330 1564 Incidit
344 1501 377 1564 in
393 1500 530 1565 validam
544 1511 671 1565 maturo
687 1500 818 1566 fulmine
834 1501 987 1579 Nubem3

213 1601 322 1675 Quam
337 1624 410 1667 cum
425 1602 593 1687 perscidit,
609 1602 775 1687 extemplo
789 1603 877 1667 cadit
890 1604 1005 1687 igneus
1020 1601 1074 1667 ille

212 1702 351 1782 Vortex,
368 1705 457 1788 quod
473 1705 578 1790 patrio
593 1705 770 1771 vocitamus
786 1705 915 1773 nomine
927 1702 1083 1770 Fulmen:

211 1806 287 1872 Hoc
301 1806 340 1870 fit
354 1807 443 1872 idem'
454 1807 486 1871 in
503 1809 625 1892 parteis
641 1807 731 1886 alias,
747 1830 942 1894 quocunque
951 1804 1032 1872 tulit
1046 1808 1105 1872 vis.

252 1907 305 1974 Fit
320 1931 450 1995 quoque
466 1919 503 1974 ut
517 1911 680 1976 interdum
695 1910 796 1975 Venti
811 1911 858 1975 vis
872 1911 971 1976 missa
983 1911 1052 1975 sine
1066 1910 1145 1995 igni,

146 2023 194 2071 800
207 2010 359 2096 Ignescat
374 2022 480 2077 tamen
495 2013 528 2076 in
545 2014 661 2098 spatio,
675 2013 839 2098 longoque
854 2022 974 2090 meatu,

210 2114 301 2179 Dum
316 2116 415 2192 venit,
431 2115 581 2179 amittens
596 2116 630 2178 in
645 2136 744 2179 cursu
759 2137 897 2199 corpora
910 2114 1060 2199 quoedam

211 2215 371 2292 Grandia,
387 2238 461 2300 quae
476 2226 643 2299 nequeunt
657 2216 780 2300 pariter
794 2225 966 2300 penetrare
983 2237 1042 2299 per
1056 2236 1170 2294 auras3

210 2316 322 2402 Atque
338 2316 400 2381 alia
413 2339 456 2381 ex
470 2317 543 2401 ipso
556 2316 736 2381 conradens
753 2315 843 2379 Atre
858 2325 968 2400 portat
1017 2325 1020 2331 '

211 2417 362 2497 Parvula,
378 2442 452 2503 quae
465 2418 587 2483 faciunt
602 2419 710 2503 ignem
725 2418 891 2483 commista
905 2417 1063 2482 volando:

145 2533 193 2581 305
208 2521 288 2586 Non
303 2521 370 2587 alia‘
378 2521 475 2606 longe
490 2521 628 2599 ratione,
644 2543 682 2586 ac
698 2520 850 2606 plumbea
865 2542 953 2605 raepe

156 2795 211 2844 286.
219 2798 354 2861 Pertentat]
366 2798 436 2862 Saepe
444 2798 569 2862 Virgilius,
580 2800 661 2848 Nonne
694 2798 756 2848 tius:
774 2799 822 2848 vid
834 2800 876 2848 lib.
889 2799 920 2848 V.
930 2816 950 2847 v..
964 2799 1020 2847 256.
1032 2800 1170 2846 Parentium
1178 2800 1230 2861 gle-

122 2862 185 2908 ar'dsr
202 2869 229 2909 ut
247 2868 295 2911 tota
313 2871 397 2912 tremor
413 2871 538 2928 pertentet
554 2880 661 2927 equorum
694 2864 774 2914 torum
795 2868 828 2913 ad
848 2863 1123 2914 Diluviem-revocatur
1145 2865 1229 2910 Imbri-

124 2927 243 2987 Corpora?
266 2930 302 2976 Ac
318 2931 372 2976 dam
387 2932 464 2990 prima
480 2933 528 2977 lues
544 2932 588 2977 udo
604 2931 658 2978 rub·
694 2932 741 2979 tus.

122 2993 187 3051 lapsa
198 3008 280 3040 veneno
292 2993 419 3041 Pertentat
429 3011 514 3051 sensas,
526 3001 568 3042 etc.
727 2994 782 3044 293.
796 2993 917 3057 Provolat]
931 2993 989 3052 Alii,
999 2996 1109 3056 pervehit.

155 3057 209 3103 291.
221 3060 298 3119 Atque
310 3062 344 3106 tta
357 3057 520 3121 praecipitans]
539 3059 660 3106 Mendum
726 3062 780 3108 294.
793 3062 838 3108 Est
848 3062 918 3108 etiam
929 3076 980 3108 cum
988 3062 1030 3118 vir,
1040 3057 1097 3120 ete]
1108 3056 1134 3105 Si
1141 3064 1229 3105 ventus

121 3117 148 3166 iu
165 3121 211 3168 hoc
231 3137 304 3170 versu
323 3138 376 3172 esse
394 3123 505 3181 arbitror,
527 3139 605 3186 neque
624 3131 658 3180 tu,
691 3121 800 3172 inclusus
812 3125 902 3172 nubem
911 3139 1070 3198 perrumpere
1079 3137 1129 3170 uon
1140 3121 1229 3178 valeat,

121 3183 205 3243 lector,
217 3186 332 3235 aliorsum
343 3187 398 3246 ibis,
408 3187 428 3236 si
441 3202 536 3236 mecum
545 3188 622 3236 otiose
634 3197 659 3236 et
691 3199 788 3237 evento
797 3189 950 3237 extrinsecus
959 3187 1110 3252 impingente
1120 3185 1230 3248 adjuvari

121 3248 216 3311 placide
223 3251 312 3299 seriem
320 3252 448 3300 verborum
459 3253 567 3315 ipsorum
577 3261 657 3300 atten-
691 3252 775 3315 possit,
787 3269 932 3316 quocunque
948 3261 1030 3300 autem
1047 3251 1119 3299 modo
1135 3251 1229 3300 dirum-

121 3313 186 3362 deris
198 3314 251 3376 [atr
261 3318 352 3363 videtur
368 3319 394 3363 tn
410 3319 503 3364 imbrem
514 3320 580 3374 verti,
593 3324 616 3365 et
628 3319 660 3364 ad
691 3325 763 3378 patur
780 3319 865 3375 nubes,
884 3326 1007 3365 maturum
1022 3316 1114 3366 fulmen
1133 3313 1230 3363 excidat

120 3380 228 3426 diluviem
244 3379 370 3442 revocare}
394 3379 464 3427 Nihil
477 3380 570 3428 sentlsl
587 3389 657 3444 pote·
691 3395 791 3430 necesse
803 3390 848 3439 est,
860 3398 882 3429 v.
896 3383 918 3428 5.
938 3420 941 3421 γ
1090 3397 1091 3402 ’

121 3456 161 3489 ras
177 3451 273 3490 tumen:
291 3443 357 3498 Quid
372 3443 457 3492 eniml
475 3445 516 3492 ille
533 3446 574 3492 air
589 3460 657 3507 quos,
725 3446 782 3502 296,
799 3444 854 3497 297.
875 3448 960 3508 Igneus
983 3442 1080 3507 Vortes]
1101 3444 1195 3493 Vortex
1213 3458 1227 3492 e

121 3522 181 3568 quas
192 3523 306 3556 revocare
317 3508 430 3556 videtur?
455 3507 552 3571 Ecquid
562 3508 659 3558 dubitas
691 3509 756 3558 nube
763 3509 882 3573 effugiens
890 3509 944 3558 sine
951 3509 1007 3572 igne
1019 3511 1112 3571 Typhon
1120 3516 1227 3568 vocatur,

121 3570 180 3632 quin
194 3587 241 3619 vox
252 3572 332 3634 aliqua
344 3572 523 3636 excideritquae
533 3573 560 3621 in
571 3583 657 3636 quarto
689 3573 841 3636 nonsulmen.
870 3573 973 3632 Plinius,
985 3573 1026 3622 lib.
1041 3573 1076 3621 11.
1088 3589 1141 3636 cap.
1154 3574 1204 3626 48..

120 3639 268 3685 casuessett
288 3638 392 3696 Deinde,
403 3638 514 3700 adquam
523 3637 655 3687 diluviemr
722 3640 776 3687 299.
801 3642 842 3687 Fit
864 3655 949 3701 quoque
971 3647 997 3686 ut
1024 3639 1146 3696 interdum,
1169 3637 1226 3701 ete]

120 3700 281 3765 Ogygiamue,
291 3719 323 3750 un
333 3702 540 3752 Deucalioneamt
562 3704 655 3758 Quum·
689 3705 759 3754 Duos
766 3703 826 3753 alios
836 3703 921 3752 modos
928 3703 1015 3766 quibus
1023 3703 1116 3751 fulmen
1126 3712 1227 3767 paretur

119 3768 204 3815 obrem
223 3783 239 3814 a
261 3783 301 3815 me
323 3783 374 3816 nou
396 3776 479 3816 estut
500 3768 653 3832 impetretur,
688 3768 814 3832 subjungit
832 3767 968 3826 Lucretius,
986 3783 1089 3830 quorum
1108 3768 1183 3832 prior,
1203 3785 1226 3817 v.

118 3831 178 3894 quin
188 3847 233 3896 pro
244 3841 313 3895 atque
322 3836 357 3881 tta
366 3835 515 3895 maeipttaar
525 3833 573 3896 legi
582 3848 654 3896 opor·
689 3835 711 3882 9.
723 3833 870 3882 continetur.
895 3832 993 3897 Quippe
1004 3841 1092 3881 ventus
1103 3833 1157 3882 sine
1168 3833 1226 3896 igne

118 3905 175 3954 teat,
188 3904 256 3959 etque
273 3902 308 3946 tto
319 3900 417 3962 Pyrria
428 3915 475 3946 nos.
510 3898 598 3947 Horat
613 3897 654 3947 lib.
688 3915 702 3947 e
714 3898 819 3948 nubibus
827 3913 957 3962 erumpens
968 3898 1041 3961 longo
1050 3913 1123 3946 cursu
1133 3910 1158 3946 et
1168 3913 1224 3961 per·

119 3961 139 4009 l.
153 3962 199 4009 Od.
213 3964 235 4010 2.
250 3965 344 4012 Terruit
359 3965 444 4020 arbem,
460 3964 554 4010 Terruit
567 3971 655 4026 genter,
687 3963 737 4011 uici
750 3972 818 4011 motu
834 3963 981 4012 incalescere
992 3962 1071 4026 possit
1080 3971 1105 4010 et
1113 3962 1213 4010 accendi
1218 3980 1225 4019 3

115 4043 226 4088 gravene
242 4031 328 4077 rediret
346 4027 467 4076 Saeculum
485 4027 584 4091 Pyrrhae
599 4044 656 4076 noua
688 4044 767 4091 neque
778 4027 1000 4085 illudiucredibile,
1011 4043 1067 4076 curn
1078 4026 1191 4089 globulus
1201 4043 1224 4075 v.

117 4099 217 4140 monstra
228 4102 320 4154 questa.
338 4093 423 4140 Faber.
458 4091 588 4154 ingeniose
600 4092 653 4154 qui·
686 4109 710 4156 g.
727 4093 856 4157 plumbeus
868 4108 882 4140 e
894 4101 1015 4141 tormento
1027 4091 1130 4139 emissus
1146 4091 1224 4152 lique-

118 4153 182 4213 dem‚
194 4165 219 4204 at
231 4166 281 4205 tota
291 4158 343 4206 haec
355 4156 447 4206 critica
457 4157 550 4220 pendet
561 4172 575 4204 e
587 4173 654 4206 scru-
688 4157 743 4206 fiat:
761 4159 807 4205 hoc
823 4156 921 4220 quidem
938 4172 987 4205 non
1003 4155 1064 4203 adeo
1079 4169 1164 4202 verum
1179 4163 1224 4213 eet,

117 4218 204 4281 pulosa
220 4219 293 4290 nimis
309 4220 375 4282 vocis
391 4221 470 4278 istius,
488 4237 600 4280 revocare,
614 4237 654 4270 ac·
687 4222 730 4270 sed
752 4223 842 4270 multas
861 4237 900 4270 res
921 4230 988 4269 motu
1011 4217 1105 4282 pernici
1121 4217 1224 4278 accendi

118 4283 271 4346 ceptatioue;
288 4286 328 4335 cui
345 4289 394 4336 non
411 4286 476 4335 favet
492 4285 545 4350 ipse
557 4286 653 4354 *Lucre-
688 4287 811 4336 neminem
825 4286 907 4336 videas
919 4285 961 4348 qui
971 4283 1111 4346 diffiteatur.
1188 4313 1201 4318 =-
