2872 4852
212 231 278 296 206
592 227 636 293 Τ.
669 226 941 292 LUCRETII

300 383 549 468 Principiorum,
564 394 598 447 et
612 384 690 448 item
704 381 803 447 laevor
816 381 934 447 laevore
949 389 1095 447 creatur:

224 568 225 572 Ἰ
300 485 375 550 Nec
390 483 483 549 simili
496 495 669 569 penetrant
683 483 804 548 Aureis
819 483 996 567 primordia
1008 481 1121 559 forma,

302 587 412 660 Quom
427 586 526 650 Tuba
540 587 697 673 depresso
712 587 854 670 graviter
870 585 931 648 sub
945 607 1109 651 murmure
1124 585 1238 668 mugit,

239 700 286 747 550
301 688 372 752 Aut
385 689 523 753 reboant
537 710 672 752 raucum
687 687 859 753 Retrocita
873 709 995 752 cornua
1010 688 1182 764 bombum;

301 790 452 856 Vallibus
468 801 501 855 et
516 790 618 874 Cycni
632 789 747 874 gelidis
765 791 827 854 orti
842 811 885 854 ex
900 787 1068 855 Heliconis

303 892 387 957 Cum
400 892 555 977 liquidam
569 891 686 957 tollunt
699 891 831 975 lugubri
845 913 924 956 voce
939 890 1115 976 querelam.
1163 955 1164 958 ,

345 995 457 1061 Hasce
472 995 571 1078 igitur
584 995 714 1078 penitus
729 993 840 1058 Voces
854 1016 928 1059 cum
943 1015 1080 1077 corpore
1096 1003 1208 1058 nostro

303 1097 537 1181 Exprimimus,
552 1106 707 1180 rectoque
723 1095 810 1160 foras
826 1097 1000 1161 emittimus
1016 1117 1084 1172 ore,

240 1212 287 1258 555
306 1198 440 1263 Mobilis
456 1196 606 1263 articulat
620 1199 792 1272 verborum
807 1196 934 1261 daedala
947 1196 1075 1281 lingua3

303 1301 332 1364 F
333 1312 559 1384 ormaturaque
568 1299 739 1364 ¹labrorum
753 1320 813 1383 pro
829 1310 922 1382 parte
937 1298 1068 1382 figurat.

347 1403 459 1486 Atque
475 1403 531 1466 ubi
545 1424 611 1466 non
626 1400 759 1486 longum
776 1401 917 1486 spatium
931 1402 982 1478 ἐι,
998 1401 1085 1466 unde
1104 1399 1157 1463 illa
1175 1397 1324 1483 profecta

304 1504 478 1568 Perveniat
493 1527 557 1569 vox
571 1525 721 1587 quaeque,
737 1525 871 1569 necesse
887 1504 927 1566 'st
941 1502 1056 1567 Verba
1071 1524 1201 1586 quoque
1216 1503 1288 1585 ipsa

207 1600 208 1604 ¹
304 1605 406 1669 Plane
421 1606 581 1682 exaudiri,
597 1605 801 1688 discernique
817 1603 1028 1669 articulatim:

241 1722 289 1769 560
307 1709 423 1772 Servat
437 1709 521 1772 enim
536 1706 757 1782 formaturam,
776 1716 948 1789 servatque
963 1705 1112 1789 figuram.

305 1809 353 1875 At
369 1810 397 1873 si
408 1809 637 1893 interpositum
651 1809 791 1892 spatium
806 1808 847 1870 sit
860 1806 987 1891 longius
1004 1831 1117 1891 aequ03

304 1911 396 1974 Aera
410 1932 470 1994 per
483 1909 619 1975 multum
633 1909 788 1974 confundi
802 1908 916 1973 Verba
931 1931 1065 1973 necesse
1081 1910 1131 1986 ’st,

304 2013 352 2079 Et
366 2014 554 2079 conturbari
567 2013 703 2090 Vocem,
719 2013 797 2076 dum
811 2011 989 2075 transvolat
1004 2034 1111 2075 auras.

305 2115 399 2199 Ergo
413 2114 462 2192 fit,
479 2115 627 2179 Sonitum
642 2126 679 2179 ut
693 2114 799 2199 possis
815 2114 940 2190 audire,
956 2135 1061 2198 neque
1076 2112 1178 2177 hilum

219 2290 246 2339 in
258 2307 376 2355 organum
387 2294 517 2343 subeuntia
533 2294 613 2370 ipsum
627 2294 754 2352 deliniant,
787 2297 824 2343 dis
841 2299 886 2343 orti
903 2312 931 2343 ec
948 2297 1072 2343 Heliconis.
1096 2293 1161 2340 Loco
1181 2294 1226 2338 orti
1245 2290 1326 2338 Faber

220 2367 403 2420 exasperentve‚
419 2374 464 2422 pro
481 2359 620 2408 conditione
633 2360 754 2418 laevitatis,
788 2359 914 2408 substituit
925 2361 990 2407 corti.
1011 2357 1114 2405 Vossius
1126 2355 1223 2404 tandem
1235 2355 1266 2402 ad
1278 2355 1326 2401 Ca-

222 2430 265 2469 aut
275 2423 414 2486 asperitatis
425 2439 472 2485 quc
483 2439 529 2472 con
581 2435 674 2473 rantur.
788 2424 875 2473 tullum
884 2423 951 2486 legit,
959 2426 992 2471 Et
1000 2422 1087 2472 validis
1097 2424 1169 2482 Cycni
1178 2419 1328 2468 torrentibus

253 2488 307 2534 550.
324 2490 486 2545 Autreboant,
499 2496 540 2536 ete.
572 2491 691 2537 Retracttc
704 2505 753 2536 cor·
788 2491 962 2536 eeHeliconts:
980 2503 1012 2534 ex
1029 2487 1148 2534 Helicone
1166 2498 1261 2548 nempe,
1274 2493 1327 2531 tum

158 2581 159 2586 ι
219 2567 282 2606 aaa,
303 2551 352 2608 alii,
371 2555 486 2600 barbara:
505 2552 571 2600 hunc
589 2568 686 2601 versum
704 2553 754 2600 Lu·
788 2551 828 2599 alii
841 2561 969 2609 torrentes,
985 2561 1036 2599 tum
1053 2551 1107 2615 ipse
1125 2549 1230 2598 Helicon
1247 2548 1327 2596 amnis

219 2614 295 2662 cretio
306 2616 429 2678 abJ'udicat
445 2616 586 2674 Lambinus,
603 2618 646 2665 secl
663 2618 755 2665 Lucre·
788 2616 894 2680 profluit.
930 2616 1049 2674 Breviter,
1067 2632 1120 2664 nece
1138 2618 1200 2672 torti,
1217 2612 1257 2662 vel
1273 2629 1328 2661 nece

219 2678 276 2736 tius,
289 2679 310 2727 si
326 2679 426 2737 viveret,
440 2681 541 2728 edulio·
554 2681 650 2743 judices
666 2696 755 2744 provo·
789 2682 873 2728 detorti
896 2681 995 2728 omnino
1020 2679 1195 2742 rejiciendum
1224 2677 1327 2725 istarum

219 2752 304 2790 cereta
321 2743 443 2806 interpre
452 2744 497 2792 via
507 2760 557 2792 non
566 2745 667 2803 videret,
677 2760 757 2807 neque
789 2744 855 2793 euim
872 2761 959 2793 vocum
975 2744 1105 2802 sententia,
1123 2743 1193 2805 siqua
1210 2751 1281 2798 esset,
1299 2741 1327 2789 in

221 2806 294 2855 multi
304 2807 395 2864 vident,
408 2808 467 2869 quid
483 2809 581 2856 tandem
597 2809 658 2857 illud
675 2809 708 2857 sit
719 2825 755 2856 re·
789 2809 901 2871 sequenti
913 2825 985 2858 versu
993 2810 1145 2864 continetur;
1163 2808 1206 2856 sed
1219 2807 1326 2854 Fabrum

221 2875 305 2919 troeitc
322 2874 428 2928 barbara,
446 2872 485 2920 vel
497 2880 597 2926 aarum
617 2883 642 2920 at
658 2889 704 2936 ego
720 2873 756 2920 vi·
789 2883 832 2921 aut
843 2873 958 2922 Vossium
970 2873 1085 2936 sequaris,
1097 2872 1199 2936 perinde
1211 2880 1255 2918 est

221 2935 281 2983 deor
289 2935 385 2982 firmare
397 2951 468 2998 posse
479 2935 582 2999 intelligi
595 2936 656 2985 illud
665 2937 757 2985 instru-
823 2939 877 2985 553.
890 2941 943 2986 Has
952 2942 1026 3001 igitur
1035 2942 1127 3000 penitus
1139 2935 1219 2998 Voces]
1232 2936 1326 2982 Vocem

221 3007 331 3048 mentum
342 2999 470 3058 musicum,
483 2999 595 3063 Syriacae,
605 3002 699 3064 opinor,
708 3001 756 3049 ori-
790 3002 853 3049 hane
868 3017 1016 3066 corpoream,
1034 3018 1056 3051 v,
1074 3005 1096 3050 4.
1114 3002 1198 3064 lingua
1216 3010 1241 3047 et
1258 2999 1327 3047 labra

220 3063 294 3128 ginis,
305 3063 370 3126 quod
381 3067 486 3122 Saotero,
497 3065 537 3113 vel
546 3067 674 3127 chucbcut
686 3081 755 3114 roca·
788 3067 895 3115 formant
919 3076 944 3114 et
971 3068 1084 3130 figurant,
1110 3076 1135 3114 et
1161 3066 1219 3113 inde
1244 3065 1326 3112 verba.

136 3166 138 3170 .
221 3129 399 3187 muuaveteri
410 3145 470 3178 voce
481 3129 575 3179 Gallica
587 3133 681 3192 Sequar,
693 3131 758 3193 quod
789 3132 884 3190 Cicero,
892 3131 979 3180 libll.
988 3133 1018 3180 de
1027 3132 1084 3179 Nat
1095 3133 1218 3179 Deorum:
1236 3132 1326 3178 Deinde

222 3194 319 3243 trahere
331 3203 375 3253 est,
388 3203 413 3242 et
425 3199 509 3252 beuter,
522 3195 585 3258 quod
599 3196 696 3258 pulsare
707 3195 757 3258 sig·
790 3200 815 3244 tn
826 3213 863 3244 ore
875 3201 922 3245 sita
935 3200 1015 3259 lingua
1032 3205 1066 3244 ert
1077 3200 1149 3257 ficita
1166 3198 1278 3251 dentibus,
1299 3211 1327 3242 ca

221 3258 313 3308 nificat.
346 3259 395 3315 Qui
409 3259 599 3309 instrumentum
609 3260 671 3308 illud
682 3261 758 3308 musi·
790 3278 863 3309 uocem
872 3265 1017 3310 immoderate
1028 3261 1144 3324 prosarum
1151 3264 1223 3323 fingit
1238 3267 1262 3306 et
1278 3266 1326 3307 ter-

221 3341 277 3374 cum
309 3328 405 3383 nerunt,
439 3325 509 3374 facile
542 3325 682 3389 intelligent
714 3341 758 3374 cur
790 3330 1225 3388 mittat,socerqueaoea'sdistiuctoset
1237 3340 1329 3385 pressos

222 3391 342 3438 Retroeita
364 3390 495 3441 dicatura
521 3391 643 3439 Lucretio.
674 3394 756 3439 Faber.
790 3395 925 3453 efficit,cam
938 3393 1328 3449 stoddenteretcdaliuspartes

221 3453 325 3503 Vossius
336 3454 368 3502 ad
378 3456 501 3504 Catullum
512 3472 536 3519 p.
549 3455 604 3507 227.
614 3455 675 3504 dicit
684 3464 757 3504 retro·
788 3459 857 3518 pellit
876 3460 928 3504 oris.
964 3459 1046 3517 Itaque
1063 3459 1148 3518 plectri
1167 3457 1262 3502 amium
1281 3455 1326 3500 tsn-

221 3521 271 3566 citu
287 3519 361 3582 vulgo
380 3519 463 3584 inepte
480 3520 537 3583 legi,
557 3521 642 3569 scribit
662 3532 757 3576 autem3
789 3538 859 3584 guam
886 3525 959 3568 nostri
985 3523 1057 3568 rebat
1084 3523 1166 3576 dicere,
1192 3521 1328 3567 chordarum

222 3584 256 3631 m
271 3586 351 3631 reboat
366 3601 460 3632 raucum
477 3585 640 3648 Berecynthia
656 3587 758 3635 barbare
789 3589 875 3643 dentes,
886 3601 954 3633 nares
965 3589 1070 3633 cornibus
1085 3589 1122 3643 tta,
1139 3601 1189 3646 quae
1202 3586 1234 3630 cd
1249 3599 1328 3630 nervos

223 3649 331 3694 bombum.
365 3651 521 3711 Berecynthia
541 3653 648 3706 barbara,
667 3651 693 3697 id
713 3659 757 3707 est,
789 3652 1056 3699 resonantiu‘cantibus.

224 3710 285 3758 tibia
308 3711 429 3774 Pbrygin
456 3712 535 3763 Αὐλὸς
553 3712 711 3776 Βερεκύντιος,
731 3723 759 3761 ut
824 3713 880 3766 557.
889 3718 966 3776 Atqroe
977 3710 1245 3776 summumne]
1253 3710 1329 3759 Varia

222 3775 296 3823 babet
308 3775 447 3837 Hesychius
459 3777 485 3823 in
496 3777 643 3839 βερεκύνται,
656 3788 700 3825 etc.
792 3778 918 3840 subJ'ungit
937 3777 1095 3841 problemata,
1116 3777 1223 3840 primum
1246 3790 1268 3822 v,
1289 3775 1327 3822 10.

256 3841 311 3888 551.
332 3842 436 3888 Vcltibus
446 3849 470 3888 et
482 3844 561 3904 Cycni,
573 3841 630 3904 etc]
642 3841 756 3899 Mirifice,
790 3843 870 3890 Voces
878 3841 976 3904 longius
984 3841 1163 3904 progrediendo
1174 3840 1328 3896 hebetantur,

222 3903 515 3961 sicubialiascircahunc
523 3905 603 3952 locum
611 3904 758 3953 variantium
790 3916 816 3955 et
832 3923 864 3954 ex
881 3906 1004 3954 distinctis
1024 3906 1131 3954 conlusae
1149 3904 1219 3959 fiunt,
1239 3916 1329 3964 nempe

222 3969 353 4018 lectionum
364 3969 495 4017 multitudo
504 3978 548 4027 est,
558 3984 614 4016 uam
622 3968 648 4016 in
657 3969 756 4031 quibus·
791 3971 848 4035 quia
858 3971 907 4018 illae
923 3970 1055 4028 moleculae,
1072 3986 1116 4019 seu
1133 3966 1269 4030 singulares
1285 3982 1327 4014 vo-

223 4033 280 4082 datn
296 4033 401 4096 legitur;
423 4036 527 4082 Vallibus
539 4041 562 4081 et
573 4036 658 4082 amidis
668 4050 696 4081 ne
710 4041 757 4082 tor·
790 4035 853 4084 cula
861 4036 947 4083 erebro
955 4034 1017 4083 aeris
1028 4034 1122 4083 offensu
1134 4033 1245 4080 laceratae
1256 4031 1328 4079 amit-

223 4101 255 4147 tis
272 4114 300 4146 ce
319 4100 452 4146 Heliconis:
479 4098 505 4147 iu
523 4097 586 4155 aliis,
611 4100 714 4146 Vallitue
736 4107 759 4147 ct
791 4109 847 4149 tunt
862 4100 929 4148 illam
946 4099 1056 4162 ligurem,
1069 4109 1094 4146 et
1111 4097 1328 4146 conformationem

224 4166 297 4227 Cycni
308 4179 361 4211 nece
372 4164 456 4210 detorta·
468 4180 496 4211 es
507 4165 641 4216 Heliconia·
658 4162 684 4209 in
696 4161 758 4220 eliis,
791 4181 863 4228 quem
876 4181 890 4212 a
901 4163 985 4227 lingua
996 4173 1022 4211 et
1031 4163 1106 4211 labris
1117 4172 1267 4226 acceperant

223 4231 257 4277 m
266 4231 345 4292 gelida
358 4229 378 4276 0
392 4231 429 4276 cns·
440 4245 493 4276 nece
505 4230 560 4275 torti
570 4243 598 4275 cc
609 4234 676 4275 astro
690 4230 758 4275 Hele·-
825 4231 879 4277 564.
897 4229 978 4290 Neque
988 4227 1073 4290 littam]
1092 4229 1170 4276 Recte
1188 4226 1327 4283 Lambinus,
1400 4210 1408 4216 ⁸

223 4297 291 4343 cmc.
314 4246 454 4350 Lambinus,
466 4294 570 4340 Vettium
581 4300 604 4339 et
617 4293 689 4354 Cycni
698 4294 757 4354 geb'-
791 4292 1081 4356 quamvistemtllcqusm
1087 4296 1151 4341 illum
1157 4292 1233 4356 recipi
1239 4301 1327 4356 potest,
