2872 4852
501 220 673 293 LIBER
701 221 924 295 PRIMUS.
1225 233 1263 296 51

177 392 225 446 970
243 381 284 448 ld
298 380 413 447 validis
427 389 536 448 utrum
550 394 736 450 contortum
749 385 873 450 viribus
887 385 936 449 ire

241 483 319 558 Quo
333 484 432 550 fuerit
445 485 579 551 missum
592 487 705 565 mavis,
719 485 882 572 longeque
897 483 1018 566 volare,

240 585 297 651 An
310 586 485 672 prohibere
499 583 622 672 aliquid
637 606 762 666 censes,
777 589 974 674 obstareque
986 590 1109 674 possei

238 687 445 755 Alterutrum
459 688 592 756 fatearis
606 691 703 769 99199,
718 711 894 775 sumasque
908 711 1043 757 necesse
1057 690 1109 771 'st,

238 790 388 865 Quorum
402 800 576 878 utrumque
591 792 652 857 tibi
666 790 823 876 effugium
837 791 1023 877 praecludit,
1037 803 1072 859 et
1089 793 1197 861 Omne

175 902 223 956 979
242 892 339 978 Cogit
353 902 391 958 ut
404 903 557 981 exempto
571 893 733 960 concedas
747 891 814 958 1199
828 903 953 978 patere.

238 995 327 1059 Nam
342 996 408 1060 sive
423 1006 474 1061 est
488 995 623 1081 aliquid,
638 995 729 1080 quod
743 993 929 1081 prohibeat,
945 995 1129 1083 efficiatque

237 1097 316 1171 Quo
330 1098 428 1162 minu’
441 1120 508 1184 quo
521 1100 656 1164 missum
670 1100 711 1164 'st
725 1099 845 1177 veniat,
860 1099 984 1184 finique
998 1099 1085 1166 locet
1099 1121 1146 1178 se,

238 1198 314 1264 Sive
329 1199 417 1264 foras
432 1200 548 1280 fertur,
563 1220 630 1266 non
644 1211 696 1267 est
711 1220 750 1266 ea
763 1200 830 1266 fini’
844 1200 1005 1286 proiecto.

236 1300 315 1366 Hoc
329 1313 426 1386 pacto
442 1325 572 1387 sequar,
588 1313 687 1388 atque
702 1323 776 1368 oras
790 1304 977 1389 ubicunque
990 1302 1109 1370 1999919

174 1415 222 1463 999
238 1402 426 1481 Extremas,
442 1425 586 1489 quaeram
601 1405 681 1490 quid
696 1403 781 1470 Telo
796 1405 938 1490 denique
951 1405 1021 1471 fiat.

237 1506 311 1571 Fiet
325 1507 374 1571 uti
388 1528 548 1592 nusquam
561 1507 666 1592 possit
680 1507 860 1572 consistere
874 1506 967 1586 finis3

236 1607 471 1694 Effugiumque
486 1607 573 1694 fugae
588 1606 731 1694 prolatet
746 1609 840 1694 copis
855 1628 994 1694 semper.

279 1710 456 1789 Praeterea,
473 1712 613 1796 spatium
629 1710 774 1776 Summui
788 1711 889 1776 totius
905 1731 999 1777 omne

234 1812 391 1898 Undique
406 1814 433 1878 si
446 1812 607 1879 inclusum
621 1813 719 1879 certis
735 1814 928 1879 consisteret
942 1815 1021 1892 oris,

170 1927 218 1974 999
235 1914 442 2000 Finitumque
456 1915 552 1992 foret,
562 1915 631 1999 jam
646 1915 741 2000 copia
756 1914 910 1980 Materisi

234 2016 391 2102 Undique
405 2017 607 2102 ponderibus
622 2016 734 2082 solidis
750 2015 918 2082 confldxet
932 2017 975 2083 ad
991 2016 1115 2096 Imum;

234 2117 308 2185 Nec
322 2141 375 2185 res
391 2119 457 2184 ulla
472 2121 548 2203 geni
564 2119 626 2184 sub
641 2117 715 2184 coeli
730 2120 872 2204 tegmine
887 2130 1019 2204 posset3

234 2220 309 2286 Nec
324 2221 409 2285 foret
423 2222 553 2285 omnino
569 2219 709 2298 Coelum,
726 2243 833 2305 neque
847 2218 969 2285 lumina
984 2220 1088 2286 Solisr

235 2320 368 2405 Quippe
384 2321 442 2385 ubi
457 2320 615 2386 Materies
631 2321 734 2385 omnis
752 2320 915 2386 cumulata
925 2323 1051 2406 jaceret

171 2435 220 2482 999
235 2422 291 2487 Ex
306 2421 432 2487 infinito
442 2424 512 2507 jam
526 2434 672 2508 tempore
688 2424 901 2489 subsidendo.

234 2523 283 2589 At
295 2547 382 2589 nunc
397 2525 546 2590 nimirum
560 2524 690 2610 requies
706 2526 785 2590 data
799 2525 1039 2611 Principiorum

235 2626 437 2711 Corporibus
452 2627 540 2692 nulla
555 2629 613 2692 ’st:
636 2628 712 2713 quia
727 2627 772 2691 nil
785 2637 837 2692 est
852 2626 999 2692 funditus
1015 2627 1130 2706 Imum,

235 2729 312 2802 Quo
328 2730 421 2814 quasi
436 2729 611 2808 confluere,
628 2739 662 2795 et
676 2731 773 2795 sedes
788 2731 846 2794 ubi
861 2751 984 2816 ponere
999 2731 1144 2815 possint3

235 2832 373 2917 Semper
387 2841 421 2897 et
436 2830 568 2899 assiduo
582 2841 674 2898 motu
688 2854 742 2898 res
757 2853 897 2919 quaeque
912 2843 1077 2917 genuntur

181 3132 236 3184 970.
249 3133 385 3197 1999119119]
399 3134 491 3183 Recte:
508 3135 652 3185 Gassendus
663 3143 688 3184 et
721 3132 783 3183 teria
804 3133 867 3183 nihil
889 3131 1003 3198 generari
1024 3131 1141 3195 deinceps
1163 3139 1262 3196 possets

149 3196 199 3255 alii,
211 3201 331 3259 Inualidis,
343 3214 389 3264 pro
400 3199 471 3249 valde
482 3199 577 3249 validis.
720 3214 753 3247 ex
768 3198 904 3248 seminibus
918 3198 985 3246 euim
1000 3195 1182 3260 quiescentibus
1198 3195 1261 3245 nihil

180 3263 237 3314 971.
256 3263 318 3327 Quo]
338 3267 411 3324 0999,
429 3264 476 3313 Na.
497 3266 573 3314 Hunc
589 3278 688 3314 versum
720 3260 1261 3338 991999999999999999999111999919999,

150 3330 354 3444 1109791111111191
356 3363 387 3441 la
395 3394 448 3454 stni'
461 3390 576 3454 prqfecto]
592 3392 632 3440 lta
643 3407 687 3456 op·
717 3337 811 3440 119111111
817 3325 1264 3450 lleiledltllrlpilllilrcrllda'lllnnidldlloerlddd

151 3456 210 3504 time
223 3457 363 3506 Lambinus.
390 3456 450 3514 Alii,
462 3473 478 3504 n
490 3459 539 3516 fine
554 3456 688 3519 prenestem,
721 3455 815 3504 semina
830 3454 934 3519 siugulis
948 3457 1045 3503 Mundis
1060 3463 1181 3519 perpetuo
1197 3453 1260 3503 1919-

150 3522 216 3583 quod
232 3521 321 3585 Fayus,
338 3531 367 3570 ut
382 3521 451 3577 99199,1
469 3522 599 3585 approbem
621 3520 689 3585 qussi
721 3528 816 3569 runtur.

150 3586 226 3634 telum
246 3586 311 3650 quod
332 3587 504 3650 prohiberetur
523 3602 546 3635 v.
565 3585 620 3636 976.
640 3584 689 3634 (1191
755 3586 810 3633 981.
834 3588 861 3634 Si
883 3587 994 3633 inclusum
1022 3587 1092 3633 certis
1113 3583 1260 3648 consisteret]

149 3650 227 3716 possit
237 3666 288 3700 999
299 3669 314 3701 o
319 3654 368 3713 fine
376 3650 510 3715 profectum.
724 3652 858 3699 Conclusum
867 3653 937 3699 certis
944 3653 966 3698 si
977 3652 1101 3708 insisteret,
1110 3650 1260 3699 Gssseudus.

183 3718 238 3766 989.
251 3715 355 3780 Τ919]Β.
366 3719 442 3765 Coelo.-
458 3715 589 3764 manifesto
599 3729 688 3764 errore.
755 3715 809 3763 986.
824 3713 952 3776 venustet]
971 3715 1128 3776 Centuriam
1162 3713 1202 3764 Sic
1220 3732 1260 3764 es·

182 3783 238 3831 988.
258 3782 385 3840 Pseneros,
404 3784 512 3843 99911999,
533 3779 589 3842 etc]
611 3780 691 3844 Urget
722 3783 807 3828 tinsem
823 3796 868 3843 pro
879 3782 1026 3829 strinxissem
1041 3781 1108 3844 apud
1119 3778 1259 3843 Virgilium.

149 3861 211 3911 opus
223 3847 306 3906 Poita,
319 3856 351 3906 et,
361 3862 384 3895 v.
396 3847 433 3894 14.
445 3845 545 3909 subiicit
554 3845 689 3896 199999999-
724 3847 844 3894 Consumto
855 3861 900 3909 pro
910 3848 1073 3908 consumpsisse
1084 3845 1150 3909 apud
1167 3845 1260 3894 Lucre·

149 3912 216 3971 dum,
230 3912 296 3975 quod
310 3911 422 3961 eveniret
437 3911 458 3960 si
474 3914 586 3970 Finitum,
601 3920 627 3959 et
642 3909 686 3959 911·
721 3909 792 3967 tium,
804 3919 850 3959 etc.

149 3977 238 4040 qtribus
249 3976 368 4036 terminis,
379 3976 502 4025 inclusum
511 3985 576 4024 esset
591 3979 687 4024 Univer-
754 3974 809 4027 987.
823 3974 895 4038 Geni]
914 3978 978 4033 Geni,
993 3989 1079 4023 omnes
1090 3973 1159 4023 codd.
1171 3983 1220 4024 vet.
1231 3983 1261 4023 ut

150 4058 206 4090 9999.
241 4043 273 4091 19
289 4040 337 4091 isto
350 4042 418 4090 enim
435 4040 505 4089 finito
521 4044 585 4089 Ianus
599 4040 688 4104 uliquis
721 4048 746 4088 et
760 4048 874 4104 geruntur
891 4056 914 4088 v.
932 4041 988 4089 954.
1008 4054 1110 4101 eamque
1127 4038 1259 4087 lectionem

150 4117 216 4156 esset
225 4106 301 4165 locus,
312 4107 344 4156 ad
353 4122 426 4171 quem
434 4105 549 4155 materies
557 4107 587 4155 ab
596 4112 699 4155 eterno*
720 4105 770 4153 Gif.
783 4105 838 4154 Par.
852 4105 898 4154 Ns.
911 4119 996 4153 omnes
1006 4113 1096 4168 praeter
1112 4102 1260 4176 Lambinum

152 4171 279 4221 subsidens
295 4171 380 4221 inuste
390 4170 439 4221 sihi
453 4171 574 4235 gravitste
586 4179 687 4220 conten·
721 4179 835 4219 tuentur:
852 4179 878 4218 at
889 4178 974 4219 contra
984 4184 1069 4218 omnes
1084 4168 1160 4216 libros
1170 4166 1259 4214 admn-

152 4233 234 4293 9119999,
245 4235 406 4300 effectumque
419 4238 471 4298 jam
487 4235 583 4301 pridem
593 4235 687 4295 1919999,
722 4236 795 4284 tenda
806 4245 845 4284 est
859 4250 888 4284 es
898 4250 947 4284 999
958 4249 1013 4297 quae
1029 4231 1172 4281 Lucretium
1188 4228 1260 4294 sapit,

152 4307 180 4346 ut
190 4299 304 4363 depressa
314 4301 342 4350 19
353 4315 409 4358 eum
420 4302 501 4351 locum
512 4301 627 4351 universa
635 4315 687 4350 ma·
722 4301 788 4350 etad
800 4308 971 4364 argumentum
981 4296 1092 4362 apprime
1103 4294 1167 4343 fscit.
