2872 4852
442 241 614 306 LIBER
646 241 910 316 QUINTUS.
1166 247 1230 310 093

210 397 355 476 Auxilia,
373 409 406 463 et
421 399 525 463 socios
536 401 604 483 jam
620 410 717 483 pacto
731 399 856 464 foedere
872 399 1057 464 habebant:

211 501 417 566 Carminibus
432 523 505 565 cum
520 523 573 566 res
588 512 699 585 gestas
714 501 846 587 coepere
863 499 978 565 Poetae

209 602 377 682 Tradere3
401 625 460 668 nec
475 602 576 667 multo
591 603 673 689 priu’
690 615 765 668 sunt
780 602 953 668 Elementa
967 614 1109 690 reperta.

136 717 198 764 1445
211 704 391 791 Propterea
406 705 485 790 quid
502 708 543 770 sit
558 707 648 791 prius
665 716 772 770 actum
787 706 951 791 respicere
967 717 1046 771 aetas

208 803 335 872 Nostra
350 808 473 892 nequit,
489 809 552 872 nisi
566 831 631 893 qua
646 809 728 872 ratio
743 809 879 893 vestigia
894 819 1064 874 monstrat.

251 910 404 995 Navigia,
421 920 519 994 atque
535 909 620 996 Agri
635 910 791 987 culturas,
809 911 946 989 Moenia,
965 910 1086 997 Leges,

124 1050 129 1055 ·
209 1010 322 1091 Arma,
338 1013 432 1090 Vias,
447 1011 591 1089 VesteiS,
609 1023 642 1076 et
657 1024 776 1076 caetera
792 1013 833 1076 de
848 1035 967 1097 genere
982 1013 1111 1092 horum,

209 1113 359 1191 Praemia,
377 1113 508 1179 delicias
523 1135 653 1198 quoque
670 1114 744 1177 vitae
759 1112 905 1178 funditus
922 1117 1056 1193 omneis,

136 1229 198 1274 1454
211 1215 372 1293 Carmina,
390 1214 551 1292 Picturas,
568 1226 601 1278 et
617 1213 743 1279 daedala
760 1216 851 1299 signa
865 1215 980 1301 polire,

211 1317 314 1394 Usus,
330 1329 363 1381 et
377 1306 532 1402 impigrae‘
539 1317 632 1381 simul
648 1317 863 1402 Experientia
878 1319 994 1383 mentis

211 1418 383 1484 Paullatim
398 1421 509 1484 docuit
523 1421 722 1505 pedetentim
736 1421 994 1505 progredientes.

187 1519 192 1525 ⁷
212 1523 266 1587 Sic
281 1545 380 1587 unum
396 1523 551 1608 quicquid
566 1521 733 1608 paullatim
748 1523 909 1607 protrahit
924 1534 1004 1588 aetas

210 1627 249 1690 In
263 1628 415 1704 medium,
432 1629 579 1711 ratioque
594 1627 628 1689 in
641 1625 769 1690 luminis
785 1628 869 1691 eruit
884 1649 973 1691 oras:

138 1743 198 1789 4455
211 1729 365 1812 Namque
381 1728 445 1793 alid
462 1751 502 1792 ex
519 1728 581 1791 alio
597 1727 774 1793 clarescere
789 1730 887 1794 corde
902 1729 1048 1793 videmus

208 1831 359 1909 Artibus,
375 1832 417 1895 ad
435 1853 592 1894 summum
607 1832 711 1895 donec
726 1829 845 1894 vendre
860 1852 1025 1895 cacumen.

123 2083 190 2127 Mare
206 2083 322 2128 velivolum
334 2082 433 2140 florebat
450 2079 533 2127 Protei
549 2079 581 2126 ad
597 2094 659 2126 oras.
694 2080 792 2142 placent
811 2079 861 2128 illis
881 2081 942 2129 nihil
960 2095 1068 2143 unquam
1088 2081 1231 2146 displiceat:

124 2145 227 2192 Proteus
244 2154 269 2192 et
285 2144 338 2207 ipse
355 2145 425 2191 Deus
442 2144 558 2201 marinus,
576 2151 661 2205 utpote
695 2144 828 2192 Lambinus
845 2145 940 2193 invenit
956 2145 982 2193 in
1000 2145 1144 2207 quibusdam
1161 2146 1230 2194 codd.

124 2208 163 2269 qui
174 2209 267 2270 primus
277 2207 403 2270 navigasse
412 2207 532 2255 creditur:
549 2223 594 2254 orae
604 2222 661 2254 vero
694 2211 789 2256 navibus
797 2213 889 2269 pandis,
903 2219 928 2257 et
944 2210 997 2258 istis
1009 2209 1109 2259 vocibus
1120 2226 1165 2274 ego
1177 2211 1231 2273 qui·

123 2276 209 2330 Protei,
233 2281 291 2319 sunt
312 2287 361 2319 orae
384 2272 410 2318 in
433 2271 520 2333 quibus
543 2272 661 2333 regnabat
693 2272 748 2318 dem
760 2282 897 2321 contentus.

124 2338 234 2392 Proteus,
251 2336 377 2398 inquibus
394 2336 506 2383 omnibus
523 2335 659 2397 navigatio·
728 2337 796 2383 1155.
814 2336 933 2398 Videmus]
943 2336 1004 2396 Alii,
1014 2340 1136 2387 videbant:
1150 2339 1229 2403 irnpe-

123 2416 179 2449 nem
202 2401 312 2449 floruisse
335 2400 445 2448 affirmat.
490 2400 586 2455 Quibus
608 2399 660 2447 haec
693 2399 747 2447 rite.

156 2723 235 2777 Quon
247 2738 262 2770 4
273 2739 294 2770 v.
308 2724 346 2770 56.
359 2723 390 2770 ad
401 2739 423 2770 v.
437 2722 492 2773 117.
509 2722 592 2780 solem,
611 2732 659 2771 ter·
694 2723 801 2771 Demum
822 2723 877 2786 quis
891 2723 953 2772 ferat
973 2723 1043 2771 illum
1061 2724 1152 2787 culpas,
1171 2741 1232 2787 quas

124 2802 183 2844 ram,
196 2802 270 2846 mare,
286 2796 361 2836 totam
373 2787 477 2850 denique
494 2787 578 2835 mundi
592 2804 658 2835 com·
693 2797 770 2847 44445,
788 2787 873 2836 4444411
891 2797 1082 2847 enumerantem,
1099 2789 1160 2837 falso
1177 2805 1229 2838 om-

124 2867 211 2916 pagem
232 2868 277 2900 nec
300 2853 330 2901 ab
350 2861 441 2900 aterno
462 2852 545 2909 fuisse,
567 2868 611 2900 nec
633 2852 660 2900 in
693 2868 744 2910 nes,
767 2862 792 2900 et
815 2852 945 2901 vanissime
968 2853 1077 2902 effictasl
1114 2854 1231 2903 Haeccine

124 2927 243 2965 aeternum
257 2917 397 2965 duraturam
414 2918 508 2975 asserit,
525 2917 551 2964 id
562 2917 661 2981 quidem
694 2933 753 2965 vero
771 2917 831 2965 vitia
846 2917 872 2964 in
889 2933 953 2966 novo
970 2927 994 2966 et
1010 2918 1104 2966 recenti
1120 2920 1229 2967 mundo?

124 2981 172 3043 piis
183 2981 295 3030 omnibus
307 2991 332 3030 et
345 2982 410 3030 sanis
427 2982 583 3046 Philosophia
594 2999 659 3031 com·
696 2982 725 3030 Id
733 2982 831 3045 quidem
841 2992 913 3044 negat
922 2983 975 3046 ipse
982 2983 1118 3041 Lucretius,
1127 2983 1231 3046 ideoque

123 3061 211 3102 muuc;
230 3047 295 3109 quod
305 3063 364 3096 vero
376 3046 549 3096 verisimilibus
561 3048 660 3110 quibus·
693 3047 778 3110 inepte
786 3047 909 3095 facitdum
921 3048 987 3096 labes
995 3048 1127 3110 ruinasque
1134 3048 1232 3097 aedificii

124 3111 187 3169 dam,
216 3111 281 3160 veris
308 3122 390 3160 autem
424 3111 508 3161 multis
536 3112 660 3174 firmisque
693 3112 766 3175 longa
777 3121 848 3160 aetate
859 3112 1008 3160 dehiscentis
1019 3113 1124 3176 imputat
1135 3112 1231 3161 artifici.

124 3175 259 3224 rationibus
276 3178 371 3239 probat,
390 3176 451 3223 illud
467 3193 525 3225 4444
546 3177 661 3225 Lucretio
726 3177 749 3223 A
768 3193 790 3224 v.
809 3177 864 3228 117.
883 3177 954 3225 adv.
974 3178 1029 3225 509.
1048 3177 1132 3225 mundi
1150 3186 1232 3225 ortum

124 3241 251 3304 proprium
261 3241 371 3296 videtur;
389 3256 434 3288 nec
444 3241 545 3289 meliora
553 3257 586 3288 un
604 3257 660 3289 uam
693 3241 816 3298 describit,
839 3257 886 3303 qua
908 3241 1072 3304 descriptione
1100 3241 1167 3290 nulla
1195 3250 1233 3289 445

126 3305 235 3368 (semper
251 3306 347 3369 excipio
363 3321 443 3353 sacras
459 3257 604 3368 scripturasl
621 3320 659 3352 ar·
694 3306 759 3369 apud
775 3305 930 3370 physiologos
941 3315 984 3354 aut
995 3305 1073 3367 magis
1084 3305 1232 3364 verisimilis,

125 3379 242 3431 gumenta
252 3369 370 3417 invenies
406 3370 514 3431 Ideoque
525 3369 603 3432 magis
615 3369 660 3417 mi·
694 3378 737 3417 aut
746 3370 823 3432 magis
832 3378 949 3417 venusta:
966 3370 1086 3432 gravitate
1095 3385 1139 3418 sua
1147 3370 1230 3419 feruu-

126 3434 230 3481 randum
247 3443 291 3491 est,
309 3443 358 3481 tam
373 3434 518 3508 praeclarum
534 3433 661 3496 ingenium
694 3442 734 3481 tur
752 3433 834 3492 atomi,
854 3443 1009 3492 concurrunt,
1032 3434 1090 3483 inde
1110 3434 1232 3494 resiliunt,

126 3497 257 3546 inseruisse
273 3498 356 3546 futiles
372 3507 431 3546 istos
448 3514 533 3546 versus
544 3514 559 3545 a
569 3515 591 3546 v.
607 3498 660 3549 157.
695 3507 720 3546 45
735 3514 780 3562 pro
798 3498 864 3546 varia
880 3499 996 3562 ponderis
1011 3497 1122 3561 ictusque
1136 3499 1232 3549 ratione

126 3563 157 3611 ad
182 3579 204 3610 v.
234 3564 288 3610 236.
310 3562 398 3625 quibus
421 3562 533 3611 evincere
560 3572 662 3611 conatur
693 3561 720 3610 in
732 3562 828 3611 diversa
836 3563 890 3611 loca
900 3562 1035 3622 discedunt,
1047 3563 1129 3627 ibique
1139 3565 1230 3613 coales-

126 3628 244 3676 mundum
254 3629 319 3676 hunc
329 3643 343 3675 a
353 3628 407 3676 Deo
416 3643 464 3675 non
473 3627 548 3676 fuisse
557 3627 661 3676 iactum:
695 3636 760 3676 cunt.

126 3693 198 3757 tingit
215 3693 281 3740 enim
305 3693 386 3740 Deum
408 3708 508 3757 parcum
528 3693 602 3741 nimis
619 3709 663 3741 seu
727 3692 850 3748 Quoniam
867 3707 924 3740 vero
941 3708 956 3740 a
973 3709 995 3741 4.
1015 3694 1069 3741 510.
1087 3693 1117 3742 40
1134 3710 1157 3742 4.
1175 3694 1231 3746 770.

126 3759 208 3822 potius
220 3758 373 3816 malevolum,
385 3757 427 3820 qui
443 3757 505 3805 nihil
516 3757 594 3806 nostri
605 3773 661 3806 cau·
695 3772 744 3806 non
761 3773 835 3806 unam
852 3766 991 3820 certamque
1007 3773 1105 3806 causam
1121 3768 1232 3808 monium

126 3839 160 3881 sa,
173 3823 255 3872 omnia
267 3839 325 3871 vero
341 3823 379 3871 sui
397 3823 555 3871 emolumenti
571 3821 663 3872 intuitu
694 3822 838 3880 coelestium,
847 3821 976 3886 eclipseos,
989 3822 1038 3870 41141
1050 3831 1075 3871 45
1086 3825 1172 3882 444514,
1185 3834 1231 3873 454.

126 3899 189 3953 agat
219 3889 323 3944 Qualem
335 3887 411 3951 siquis
423 3889 509 3951 pingat
520 3887 663 3952 Epicurum,
696 3903 732 3945 ea,
744 3903 791 3950 qua
803 3887 845 3935 alii
861 3887 947 3945 solent,
964 3887 1099 3951 pertinacia
1116 3889 1232 3952 assignat,

126 3953 196 4002 illum
208 3953 296 4002 dicasis
311 3953 470 4016 impudentiae
487 3954 562 4001 Poeta
578 3962 662 4016 postu·
696 3951 752 4000 ideo
768 3953 918 4015 quibusdam,
929 3951 1027 4001 videtur
1037 3956 1169 4013 ,fluctuum⁸
1187 3969 1234 4016 ego

127 4018 195 4066 leret
237 4019 335 4067 Deinde
358 4018 475 4082 supponit
497 4033 593 4066 ornnem
616 4017 664 4066 Dei
696 4033 755 4066 vero
765 4017 887 4066 contendo
897 4016 977 4075 istam,
988 4033 1061 4080 quam
1070 4028 1164 4074 vocant,
1174 4033 1232 4066 con-

128 4099 196 4145 aeque
205 4099 233 4131 ac
242 4083 358 4131 Hominis
368 4083 480 4132 notitiem
489 4098 503 4130 4
512 4082 664 4131 simulachris
697 4082 811 4131 stantiam
827 4083 854 4130 in
872 4082 995 4146 Epicureo
1012 4081 1159 4145 Physiologo
1173 4081 1232 4130 ridi-

128 4147 281 4210 dependere;
298 4157 323 4197 at
334 4148 446 4212 quisiste
458 4149 543 4196 Deus?
561 4147 664 4196 4441114
697 4148 776 4196 culam
799 4147 859 4206 fore,
882 4147 973 4211 quippe
994 4147 1077 4194 omnia
1099 4163 1153 4194 4444
1181 4145 1234 4194 lieri

129 4227 201 4272 quem
212 4212 317 4276 percipit
325 4229 394 4262 mens
405 4215 519 4272 bumana,
530 4229 602 4276 quem
612 4228 663 4260 om·
697 4212 847 4276 pronuntiat,
860 4227 939 4274 neque
950 4210 1004 4273 quis
1015 4210 1086 4258 144114
1098 4209 1234 4274 deprehen·

130 4290 174 4323 nes
195 4287 280 4338 gentes
303 4287 437 4341 agnoscunt
459 4288 484 4327 et
509 4288 663 4327 venerantur.
697 4278 739 4326 dat
748 4293 821 4327 unam
829 4286 1080 4339 certamquecausam,
1088 4290 1142 4322 curn
1150 4274 1235 4324 eadem
