2872 4852
443 246 612 310 LIBER
640 173 900 310 'suarius
1164 251 1226 313 159

205 401 373 484 Serpentis
389 403 525 465 caudam
540 424 677 485 procero
693 417 841 485 corpore,
857 403 1010 485 utrinque

205 503 255 566 Sit
267 502 392 566 libitum
408 504 440 566 in
455 503 573 567 multas
588 505 709 588 parteis
725 505 908 568 discindere
924 504 1031 583 ferr03

135 615 187 662 ooo
206 606 325 668 Omnia
335 607 401 689 jam
419 627 565 669 seorsum
581 628 694 670 cernes
711 607 829 669 amcisa
844 608 966 670 recenti

204 706 347 770 Volnere
363 708 487 782 tortari,
504 716 537 770 et
553 717 671 771 terram
686 729 904 790 conspergere
920 709 1009 783 tabo,

204 809 311 892 Ipsam
327 831 427 892 seque
444 819 532 872 retro
547 819 673 892 partem
687 820 800 892 petere
816 831 872 872 ore
887 811 1039 892 priorem,

204 909 355 974 Volneris
371 911 498 974 ardenti
513 921 550 973 ut
564 933 674 975 morsu
688 912 893 995 prematicta
909 910 1030 976 dolore.

204 1013 364 1077 Omnibus
380 1036 451 1077 esse
466 1014 565 1096 igitur
579 1023 664 1076 totas
680 1014 824 1076 dicemus
840 1013 873 1074 in
890 1010 951 1074 illis

139 1123 186 1170 665
205 1112 377 1179 Particulis
394 1113 554 1177 Animas?
578 1124 611 1177 at
625 1137 663 1178 ea
679 1114 804 1176 ratione
820 1123 986 1195 sequetur,

150 1277 153 1283 ,
190 1214 311 1279 'Unam
326 1217 518 1280 animantem
534 1213 669 1279 Animas
684 1215 840 1278 habuisse
855 1214 889 1276 in
905 1214 1050 1297 Corpore
1066 1215 1193 1280 multas

203 1317 295 1401 Ergo
310 1318 413 1381 divisa
428 1317 468 1379 'st
482 1338 532 1391 ea,
550 1339 624 1399 quae
639 1315 699 1379 fuit
714 1337 779 1378 una
795 1313 889 1378 simul
904 1337 977 1378 cum

202 1419 361 1501 Corpore,
379 1427 578 1501 quapropter
594 1413 737 1479 Mortale
753 1425 926 1498 utrumque
941 1417 1123 1499 putandum
1139 1418 1189 1494 'st,

204 1518 242 1581 In
257 1517 374 1582 multas
391 1518 541 1601 quoniam
557 1517 677 1601 parteis
694 1517 887 1580 discinditur
902 1539 1005 1601 aeque.

139 1628 186 1679 670
246 1619 422 1695 Praeterea,
440 1620 468 1681 si
482 1617 667 1682 immortalis
682 1628 799 1681 natura
814 1615 943 1682 Animai

202 1720 351 1797 Constat,
367 1721 447 1784 etin
463 1719 591 1803 Corpus
607 1719 815 1782 nascentibus
831 1720 1030 1797 insinuatur;

201 1822 269 1885 Cur
285 1844 383 1905 super
399 1831 579 1886 anteactam
594 1830 722 1885 aetatem
738 1823 920 1886 meminisse
936 1823 1130 1906 nequimus?

200 1923 274 1988 Nec
289 1925 423 2008 vestigia
437 1935 603 2008 gestarum
619 1946 727 1987 rerum
743 1922 809 1986 ulla
824 1928 995 1989 tenemus?

199 2025 287 2089 Nam
302 2027 329 2088 si
344 2036 514 2109 tantopere
530 2026 570 2089 ’st
586 2024 696 2088 Animi
710 2035 832 2090 mutata
848 2036 1006 2109 potestas,

135 2139 181 2189 675
202 2128 316 2192 Omnis
332 2138 367 2191 ut
383 2137 527 2191 actarum
543 2128 701 2191 exciderit
716 2128 888 2190 retinentia
900 2148 1025 2203 rerum3

200 2230 277 2294 Non
293 2229 342 2311 (ut
358 2229 485 2312 opinor)
499 2230 533 2293 id
548 2231 591 2292 ab
605 2227 695 2292 letho
706 2229 774 2312 jam
788 2227 928 2311 longiter
943 2237 1041 2290 errat.

200 2332 411 2414 Quapropter
427 2329 549 2394 fateare
564 2338 698 2394 necesse
713 2330 764 2406 'st,
781 2350 855 2411 quae
870 2329 932 2391 fuit
946 2339 1033 2404 ante,

199 2432 384 2496 interiisse:
409 2441 442 2494 et
457 2454 531 2513 quae
545 2453 630 2494 nunc
646 2441 708 2506 est,
724 2452 810 2493 nunc
826 2453 898 2494 esse
914 2440 1066 2494 creatam.

242 2533 419 2608 Praeterea,
435 2533 462 2595 si
472 2533 541 2616 jam
555 2531 702 2616 perfecto
717 2554 853 2615 corpore
869 2532 962 2595 nobis

135 2651 182 2702 680
200 2634 317 2698 Inferri
332 2632 425 2697 solita
440 2634 479 2696 'st
495 2632 604 2697 Animi
618 2634 723 2697 vivata
738 2645 896 2717 potestas,

199 2736 287 2800 Tum
302 2757 375 2799 cum
389 2735 561 2818 gignimur,
578 2744 611 2798 et
626 2736 700 2798 vitae
716 2757 790 2798 cum
805 2733 900 2799 limen
916 2735 1052 2798 inimus:

199 2838 300 2902 Haud
315 2838 360 2900 ita
375 2837 597 2911 conveniebat,
614 2836 749 2900 uticum
764 2837 923 2920 Corpore,
940 2847 973 2901 et
988 2860 1054 2900 una

199 2938 283 3003 Cum
297 2939 449 3002 membris
465 2938 613 3001 videatur
628 2938 747 3022 inipso
765 2939 920 3021 sanguine
936 2938 1067 3015 cresse3

147 3192 201 3240 658.
218 3195 320 3240 (laudam
324 3208 418 3253 procero
425 3190 529 3252 corpore]
540 3191 649 3238 Caudam
715 3191 770 3241 674.
790 3191 897 3255 Mutato]
917 3193 955 3240 At.
973 3196 1073 3246 vitiator
1094 3190 1161 3239 etin
1178 3205 1217 3238 se·

113 3255 210 3318 longam
231 3265 257 3304 et
274 3271 415 3319 proceram
441 3257 582 3302 Lambinus:
608 3254 649 3301 alii
682 3256 766 3316 quenti
778 3271 857 3312 versu,
872 3259 975 3304 Omnium
988 3265 1014 3304 at
1024 3265 1151 3312 octaorum,
1163 3263 1206 3302 etc.

114 3328 195 3367 tamen
218 3321 310 3382 legunt,
331 3323 445 3368 Minorem
468 3322 605 3380 Serpentem,
627 3327 650 3366 et
715 3319 769 3369 675.
787 3320 935 3381 Retinentio]
950 3321 1006 3366 Vox
1017 3319 1126 3380 μονήρης,
1140 3334 1219 3380 neque

116 3387 201 3432 Gauda
211 3401 304 3444 procem
317 3388 420 3444 Corpore.
682 3383 747 3430 enim
759 3384 817 3431 alibi
829 3399 901 3445 quam
912 3383 978 3447 apud
991 3383 1131 3431 Lucretium
1147 3382 1217 3430 inve·

147 3449 202 3495 660.
219 3447 325 3509 Ametso]
343 3451 388 3495 Am
404 3448 463 3495 olim
479 3463 511 3495 ex
527 3447 587 3509 ἀμφὶ
603 3463 649 3510 pro
681 3447 755 3495 nitur.
784 3451 867 3495 Faber.
898 3448 973 3506 Infra,
983 3464 1004 3495 v.
1015 3448 1069 3496 863.
1082 3450 1217 3508 repetentia,

113 3516 198 3560 ciream
215 3511 335 3568 dicebant,
349 3512 461 3575 exempla
476 3512 606 3560 innumera
621 3511 648 3558 in
681 3526 757 3572 eaque
770 3527 827 3559 voce
839 3513 963 3560 Arnobius
974 3511 1000 3559 in
1012 3511 1053 3559 lib.
1068 3512 1103 3558 11.
1115 3509 1200 3558 utitur.

115 3576 378 3639 vocibuscompositis3
398 3579 479 3624 Faber·
715 3576 769 3626 676.
793 3575 916 3638 Longiter]
940 3577 978 3624 Ita
998 3574 1131 3632 Charisius,
1155 3575 1216 3623 Inst,

146 3642 201 3692 670.
217 3643 342 3699 Praeterea,
351 3638 586 3702 stimmortalr‘rssta]
597 3640 647 3687 De·
681 3642 757 3687 Gram
768 3640 784 3687 l.
799 3641 834 3688 11.
847 3656 871 3703 p.
887 3641 939 3688 183.

113 3705 202 3754 cimum
215 3715 318 3764 sextum,
331 3722 353 3754 v.
366 3707 388 3754 9.
417 3705 443 3754 Si
455 3706 547 3753 Anima
557 3705 590 3752 sit
601 3703 646 3751 im·
714 3704 768 3754 679.
793 3707 918 3762 Praeterea,
932 3705 1018 3767 etjam
1033 3703 1140 3765 perfecto,
1158 3702 1219 3766 eta}

113 3770 229 3828 mortalis,
249 3771 302 3819 sine
322 3771 532 3835 anteperfectum
553 3771 648 3832 Corpus
681 3769 810 3816 Decimum
827 3769 966 3831 septimum,
978 3785 1001 3817 v.
1016 3771 1053 3816 18.
1083 3768 1109 3816 Si
1126 3766 1218 3816 Anima

112 3834 207 3898 integra
219 3836 326 3884 existens
339 3835 380 3897 (ea
393 3845 446 3883 erat
462 3835 607 3898 Pythagora
624 3844 649 3881 et
680 3833 812 3882 inferretur
825 3833 851 3880 in
868 3835 964 3896 Corpus
980 3833 1121 3897 perfeetum,
1138 3832 1165 3880 id
1181 3831 1218 3880 sic

114 3900 222 3948 Platonis
238 3899 378 3962 sententia),
394 3900 420 3946 in
438 3900 533 3963 Corpus
550 3898 648 3947 tandem
680 3898 781 3946 deberet
796 3897 850 3945 fieri
867 3897 935 3946 utin
952 3897 1006 3961 ipso
1024 3898 1131 3960 degeret,
1148 3895 1217 3958 quasi

112 3962 268 4013 infundatur:
286 3980 330 4012 cur
344 3979 415 4011 nemo
433 3963 494 4025 (uno
511 3963 648 4025 Pythagora
681 3962 742 4010 Avis
754 3962 780 4010 in
792 3978 872 4020 cavea,
885 3979 934 4010 non
946 3973 973 4010 ut
984 3961 1109 4010 videretur
1119 3976 1174 4008 cum
1187 3975 1217 4008 eo

113 4028 227 4092 excepto)
256 4037 373 4076 anteactae
401 4027 457 4075 vitae
488 4027 647 4074 recordetur?
680 4036 877 4089 crescerentque
887 4027 920 4074 ita
930 4027 1035 4084 contexi,
1045 4024 1218 4074 utindeexire

113 4093 184 4147 Quod
196 4093 216 4141 si
229 4092 319 4140 Anima
329 4092 377 4140 isto
389 4092 415 4139 in
426 4092 521 4154 Corpus
536 4090 648 4152 ingressu
680 4106 728 4138 non
740 4091 805 4154 potis
817 4092 850 4139 sit
860 4091 995 4148 incolumis,
1007 4090 1122 4153 proderet
1132 4103 1159 4136 se
1176 4102 1216 4134 or-

113 4171 210 4204 omnem
226 4156 418 4205 recordationem
435 4155 550 4212 amiserit,
563 4153 647 4216 quidni
680 4153 716 4202 tui
728 4165 801 4217 atque
812 4155 922 4203 interitui
934 4154 1071 4203 obnoxiam.

113 4235 153 4267 res
169 4229 295 4284 tantopere
309 4219 402 4277 vitiata,
419 4219 451 4267 sit
468 4218 577 4268 ulteriori
594 4233 646 4266 cor·
713 4219 767 4267 681.
785 4222 866 4267 Limen
882 4217 977 4280 inimus]
996 4216 1055 4272 Alii,
1072 4219 1146 4262 lumen
1161 4216 1216 4260 adr·-

113 4283 228 4346 ruptioni,
241 4284 313 4331 morti
324 4283 446 4332 obnoxiat
680 4299 736 4330 mur.
