2872 4852
230 194 329 310 ase
612 245 655 311 r.
688 245 959 311 Lucanam

320 402 403 466 Haec
420 403 554 466 eadem:
578 403 796 486 nequeenim,
813 401 1092 486 mortali‘corpore
1107 426 1183 487 quae
1197 415 1286 482 sunt,
1371 405 1375 413 '

319 505 374 568 Ex
389 504 514 568 infinito
526 504 594 588 jam
610 515 755 589 tempore
772 504 881 570 adhuc
895 505 1082 589 potuissent
1277 515 1282 522 '

254 618 302 663 380
321 605 472 670 Immensi
487 605 608 671 validas
624 608 684 670 aevi
700 619 906 671 contemnere
921 608 1027 671 vireis.

361 708 515 792 Denique
530 720 700 794 tantopere
714 711 798 773 inter
812 732 846 774 se
862 731 935 782 cum
950 709 1090 772 maxima
1105 708 1228 798 Mundi
1280 714 1284 721 ”
1326 707 1330 712 ’

319 809 473 894 Pugnent
488 813 641 888 membra,
657 813 713 896 pio
727 834 932 896 nequaquam
948 811 1075 875 concita
1090 810 1198 888 bello;

319 911 440 976 Nonne
455 911 546 977 vides
561 912 699 997 aliquam
714 913 803 998 longi
817 914 999 978 certaminis
1014 912 1084 976 ollis

320 1013 423 1078 Posse
439 1015 511 1079 dari
525 1014 646 1079 finem?
669 1015 721 1078 vel
736 1038 809 1081 cum
825 1015 894 1093 Sol,
910 1025 944 1079 et
961 1014 1078 1098 Vapor
1092 1014 1196 1078 omnis

253 1128 300 1173 385
319 1116 480 1180 Omnibus
496 1118 602 1200 epotis
616 1116 808 1182 humoribus
823 1114 1062 1200 exsuperium,

318 1218 417 1290 Quod
433 1217 540 1283 facere
555 1220 739 1296 intendunt,
755 1241 861 1303 neque
876 1218 984 1283 adhuc
1000 1229 1116 1282 conata
1132 1228 1318 1302 patrantur,

318 1319 462 1384 Tantum
478 1321 690 1405 suppeditant
704 1318 849 1398 Amnes,
859 1319 1011 1404 ultroque
1026 1321 1190 1384 minantur

318 1420 436 1485 Omnia
452 1422 608 1487 diluviare
624 1446 666 1488 ex
681 1422 746 1487 alto
762 1422 891 1508 gurgite
906 1423 1016 1506 ponti;

317 1521 566 1607 Nequicquam:
591 1524 754 1597 Quoniam
769 1533 935 1588 verrentes
952 1545 1091 1607 aequora
1101 1523 1189 1586 venti

253 1636 300 1682 390
319 1623 533 1702 Deminuunt,
549 1625 714 1708 radiisque
730 1636 882 1690 retexens
899 1624 1053 1689 aetherius
1070 1623 1145 1702 Sol;

318 1724 365 1788 Et
381 1727 502 1790 siccare
517 1727 608 1810 prius
624 1726 793 1791 confidunt
808 1728 914 1791 omnia
928 1749 1038 1812 posse,
1136 1719 1146 1750 ¹

318 1826 426 1898 Quam
440 1827 547 1911 liquor
560 1829 694 1914 incoepti
710 1831 815 1914 possit
831 1817 1020 1915 contingere
1036 1829 1145 1893 linem.

316 1929 461 1993 Tantum
477 1931 636 2013 spirantes
652 1954 748 2015 aequo
762 1933 936 1997 certamine
951 1929 1072 1996 bellum

317 2030 450 2114 Magnis
465 2032 507 2096 de
524 2033 622 2097 rebus
637 2034 722 2097 inter
738 2056 773 2097 se
789 2055 922 2098 cernere
938 2043 1083 2097 certant:

253 2143 300 2189 ³9⁵
320 2131 403 2196 Cum
419 2132 520 2198 semel
534 2135 566 2198 in
582 2146 671 2199 terra
685 2135 783 2200 fuerit
799 2137 1006 2220 superantior
1020 2134 1121 2217 Ignis,

316 2234 364 2297 Et
379 2234 478 2300 semel
491 2235 541 2320 (ut
555 2236 640 2300 fama
655 2238 708 2321 ’st)
724 2238 856 2302 Humor·
870 2235 1015 2321 regniarit
1028 2236 1061 2298 in
1077 2234 1173 2298 arvis.

316 2337 406 2421 Ignis
422 2339 506 2401 enim
521 2341 698 2423 superavit,
713 2350 747 2404 et
762 2342 895 2404 ambens
911 2337 1011 2403 multa
1025 2336 1181 2422 perussit,

313 2439 400 2503 Avia
415 2462 488 2504 cum
504 2441 715 2507 Phaethonta
729 2465 833 2527 rapax
849 2444 896 2506 vis
913 2439 998 2505 Solis
1014 2459 1172 2523 equorum

315 2541 457 2607 AEthere
472 2545 612 2628 raptavit
627 2556 707 2622 toto,
725 2557 893 2629 terrasque
909 2564 970 2627 per
985 2541 1118 2605 omneis.

249 2655 299 2700 400
313 2640 360 2707 At
374 2654 469 2728 pater
484 2645 700 2730 Omnipotens
716 2646 847 2711 iratum
862 2645 1008 2730 percitus
1023 2643 1090 2707 acri

315 2745 560 2829 Magnanimum
576 2747 785 2812 Phaethonta
800 2748 927 2832 repenti
942 2744 1084 2811 fulminis
1097 2743 1166 2807 ictu

315 2847 513 2910 Deturbavit
527 2851 621 2932 equis
634 2851 667 2912 in
682 2859 819 2927 terram3
843 2846 966 2932 Solque
981 2846 1112 2912 cadenti

316 2947 443 3012 Obvius
458 2960 613 3014 aeternam
628 2953 773 3034 succepit
786 2950 938 3035 lampada
952 2948 1064 3013 mundi
1076 2973 1084 3024 ;

314 3049 547 3136 Disjectosque
562 3052 689 3136 redegit
704 3075 817 3137 equos,
829 3052 1005 3137 junxitque
1022 3047 1226 3114 trementeis:

250 3152 394 3218 4⁰61nde
411 3177 505 3219 suum
519 3177 579 3240 per
593 3155 655 3219 iter
670 3155 828 3220 recreavit
843 3164 960 3219 cuncta
975 3153 1173 3236 gubernans.

314 3255 456 3335 Scilicet,
471 3268 509 3322 ut
523 3269 649 3322 veteres
666 3256 803 3323 Graidm
818 3257 964 3322 cecinere
981 3254 1113 3329 Poetae3

314 3357 415 3430 Quod
428 3360 543 3444 procul
557 3383 576 3423 a
590 3382 667 3425 vera
681 3360 721 3424 ’st
736 3360 832 3423 anirni
847 3359 972 3422 ratione
987 3352 1172 3439 repulsum:

261 3599 316 3646 381,
342 3603 443 3663 Denique
463 3611 587 3664 tantopere,
608 3603 665 3665 eta]
689 3601 764 3650 Aliud
798 3601 923 3647 linxerunt
939 3596 1081 3645 incendium
1098 3594 1165 3643 istud
1176 3602 1202 3642 et
1217 3591 1341 3642 diluvium

228 3661 326 3710 demum
343 3679 513 3726 argumentum
529 3667 635 3724 deducit,
653 3683 675 3714 v.
694 3667 765 3713 aaa
797 3664 938 3712 interventu
961 3663 1071 3709 Deorum
1093 3659 1211 3723 erupisse,
1234 3666 1260 3706 et
1283 3673 1338 3706 ces·

227 3740 310 3788 pugna
326 3728 441 3776 continua
458 3731 658 3792 (elementorum)
677 3728 763 3793 praeci·
797 3730 869 3776 sisse.
1252 3783 1258 3795 ι

224 3805 331 3865 puerum
354 3793 439 3841 mundi
459 3795 574 3857 partium.
614 3795 678 3842 Cum
699 3792 765 3840 euim
830 3793 885 3838 382.
899 3792 942 3837 Pto
953 3788 1107 3851 nequaquam]
1120 3786 1207 3850 impio,
1218 3800 1276 3848 quia
1285 3785 1340 3834 bel-

227 3855 292 3918 ignis
308 3871 364 3902 cum
381 3872 444 3917 aqua
459 3857 632 3915 committatur,
651 3867 676 3905 et
691 3855 763 3904 modo
795 3855 847 3903 lum
858 3854 904 3901 hoc
917 3863 954 3901 est
965 3854 1037 3902 civile
1049 3863 1074 3901 et
1085 3851 1237 3901 intestinum.

227 3919 348 3976 incendis,
379 3920 451 3967 modo
485 3920 610 3968 eluviones
639 3929 763 3995 superent,
829 3921 884 3966 888.
897 3917 1032 3980 Diluoiare]
1045 3917 1148 3966 Diluvio
1159 3917 1270 3963 obruere.

227 3983 312 4046 quidni
329 3983 494 4032 tandemcum
510 3983 764 4033 totiusmundrruina
829 3983 884 4032 396.
912 3983 1039 4047 Regndrit]
1063 3984 1193 4044 supererit,
1216 3988 1241 4027 et
1263 3993 1341 4028 versu

227 4050 278 4097 haec
305 4048 454 4097 concertatio
483 4046 644 4097 terminetur?
692 4049 764 4103 Quod
797 4050 852 4097 399.
866 4056 983 4109 terrasque
992 4050 1101 4108 perussit,
1114 4043 1263 4093 Gassendus.

226 4130 285 4163 vero
295 4118 383 4176 magna
394 4111 508 4160 incendia
517 4120 542 4159 et
550 4111 641 4160 diluvia
652 4113 760 4175 contige·
828 4115 883 4163 397.
901 4111 1013 4173 Ambarri]
1030 4111 1172 4159 Ambedens
1184 4109 1214 4156 ab
1226 4110 1322 4156 ammo
1329 4127 1339 4163 ,·

225 4178 284 4238 rint,
289 4180 320 4228 de
326 4178 477 4226 Phaethonte
487 4187 511 4225 et
517 4176 667 4223 Deucalione
676 4177 763 4224 fabulae
796 4177 830 4225 sic
840 4181 940 4225 ambesas
952 4191 996 4239 pro
1008 4178 1132 4223 ambedere.
1154 4172 1213 4230 Alii,
1225 4175 1338 4221 ambiem-

225 4244 400 4301 demonstraut,
414 4258 470 4291 nam
482 4242 538 4305 igne
549 4249 648 4298 vastata,
658 4250 683 4289 et
695 4241 763 4302 aquis
829 4241 884 4291 407.
903 4244 925 4288 A
942 4256 996 4288 vero
1015 4241 1045 4288 ’st
1062 4238 1145 4300 animi]
1165 4236 1264 4295 Melius,
1282 4253 1339 4286 vera

226 4311 312 4360 obruta
332 4318 385 4363 etet
402 4317 481 4363 terra,
505 4306 563 4354 licet
581 4306 663 4354 Potite
680 4305 763 4368 inepte
797 4309 863 4352 nimis
876 4313 916 4352 err.
