2872 4852
190 214 256 293 rol
572 213 615 278 T.
648 210 919 278 LUCRETII
964 249 967 254 -

212 383 260 433 785
293 422 297 428 .
320 370 475 455 Denique
489 371 523 434 in
538 369 660 435 aethere
675 392 741 434 non
755 370 864 446 arbor,
880 391 946 432 non
961 389 1093 452 aequore
1108 369 1141 432 in
1156 366 1223 433 alto

279 472 397 539 Nubes
413 495 487 538 esse
502 484 637 558 queunt,
653 495 714 538 uec
730 473 843 538 Pisces
859 472 966 536 vivere
980 471 1015 535 in
1029 471 1127 546 arvis,

277 575 353 640 Nec
368 575 475 640 Cruor
488 576 522 639 in
535 575 642 661 lignis,
659 598 720 640 nec
735 576 823 640 saxis
838 575 964 640 Succus
979 575 1105 651 inesse,

279 677 414 742 Certum
429 700 466 742 ac
482 678 676 762 dispositum
691 678 742 755 ’st,
757 677 815 742 ubi
829 676 985 761 quicquid
1001 686 1136 753 crescat,
1153 686 1187 740 et
1204 675 1300 739 insite

279 779 333 844 Sic
349 777 459 843 Animi
473 791 589 845 natura
603 780 718 864 nequit
732 780 800 844 sine
816 779 963 864 Corpore
980 778 1058 843 oriri

214 891 262 942 ⁷90
279 880 368 960 Sola,
383 903 489 966 neque
505 883 658 960 enervis,
673 890 707 946 et
722 881 878 966 sanguine
893 878 1022 964 longius
1036 901 1121 944 esse.

277 984 355 1049 Hoc
370 985 397 1048 si
411 995 527 1070 posset
538 985 635 1061 enim,
651 983 753 1050 multo
767 986 859 1069 prius
874 984 946 1068 ipsa
961 981 1073 1047 Animi
1087 983 1137 1060 ris

278 1087 319 1151 ln
332 1086 461 1172 Capite,
476 1097 533 1152 aut
548 1087 717 1164 Humeris,
733 1097 790 1152 aut
804 1087 878 1150 imis
894 1084 1046 1150 Calcibus
1061 1106 1135 1149 esse

279 1190 410 1267 Posset,
425 1201 460 1254 et
472 1191 595 1254 innasci
608 1189 721 1274 quavis
737 1189 771 1252 in
786 1199 880 1274 parte
896 1187 1033 1252 soleret:

278 1292 430 1358 Tandem
440 1293 474 1355 in
484 1293 600 1357 eodem
610 1290 752 1368 homine,
765 1301 864 1376 atque
878 1291 912 1354 in
927 1290 1042 1354 eodem
1054 1311 1131 1353 vase
1142 1297 1300 1352 maneret.

215 1406 262 1456 795
278 1394 379 1469 Quod
395 1395 546 1480 quoniam
559 1395 593 1458 in
607 1404 720 1459 nostro
731 1415 862 1477 quoque
874 1401 1003 1456 constat
1013 1391 1160 1476 Corpore
1176 1401 1301 1456 certum

280 1497 551 1584 Dispositumque
567 1497 706 1574 videtur,
722 1497 780 1560 ubi
795 1517 879 1572 esse,
895 1505 929 1558 et
944 1516 1092 1559 crescere
1107 1495 1212 1578 possit

280 1600 434 1664 Seorsum
446 1597 577 1676 Anima,
590 1609 688 1683 atque
703 1595 858 1662 Animus:
883 1606 975 1661 tanto
985 1597 1087 1680 magis
1095 1595 1304 1683 inficiandum

281 1701 405 1766 Totum
420 1723 518 1785 posse
533 1711 627 1776 extra
643 1699 919 1784 Corpusdurare,
935 1699 1087 1784 genique.

282 1803 408 1880 Quare,
423 1825 543 1887 corpus
558 1803 617 1867 ubi
631 1803 762 1879 interiit,
778 1802 915 1886 periisse
930 1822 1062 1866 necesse
1078 1801 1119 1865 ’st

216 1917 264 1964 800
278 1903 464 1973 confiteare
479 1905 616 1969 animam
629 1905 818 1969 distractam
832 1903 866 1967 in
882 1902 1029 1988 Corpore
1045 1912 1127 1967 toto.

324 2006 459 2092 Quippe
474 2007 593 2071 etenim
609 2005 753 2070 Mortale
768 2004 912 2069 AEterno
921 2006 1073 2090 jungere,
1087 2015 1121 2069 et
1136 2027 1202 2069 una

282 2109 476 2174 Consentire
490 2120 617 2194 putare,
634 2119 667 2173 et
681 2108 774 2192 fungi
789 2119 902 2172 mutua
916 2131 1026 2193 posse,

284 2211 447 2296 Desipere
463 2212 520 2276 ’stz
545 2212 624 2296 quid
639 2212 725 2276 enim
737 2211 896 2285 diversius
913 2233 986 2276 esse
1000 2211 1184 2295 putandum
1199 2211 1252 2288 'st,

282 2310 353 2378 Aut
367 2314 469 2399 magis
483 2315 568 2378 inter
584 2337 620 2379 se
635 2315 844 2399 disjunctum,
860 2313 1152 2397 discrepitansque,

217 2429 264 2477 805
280 2417 400 2497 Quam,
418 2418 561 2484 Mortale
576 2418 666 2503 quod
680 2429 743 2496 est,
759 2416 946 2494 Immortali,
962 2428 1062 2500 atque
1076 2417 1213 2501 perenni

280 2518 450 2599 Juuctum,
463 2521 497 2585 in
512 2519 649 2586 concilio
663 2541 767 2584 saevas
780 2518 920 2585 tolerare
934 2517 1117 2604 procellas?

229 2670 284 2721 ⁷8⁵.
310 2672 414 2733 Denique
436 2674 461 2718 ta
482 2675 566 2720 attere
588 2689 632 2720 non
658 2675 735 2730 orbor,
767 2670 846 2734 cogit;
864 2686 964 2719 namex
979 2670 1039 2720 falsa
1052 2669 1228 2734 suppositione,
1244 2671 1305 2718 Ληί-

196 2734 252 2797 etc]
264 2734 383 2791 Tertium,
395 2752 418 2785 v.
432 2736 469 2782 16.
487 2737 606 2792 observat,
625 2736 690 2798 quod
708 2745 736 2784 ut
767 2753 805 2784 mo
823 2739 898 2796 primo
919 2740 944 2784 ia
963 2738 1046 2797 eapite,
1067 2738 1173 2793 tamnu,
1193 2742 1236 2782 eet
1253 2737 1307 2782 imis

195 2810 263 2848 certa
277 2798 401 2857 nascendi,
419 2800 551 2858 crescendi,
566 2800 735 2863 existendique
768 2803 870 2848 caldius
880 2809 945 2858 esset,
958 2803 1049 2848 tandem
1060 2804 1085 2848 ia
1097 2808 1143 2848 toto
1158 2803 1253 2856 homine,
1270 2803 1307 2846 uti

196 2864 264 2927 regio
275 2863 378 2910 delinita
388 2863 421 2912 sit
431 2865 505 2912 rebus
514 2864 615 2922 ceteris,
627 2864 663 2912 ita
674 2879 733 2927 quo·
767 2882 828 2926 aquo
839 2867 864 2912 tn
876 2873 984 2913 retonare
999 2873 1107 2913 moneret.
1140 2863 1304 2920 Quemadmo-

196 2944 244 2991 que
256 2927 349 2976 Animo
358 2927 414 2991 ipsi,
426 2944 454 2976 ac
467 2928 572 2992 proinde
589 2945 640 2977 non
657 2929 735 2991 magis
767 2928 825 2977 dum
835 2944 897 2991 aqua
907 2945 961 2992 quae
972 2929 1109 2978 infanditur
1120 2929 1200 2993 primo
1211 2937 1306 2992 partem

195 2993 274 3057 possit
293 3003 364 3041 extra
380 2993 485 3056 Corpus,
504 2993 531 3041 in
551 3009 600 3056 quo
617 2994 734 3050 nascitur,
767 2993 877 3042 infimam
895 2994 967 3051 vasis,
988 3010 1047 3042 mox
1066 2995 1179 3051 mediam,
1201 2993 1306 3055 denique

196 3056 285 3106 crescit
304 3066 330 3105 et
347 3057 439 3116 existit,
456 3057 553 3121 degere,
571 3073 643 3121 quam
660 3057 735 3121 piscis
767 3067 846 3106 totum
858 3074 901 3106 vas
911 3058 1032 3122 impleret.
1061 3059 1122 3107 Haec
1135 3059 1221 3106 Faber.
1244 3058 1307 3112 Quae

197 3131 268 3171 extra
278 3137 373 3184 aquam,
390 3138 463 3185 quam
480 3124 552 3171 arbor
567 3123 594 3170 in
611 3125 674 3180 aire,
691 3131 735 3171 aut
767 3122 894 3185 ingeniose
905 3123 1003 3186 quidem
1014 3123 1150 3187 excogitata
1165 3139 1180 3170 a
1194 3132 1306 3171 veterum

196 3187 224 3236 iu
244 3186 307 3236 mari
324 3188 410 3236 nubea.
442 3187 515 3243 Quod
533 3203 592 3236 vero
608 3202 664 3236 cum
683 3196 734 3236 toto
767 3187 835 3236 codd
849 3187 970 3251 scriptura
985 3204 1058 3250 quam
1075 3187 1182 3237 maxime
1200 3189 1304 3242 absunt;

196 3253 305 3317 Corpore
328 3262 448 3311 nascatur,
471 3263 572 3310 crescat,
596 3262 620 3300 et
646 3252 735 3300 existat
768 3260 793 3300 et
803 3252 951 3314 rejiciendus
960 3253 1042 3317 potius
1054 3263 1092 3302 est
1102 3253 1150 3301 iste
1159 3267 1252 3310 versere,
1280 3251 1306 3298 ui

196 3317 295 3375 Anima,
305 3316 406 3367 minime
415 3317 575 3366 dubitandum
587 3326 631 3374 est,
643 3317 734 3393 quippe
767 3317 830 3365 nihil
840 3317 950 3381 profecto
960 3317 1001 3366 hic
1016 3317 1064 3365 loci
1082 3317 1140 3382 agit,
1159 3326 1260 3380 quamt
1285 3315 1307 3364 'a

196 3381 595 3447 aliasAnimamodoincapite,
616 3382 735 3431 modom
767 3381 908 3430 emendatio
921 3382 1078 3431 admittenda.
1108 3382 1208 3445 Aliquis
1223 3391 1306 3430 tamen

196 3445 312 3503 humeris,
324 3446 374 3494 imo
386 3446 492 3495 calcibus
508 3447 615 3504 formari,
635 3456 660 3495 et
676 3446 735 3496 inde
767 3447 835 3510 legit,
849 3449 949 3496 Tandem
960 3451 985 3495 ia
996 3451 1072 3496 eodm
1085 3450 1180 3506 donatae,
1195 3454 1264 3508 atque
1280 3448 1306 3493 ia

196 3524 242 3572 per
252 3518 331 3558 totum
342 3511 438 3574 Corpus
453 3511 544 3561 sensim
559 3512 663 3561 diffirndi
680 3528 736 3562 sen·
769 3515 845 3561 eodem
857 3529 910 3562 vase
926 3529 1033 3568 neomre,
1056 3511 1101 3560 viz.
1119 3515 1202 3561 soleret
1216 3526 1307 3559 monere

197 3573 306 3622 tiremus.
769 3581 794 3625 tn
805 3581 880 3625 eodem
890 3594 950 3635 aare,
960 3577 986 3624 id
997 3586 1041 3633 eat,
1053 3577 1080 3624 in
1091 3577 1179 3640 capite,
1189 3574 1309 3632 humeris,

230 3638 285 3687 790.
303 3638 418 3701 Longius]
431 3639 470 3688 Al.
484 3643 587 3703 hagiae.
767 3650 810 3689 aut
821 3641 942 3690 calcibus:
960 3640 1041 3689 omnia
1053 3641 1191 3705 displicent.

230 3701 286 3753 794.
305 3705 406 3751 Tandem
423 3707 447 3751 in
464 3707 539 3752 eodem
556 3709 651 3762 lamiae,
666 3712 735 3768 atque
803 3707 858 3753 801.
886 3709 976 3767 Quippe
1002 3709 1085 3754 etenim
1113 3708 1219 3763 Mortale,
1248 3703 1306 3766 etc]

197 3770 222 3814 ia
239 3768 316 3815 eodem
334 3782 387 3814 vose
407 3768 521 3830 moneret]
546 3770 621 3818 Hunc
638 3784 736 3817 versum
768 3769 897 3827 Quintum,
920 3787 942 3818 v.
964 3771 986 3818 6.
1008 3771 1095 3819 asserit
1113 3785 1233 3820 summam
1253 3784 1307 3817 esse

196 3829 491 3894 negliguntinterpretem
508 3832 661 3896 Faberlegit,
674 3835 735 3881 Tan·
769 3833 917 3882 dementiam
934 3844 1021 3899 putare
1032 3850 1072 3884 res
1083 3836 1145 3884 adeo
1157 3835 1267 3884 diversas
1277 3849 1306 3881 ae
1370 3831 1371 3834 ’

197 3898 248 3944 dem
258 3899 283 3943 ἐκ
295 3903 341 3942 tato
352 3897 446 3952 tamine,
459 3911 521 3956 aqua
532 3906 560 3944 ut
572 3897 599 3945 iu
616 3906 666 3945 toto
683 3914 736 3946 eoae
768 3908 826 3946 sunt
849 3898 990 3948 Immortale
1013 3909 1039 3948 et
1062 3900 1169 3948 Mortale
1191 3897 1306 3961 coniungi

197 3968 305 4009 moneret.
334 3960 381 4007 Et
391 3959 490 4022 quidem
501 3959 527 4007 in
539 3960 581 4008 illo
592 3977 665 4008 versu
676 3976 734 4009 ana·
768 3978 848 4026 posse,
860 3972 885 4010 et
901 3963 964 4013 Rem
976 3965 1108 4013 Mortalem
1121 3962 1242 4029 (Corpus)
1253 3979 1307 4026 quoe

197 4034 296 4089 prestus,
308 4024 351 4072 sed
362 4026 415 4085 ejus
429 4023 549 4072 libertatis
568 4033 604 4072 tot
623 4025 736 4088 exempla
767 4042 824 4075 cum
843 4043 869 4075 se
930 4039 955 4078 ta
972 4029 1005 4078 sit
1023 4045 1039 4077 a
1056 4030 1094 4078 Re
1111 4030 1159 4078 ista
1174 4027 1306 4077 immortali

197 4099 256 4139 sunt
266 4089 332 4153 apud
344 4088 493 4144 Lucretium,
506 4088 645 4152 Virgilium,
662 4100 734 4139 caste·
769 4091 873 4153 (Anima
902 4093 976 4142 nullis
992 4094 1153 4143 incommodis
1175 4104 1218 4142 aut
1235 4093 1307 4142 malis

197 4170 285 4218 rosque
297 4155 391 4210 Poetas,
400 4153 535 4216 praesertim
545 4154 698 4211 vetustiores,
709 4166 736 4203 ut
769 4155 903 4218 objiciatur,
915 4158 1009 4206 unitam
1024 4157 1157 4207 immortali
1169 4169 1204 4208 tot
1215 4157 1305 4207 dolori-

198 4219 231 4268 iis
249 4218 401 4284 proferendis
421 4218 629 4281 supersedendum
650 4218 734 4266 existi-
768 4221 814 4268 bus
826 4230 851 4268 et
863 4221 989 4277 molestiis,
1000 4232 1060 4284 quot
1075 4223 1187 4272 homines
1198 4223 1309 4287 quotidie

197 4300 270 4334 mem.
288 4283 363 4334 Ratio
370 4293 451 4333 autem
461 4282 495 4331 ita
503 4283 633 4346 legendum
642 4283 735 4342 suadet,
769 4284 938 4348 experiuntur,
950 4285 1020 4335 affici
