2872 4852
119 306 125 314 ,
146 243 210 306 330
526 242 570 307 Τ.
595 241 865 321 LUCRETII

235 399 409 482 Exprimat
422 398 455 461 in
470 408 600 482 puteos,
617 400 740 484 siquem
755 401 840 484 gerit
855 399 938 484 ipsa,
954 398 1117 475 Calorem.

278 500 343 564 Est
357 500 446 584 apud
460 499 629 564 Ammonis
645 501 755 567 fanum
770 500 843 566 fons
855 500 928 568 luce
944 502 1061 568 diurna

233 603 398 687 Frigidus,
415 611 449 666 at
463 601 587 666 calidus
601 613 762 668 nocturno
776 615 922 687 tempore
937 603 1059 668 fertur:

170 716 218 763 850
234 704 334 768 Hunc
348 703 495 768 homines
510 703 632 768 fontem
647 705 740 768 nimis
755 705 967 784 admirantur,
984 717 1018 770 et
1032 706 1100 770 ucri

235 805 311 870 Sole
325 816 442 890 putant
457 807 571 870 subter
585 816 689 870 terras
705 807 886 871 fervescere
901 808 1032 892 raptim,

235 909 316 972 Nox
330 909 388 972 ubi
402 906 536 972 terribili
551 918 655 972 terras
671 907 806 992 caligine
821 911 921 988 texit;

237 1011 338 1084 Quod
353 1011 445 1074 nimis
461 1033 479 1074 a
493 1031 569 1074 vera
582 1009 622 1075 ’st
635 1008 732 1095 longe
747 1011 872 1076 ratione
886 1022 1063 1077 remotum:

236 1113 369 1198 Quippe
384 1115 441 1176 ubi
457 1112 514 1176 Sol
527 1113 651 1178 nudum
665 1124 869 1178 contrectans
886 1136 1005 1199 corpus
1020 1117 1131 1199 aquai,

171 1227 218 1274 885
232 1215 311 1279 Νο0
327 1217 445 1300 quierit
460 1215 598 1280 calidum
614 1238 733 1301 supera
749 1215 791 1279 de
806 1217 946 1280 reddere
961 1227 1067 1301 parte,

236 1318 319 1382 Cum
335 1339 488 1402 superum
501 1316 610 1382 lumen
625 1327 717 1381 tanto
731 1316 858 1382 fervore
875 1317 1022 1382 fruatur:

236 1419 306 1494 Qui
320 1431 419 1505 queat
432 1420 485 1484 hic
500 1421 613 1485 subter
628 1431 693 1485 tam
708 1441 819 1484 crasso
833 1442 970 1505 corpore
985 1431 1117 1499 terrem,

236 1523 443 1606 Percoquere
457 1521 636 1600 humorem,
653 1531 686 1586 et
700 1519 806 1585 calido
819 1522 945 1587 sociare
961 1523 1099 1607 vapori?

236 1625 423 1690 Praesertim
437 1647 511 1688 curn
526 1624 578 1688 vix
593 1624 698 1709 possit
712 1647 772 1709 per
787 1636 881 1709 septa
895 1626 1064 1690 domorum

171 1739 219 1787 880
234 1727 403 1792 Insinuare
419 1749 512 1790 suum
526 1726 625 1790 radiis
637 1725 828 1790 ardentibus
843 1730 981 1791 aestumr

279 1828 365 1902 Quae
378 1828 462 1891 ratio
476 1838 527 1891 est
541 1827 662 1912 igitur?
685 1829 833 1891 nimirum
849 1839 937 1893 terra
951 1828 1053 1914 magis
1069 1831 1162 1914 quod

236 1932 328 1996 Rara
342 1939 433 1994 tenet
447 1929 567 1993 circum
581 1928 669 1993 hunc
683 1928 831 2008 Fontem,
847 1953 945 2014 quam
961 1941 1081 1995 caetera
1094 1931 1197 1998 tellus
1213 1960 1222 2012 3

236 2032 410 2117 Multaque
425 2032 599 2116 suntignis
613 2053 718 2116 prope
733 2033 855 2096 semina
870 2054 989 2117 corpus
1004 2036 1111 2117 aquai.

236 2136 324 2200 Hinc
339 2136 395 2200 ubi
409 2134 554 2199 roriferis
566 2144 686 2198 terram
701 2156 767 2198 nox
783 2135 893 2213 obruit
907 2135 1049 2213 umbris;

172 2253 219 2300 865
236 2237 412 2322 Extemplo
428 2238 543 2302 subtus
559 2234 705 2320 frigescit
719 2247 818 2313 terra,
834 2237 982 2320 coitque:

236 2341 311 2406 Hac
326 2340 450 2419 ratione
465 2337 515 2416 fit,
530 2348 578 2415 ut,
594 2347 747 2422 tanquam
762 2359 949 2423 compressa
963 2361 1059 2404 manu
1075 2339 1129 2416 sit,

237 2443 410 2527 Exprimat
424 2442 457 2504 in
473 2439 621 2517 Fontem,
635 2461 710 2523 quae
725 2439 856 2504 Semina
871 2462 1009 2525 cumque
1024 2440 1126 2505 habet
1140 2442 1247 2526 ignis,

237 2546 323 2619 Quae
338 2544 476 2609 calidum
491 2542 614 2607 faciunt
627 2541 730 2612 laticis
745 2553 866 2608 tactum
883 2552 982 2628 atque
998 2565 1161 2628 saporem.

236 2647 318 2711 Inde
333 2647 390 2711 ubi
404 2644 462 2709 Sol
475 2645 574 2709 radiis
590 2656 709 2709 terram
724 2645 858 2710 dimovit
873 2647 1009 2724 obortis,

173 2759 220 2811 870
236 2747 283 2812 Ε8
297 2748 448 2813 rorefecit
461 2747 567 2812 calido
580 2748 736 2812 miscente
751 2769 889 2833 vapore,

184 3018 239 3066 848.
251 3019 297 3066 Est
307 3018 371 3078 apud
380 3017 504 3073 Ammonis,
515 3012 572 3077 ete]
585 3015 656 3070 Quod
665 3015 688 3064 si
719 3031 782 3079 aqua
791 3015 934 3074 incalescat3
951 3016 1096 3066 calorevero
1104 3016 1199 3067 diurno
1208 3018 1264 3069 lux·

150 3082 178 3131 10
189 3081 302 3131 omnibus
311 3080 393 3145 puteis
403 3097 454 3129 non
465 3079 497 3129 sit
507 3079 590 3128 dimna
601 3079 687 3139 virtus,
719 3082 851 3131 ataeadem
863 3081 957 3130 semina
965 3081 1040 3131 veluti
1051 3082 1187 3142 resorbeat,
1195 3083 1265 3132 unde

150 3157 176 3196 at
187 3163 295 3212 presens
306 3146 380 3195 estin
392 3146 459 3194 fonte
467 3145 532 3209 apud
544 3144 613 3194 loris
625 3144 686 3194 Am·
719 3146 824 3195 multum
842 3162 873 3194 ex
890 3156 1010 3195 nocturno
1031 3147 1111 3194 calore
1130 3147 1263 3198 decrescit.

150 3212 231 3263 monis
247 3212 338 3270 lanum,
351 3211 381 3260 de
393 3227 441 3274 000
457 3210 564 3268 Curtius,
581 3210 623 3259 lib
640 3211 686 3258 lV.
720 3212 850 3268 Praeterea,
861 3211 908 3258 ista
919 3227 988 3274 aqua,
1000 3227 1054 3274 quae
1065 3226 1096 3259 ex
1107 3211 1174 3272 ignis
1185 3212 1265 3262 semi.

151 3288 209 3328 sect.
225 3277 248 3329 7.
269 3279 386 3326 Ammonis
398 3293 475 3325 nemas
491 3280 516 3324 s'n
531 3278 604 3325 medio
619 3278 688 3324 labet
720 3275 792 3323 nibus
808 3274 909 3340 propter
919 3279 999 3324 adrem
1016 3285 1126 3340 tempore
1138 3286 1263 3326 nocturno

143 3341 241 3406 sontem,
252 3344 501 3405 aquamsoliseoean15
518 3344 560 3388 sub
568 3348 642 3388 ortum
650 3358 686 3388 00-
719 3338 835 3404 frigidum
846 3340 972 3404 repressis,
984 3340 1088 3390 efficitur
1100 3340 1188 3399 calida,
1201 3357 1261 3391 eve·

151 3412 181 3455 ls's
192 3411 270 3470 tepida
280 3415 366 3464 manat,
380 3409 453 3455 medio
464 3409 501 3454 ds'e
510 3422 560 3454 eum
571 3408 686 3454 uehemen-
719 3405 761 3453 dat
783 3404 899 3468 deinceps
921 3404 1009 3470 frigida
1029 3405 1117 3454 diurno
1138 3414 1261 3470 ternpore,

119 3479 121 3484 '
151 3475 252 3520 tissimus
272 3480 307 3520 est
328 3474 397 3528 calor,
411 3469 506 3534 frigido
527 3473 606 3518 eudem
622 3473 686 3530 fluit,
719 3469 795 3519 radiis
806 3469 865 3519 olis
875 3469 909 3518 ita
921 3485 1008 3532 aquam
1023 3470 1222 3534 pervadentibus,
1235 3480 1263 3520 et

151 3538 261 3584 inclinato
283 3539 309 3583 s'rs
330 3552 452 3597 vesperam,
476 3538 585 3589 colereter
612 3537 687 3582 media
719 3533 1262 3593 rarefacientibus,utliberumiisseminibus

150 3608 215 3647 00888
228 3599 324 3662 feruido
340 3607 459 3656 88088008,
479 3616 565 3661 quoque
579 3601 688 3660 proprius
719 3599 813 3647 exitum
829 3598 855 3647 in
869 3602 950 3648 adrem
965 3599 1070 3648 faciant:
1088 3598 1180 3663 quippe
1195 3599 1262 3648 radii

78 3717 80 3720 Α
151 3667 324 3726 000080018οᾱ
339 3667 563 3722 1000008000
579 3670 688 3711 nocturno
719 3662 777 3711 solis
794 3663 830 3711 ita
848 3662 952 3726 glaciem
968 3664 1112 3721 dissolvunt,
1129 3673 1157 3712 ut
1173 3663 1261 3713 dimit·

150 3729 348 3785 8010080808018,
358 3730 608 3790 doneesubs'pssmds'es'
614 3735 688 3775 ortum
719 3737 803 3776 tantur
822 3727 888 3777 leves
905 3728 1010 3792 stipulae,
1028 3738 1053 3778 et
1070 3728 1190 3791 ejusmodi
1209 3728 1262 3779 slis

150 3799 241 3840 assueto
252 3798 349 3852 tempore
360 3795 499 3857 1000000008.
524 3791 559 3839 At
570 3792 615 3840 hoc
627 3806 687 3852 000-
720 3792 1113 3855 quaeconstrictutenebautur,v.
1127 3795 1149 3842 6.
1249 3841 1251 3844 Α

151 3870 198 3919 008
213 3855 302 3904 frustra
315 3854 422 3911 dictum
440 3854 551 3917 quamvis
562 3855 628 3903 enirn
644 3855 686 3903 isti
751 3858 806 3905 858.
821 3859 902 3905 Calido
912 3861 999 3906 sociare
1010 3857 1102 3921 vapori]
1112 3856 1171 3916 Alii,
1181 3860 1262 3909 calido

151 3929 242 3978 errant,
259 3918 300 3981 001
318 3934 415 3966 causam
434 3919 544 3966 referunt
560 3919 590 3966 ed
609 3918 685 3968 solem
718 3925 805 3970 satiare
816 3938 905 3984 uapore.

151 3985 235 4035 subter
245 3993 322 4032 terras
334 3983 449 4046 positum,
462 3991 487 4031 et
497 3997 542 4045 per
553 3983 627 4032 808108
639 3983 684 4032 tel·
751 3986 806 4034 869.
821 3987 916 4034 Terram
927 3985 1032 4048 dimovit]
1045 3986 1143 4046 Melius,
1152 3990 1261 4038 ambron

142 4048 212 4099 'luris
227 4062 314 4097 crasse
330 4062 419 4121 corpus
429 4046 610 4096 calefacientem
626 4047 686 4097 istas
718 4052 827 4105 ds'mssrits
843 4049 878 4098 ite
892 4050 959 4098 enim
970 4067 1035 4115 soepe
1052 4054 1137 4116 poitae.
1171 4051 1261 4118 virgi·

150 4112 319 4180 00080011.
348 4111 633 4174 Drcitamenpotestv.
648 4115 685 4162 13.
718 4113 773 4174 1108,
784 4114 841 4163 AEu.
851 4115 895 4163 IV.
904 4131 926 4162 v.
939 4115 961 4163 θ.
974 4118 1154 4178 Humentemque
1162 4114 1264 4168 Aurora

150 4179 223 4236 Quod
240 4187 305 4227 terra
319 4176 409 4240 frigore
419 4183 539 4225 nocturno
547 4192 687 4240 compressa
716 4182 768 4240 polo
778 4182 904 4227 dimoveret
919 4182 1028 4229 umbram.
1062 4180 1149 4244 Supra,
1161 4197 1184 4230 v.
1200 4182 1261 4235 864.

151 4243 228 4293 veluti
235 4243 316 4301 elidat,
324 4241 377 4291 sive
386 4239 514 4316 exprimat,
524 4241 685 4291 transmittat·
721 4245 816 4292 Terram
827 4260 872 4291 nos
882 4246 959 4292 obrss‘t
969 4248 1071 4294 0000108
1088 4246 1119 4294 10
1131 4260 1154 4296 r.
1164 4245 1223 4300 870.
1236 4257 1263 4301 es

151 4323 198 4371 que
220 4307 247 4356 in
267 4322 354 4371 aquam
372 4306 436 4369 igms
455 4303 556 4364 semina,
576 4305 641 4353 unde
662 4316 687 4355 et
718 4307 834 4371 rorefecit,
846 4307 968 4358 subintell.
980 4318 1072 4358 terram.
