2872 4852
459 234 630 299 LIBER
658 234 964 299 SECUNDUS.
1207 235 1268 301 107

246 394 326 465 Non
341 415 383 457 ex
398 393 547 461 omnibus
562 391 701 468 omnino,
717 412 921 474 quaecunque
936 401 1048 455 creant
1062 411 1126 467 res,

246 494 383 566 Sensilia
398 492 572 578 extemplo5
589 504 622 561 et
638 493 763 559 Sensus
778 514 829 559 me
846 493 954 561 dicere
968 493 1075 577 gigni:

245 599 313 663 Sed
327 599 435 682 magni
449 597 582 674 referre,
598 619 637 661 ea
653 597 791 681 primum
805 595 961 680 quantula
976 604 1137 672 constent,

245 699 371 765 Sensile
387 723 461 784 quae
475 700 608 778 faciunt,
624 709 657 764 et
672 721 737 783 qua
753 699 817 763 sint
831 698 971 783 praedita
986 697 1115 774 Forma,

180 813 227 862 895
245 803 405 880 Motibus,
424 802 617 879 Ordinibus,
635 800 796 871 Posituris
812 801 952 886 denique
969 822 1042 884 quae
1059 800 1137 876 sint5

245 905 394 979 Quarum
409 904 454 968 nil
468 927 576 972 rerum
591 905 624 967 in
640 902 754 987 Lignis
771 901 955 987 Glebisque
970 903 1127 968 videmus.

245 1000 292 1070 Et
307 1018 413 1071 tamen
429 1006 500 1072 haec
516 1029 590 1072 curn
607 1015 684 1071 sunt
696 1007 790 1090 quasi
803 1004 987 1089 putrefacta
1002 1027 1062 1088 per
1076 1005 1219 1078 imbreis,

243 1108 448 1174 Vermiculos
465 1110 606 1194 pariunt,
623 1110 699 1193 quia
714 1108 862 1192 Corpora
875 1107 1021 1171 materiai

241 1209 396 1295 Antiquis
413 1234 455 1276 ex
471 1211 652 1275 Ordinibus
668 1220 815 1294 permota
830 1231 976 1285 novare,

178 1327 226 1373 900
246 1312 467 1383 Conciliantur
480 1313 536 1389 ita,
552 1322 590 1376 ut
605 1312 727 1378 debent
742 1309 903 1376 Animalia
917 1310 1017 1394 gigni.

287 1414 418 1479 Deinde
434 1436 477 1478 ex
492 1413 673 1478 Sensilibus
690 1435 763 1479 cum
778 1412 905 1477 Sensile
920 1434 1019 1500 posse
1034 1411 1138 1476 creari

242 1516 465 1592 Constitnunt,
481 1538 582 1600 porro
596 1538 638 1581 ex
654 1514 723 1585 aliis
740 1517 860 1580 sentire
876 1516 995 1592 suetis3

242 1618 358 1684 Mollia
373 1629 442 1684 tum
456 1618 599 1683 faciunt:
624 1641 698 1689 nam
714 1618 838 1689 Sensus
848 1617 999 1702 jungitur
1015 1616 1117 1680 omnis

241 1721 443 1799 Visceribus,
460 1721 594 1798 Nervis,
611 1721 727 1797 Venis,
744 1741 948 1803 quaecunque
964 1719 1111 1791 videmus

176 1836 223 1882 90⁵
243 1823 357 1895 Mollia
372 1822 500 1892 mortali
514 1824 692 1892 consistere
708 1843 845 1905 corpore
861 1831 960 1886 creta.

283 1926 352 1991 Sed
367 1936 475 1991 tamen
490 1935 562 1990 esto
570 1927 638 2010 jam
653 1947 752 2009 posse
767 1923 838 1988 haec
853 1923 996 1995 AEterna
1009 1944 1157 1989 manere:

240 2029 370 2114 Nempe
386 2040 493 2094 tamen
510 2029 632 2093 debent
648 2038 705 2092 aut
721 2027 861 2091 Sensum
875 2027 977 2110 partis
992 2025 1127 2103 habere,

240 2131 311 2194 Aut
327 2130 440 2194 similia
454 2131 531 2195 totis
549 2128 754 2195 Animalibus
771 2151 843 2192 esse
858 2129 984 2212 putari:

239 2230 287 2296 At
302 2243 466 2316 nequeant
480 2254 540 2316 per
556 2254 589 2296 se
606 2232 723 2296 Partes
742 2231 872 2307 sentire,
885 2253 945 2296 nec
960 2252 1044 2295 esse.

154 2445 170 2478 a
181 2444 220 2478 me
232 2429 362 2478 dissentire
374 2428 478 2487 desinas,
491 2429 600 2492 mihique
611 2445 694 2478 assen-
729 2429 814 2480 binum
825 2430 966 2480 audiamus:
984 2430 1074 2480 deiude
1087 2446 1142 2480 cum
1159 2439 1268 2480 statuant

156 2495 229 2549 tiaras
242 2495 343 2550 sednon
354 2494 590 2544 tantaestlibrorum
603 2494 694 2542 autori-
729 2495 818 2544 sensile
830 2511 862 2543 ex
875 2495 1005 2545 sensilibus
1021 2497 1098 2545 creari
1113 2511 1194 2571 posse,
1213 2510 1267 2559 quae

156 2568 209 2614 tas:
228 2563 288 2608 iliud
296 2559 377 2622 scedas
394 2575 519 2622 nunquam
536 2559 563 2607 in
579 2558 695 2607 Lucretio
728 2559 826 2622 quidem
838 2560 938 2609 sensilia
948 2577 980 2610 ex
991 2561 1046 2610 aliis
1057 2570 1148 2610 sentire
1163 2576 1265 2608 consue-

155 2623 274 2683 invenies,
286 2625 330 2672 sed
341 2625 439 2688 passim,
452 2627 546 2672 illudio
564 2627 600 2672 his
619 2628 694 2684 rebus,
728 2634 823 2683 verunt,
850 2641 939 2689 nempe
962 2641 994 2674 ex
1019 2625 1096 2684 venis,
1123 2625 1266 2683 visceribus,

155 2690 220 2751 quod
232 2689 273 2738 alii
284 2689 376 2738 rectius
387 2689 574 2754 amplectuntur.
727 2689 816 2747 nervis,
837 2699 862 2738 et
880 2689 1016 2748 similibus3
1043 2700 1096 2739 tum
1113 2690 1207 2738 faciunt
1224 2689 1266 2737 illa

188 2756 243 2803 892.
261 2757 361 2803 Sensih‘o
372 2753 494 2817 extemplo]
507 2753 566 2812 Alii,
578 2757 659 2802 senile
671 2761 695 2801 et
727 2753 827 2803 sensilia
849 2754 938 2815 mollia,
962 2764 987 2803 et
1007 2755 1041 2804 ita
1060 2755 1187 2805 mortalia:
1214 2755 1266 2803 haec

154 2822 271 2880 extemplo.
301 2819 438 2868 Florentini
449 2828 531 2868 autem
543 2819 639 2867 codices
651 2835 693 2867 ex·
727 2820 915 2878 Grammaticus,
932 2821 991 2869 dum
1008 2822 1080 2869 verba
1094 2820 1176 2884 potius
1193 2833 1266 2882 quam

154 2882 247 2942 hibent,
260 2885 347 2932 Samiis
355 2888 467 2948 progigni
478 2887 595 2946 extemplo,
607 2892 630 2932 et
638 2900 694 2946 pro·
726 2899 826 2932 sensum
835 2893 942 2948 spectat;
960 2885 1051 2949 qnippe
1060 2886 1160 2934 vitiosos
1170 2885 1266 2933 codices

154 2951 237 2997 ducere
247 2965 343 3002 sensus,-
361 2949 433 3012 plane
445 2949 540 2997 vitiose.
726 2958 843 3011 sequutus
854 2949 958 3014 desipit:
976 2951 1035 3013 quid
1047 2950 1113 2998 enim
1130 2950 1175 2999 sibi
1188 2950 1267 2998 velint

188 3014 243 3061 895.
260 3013 692 3077 Positariedeniqaeqooerint]ldest,
725 3014 780 3062 istae
798 3030 879 3071 voces,
896 3032 925 3063 ea
940 3019 1069 3073 sensilibus,
1084 3032 1152 3077 porro
1168 3032 1196 3064 aa
1212 3018 1267 3064 aliis

155 3081 233 3138 qualia
243 3082 292 3126 sint
299 3082 411 3140 positoris
417 3098 426 3134 ‚-
444 3079 487 3128 sed
498 3078 541 3127 alii
552 3078 640 3127 melius
656 3078 692 3126 le·
726 3082 811 3128 sentire
822 3083 901 3137 suetis,
913 3095 969 3128 cum
984 3079 1027 3137 illi,
1046 3080 1116 3128 Plato
1127 3088 1153 3128 et
1164 3080 1264 3128 Anaxa-

154 3151 223 3204 gunt,
233 3146 349 3192 Positoris
361 3147 457 3205 deniqne
469 3147 532 3205 queis
542 3148 596 3192 sint.
726 3159 805 3206 goras,
826 3152 911 3192 contra
929 3160 989 3206 quos
1008 3144 1117 3208 disputat
1137 3145 1266 3192 Lucretius

187 3209 242 3256 900.
260 3210 351 3256 Debent
362 3207 493 3271 Animalia]
510 3211 623 3266 Debeant,
640 3223 691 3256 ma·
724 3208 779 3272 ipsa
788 3224 871 3257 rerum
876 3212 995 3271 principio
1003 3218 1141 3257 statuerunt
1150 3209 1265 3256 sensilia?

155 3272 208 3320 vult
226 3273 368 3330 Lambinus,
389 3282 417 3320 ut
436 3273 488 3321 haec
506 3272 539 3321 sit
556 3272 691 3329 sententia3
727 3272 809 3321 Nullis
825 3273 901 3336 igitur
917 3273 986 3322 libris
997 3273 1102 3336 adJutus,
1114 3273 1157 3321 sed
1168 3289 1196 3321 re
1212 3273 1266 3336 ipsa

154 3335 189 3392 ita
200 3336 369 3394 conciliantur,
381 3336 407 3385 id
418 3347 463 3395 est,
475 3336 518 3384 tali
531 3337 617 3385 ordine
633 3353 691 3385 con·
726 3337 866 3386 admonitus
875 3337 990 3385 audacter
1001 3338 1063 3400 lego,
1072 3337 1186 3400 Denique
1195 3338 1265 3400 prin·

151 3401 272 3462 jiciuntur
288 3410 314 3449 et
329 3403 425 3458 sciunt,
444 3410 472 3448 ut
487 3416 518 3448 ex
537 3401 567 3449 iis
583 3402 618 3449 ita
634 3417 692 3449 con·
726 3401 798 3465 cipiis
810 3406 850 3464 qui
859 3405 941 3450 sensile
949 3419 1014 3463 posse
1026 3406 1108 3460 creari,
1119 3411 1163 3450 etc.

151 3464 225 3525 Jectis
243 3472 268 3512 et
281 3464 418 3526 congressis
434 3464 548 3512 animalia
563 3465 631 3528 gigni
648 3466 691 3513 de·
759 3467 816 3514 903.
831 3464 1000 3529 Transiiciunt]
1014 3466 1035 3514 E
1047 3466 1172 3516 codicibus
1183 3467 1266 3517 nescio

155 3530 238 3583 beant.
322 3538 325 3544 '
726 3531 814 3593 quibus
825 3548 875 3578 com
887 3532 987 3579 exhibet
997 3531 1118 3589 Gitanius,
1131 3541 1157 3580 et
1167 3533 1267 3595 conjicit

188 3593 243 3643 9⁰1.
257 3595 348 3642 Deinde
360 3609 388 3641 ec
399 3595 533 3650 Sannitibus,
545 3591 601 3654 etc]
618 3592 695 3642 Aliud
725 3595 864 3658 legendnm,
878 3595 1014 3659 consociant.

155 3657 265 3708 Lucretii
277 3667 456 3721 argumentum,
469 3674 491 3706 v.
505 3660 526 3706 5.
539 3657 693 3715 continetur3
760 3661 815 3708 906.
825 3662 873 3708 Sed
881 3669 956 3709 tamen
964 3661 1072 3723 estojom,
1082 3661 1139 3724 etc]
1149 3661 1232 3721 Aliud,
1242 3680 1264 3711 v.

154 3723 212 3786 quia
223 3723 244 3772 si
255 3722 386 3786 principia,
400 3723 530 3785 exquibus
547 3733 585 3770 est
600 3738 693 3782 sensus,
729 3726 766 3773 12.
776 3725 892 3788 proponit
899 3736 1081 3788 argumentumz
1099 3742 1266 3790 supponamus

154 3788 254 3842 sensilia
271 3788 327 3846 sint,
346 3798 419 3837 erunt
436 3788 511 3851 igitur
530 3786 585 3850 ipsa
603 3786 693 3845 mollia,
726 3789 827 3838 sensilia
835 3790 886 3837 haec
898 3805 980 3838 rerum
992 3791 1120 3854 principia,
1130 3807 1184 3855 quae
1196 3793 1266 3840 Plato

153 3869 210 3903 cum
223 3852 291 3902 nulla
302 3868 342 3900 ras
355 3853 422 3914 dura,
435 3853 551 3909 solidave,
568 3851 601 3900 sit
617 3867 695 3926 capax
727 3862 752 3901 et
769 3854 929 3917 Anaxagoras
950 3864 1095 3914 statuerunt,
1113 3873 1141 3905 ac
1162 3857 1266 3920 proinde

153 3933 254 3975 sensum
282 3933 356 3981 quare
379 3927 405 3966 et
426 3926 498 3967 erunt
518 3916 693 3980 corruptibilia,
727 3918 817 3976 mollia,
830 3930 922 3967 aeterna
933 3935 986 3968 esse
999 3935 1078 3984 posse,
1093 3936 1138 3969 nec
1155 3921 1266 3970 interitui

153 3983 245 4058 quippe
263 3998 327 4042 cum,
349 3982 396 4030 nisi
416 3982 494 4031 solida
511 3982 568 4040 sint,
591 3981 693 4030 distrahi
726 3982 838 4042 obnoxia,
851 3984 936 4032 haberi
947 3993 1029 4032 tamen
1038 3985 1137 4033 sensilia
1146 4000 1196 4034 non
1207 4003 1264 4051 pos·

154 4056 257 4110 possint,
281 4060 354 4110 atque
375 4047 466 4096 idcirco
486 4062 555 4096 suam
573 4046 693 4095 Naturam
725 4057 790 4106 sunt,
803 4064 882 4111 neque
895 4057 922 4097 ut
933 4058 1022 4112 partes,
1032 4049 1089 4113 quia
1100 4059 1182 4114 parte
1193 4066 1264 4115 sepau

154 4111 281 4166 amittere:
294 4111 460 4174 etquidebent
471 4126 553 4160 rerum
564 4110 693 4175 principia,
726 4121 786 4161 ratae
802 4129 852 4161 non
869 4113 985 4173 sentiunt,
1003 4130 1082 4176 nequa
1095 4124 1121 4163 ut
1138 4123 1195 4171 tota,
1208 4114 1266 4177 quie

155 4184 184 4231 nt
194 4176 343 4225 declaratum
361 4174 474 4241 superius
491 4186 536 4233 est,
553 4176 695 4240 incorrupta
726 4177 772 4226 hoc
789 4178 861 4226 modo
878 4190 960 4227 essent
975 4178 1086 4241 quasdam
1102 4178 1225 4236 animalia,
1236 4194 1265 4235 ac

155 4254 317 4303 perseverare.
358 4242 398 4288 lta
417 4241 508 4305 optime
531 4240 694 4305 Philosophus
726 4241 782 4290 ideo
802 4243 922 4301 mortalia,
942 4259 986 4292 seu
1005 4242 1179 4307 corruptibilia,
1200 4242 1265 4304 quod

156 4304 305 4352 Gasscndus.
334 4306 526 4360 Grammaticnm
543 4322 602 4355 vero
620 4308 691 4355 Lam·
726 4307 869 4356 adversatur
879 4307 1048 4380 suppositioni
