<?xml version="1.0" encoding="UTF-8"?>
<!DOCTYPE html PUBLIC "-//W3C//DTD XHTML 1.0 Transitional//EN"
    "http://www.w3.org/TR/xhtml1/DTD/xhtml1-transitional.dtd">
<html xmlns="http://www.w3.org/1999/xhtml" xml:lang="en" lang="en">
 <head>
  <title>
</title>
<meta http-equiv="Content-Type" content="text/html;charset=utf-8" />
  <meta name='ocr-system' content='tesseract 3.04.00' />
  <meta name='ocr-capabilities' content='ocr_page ocr_carea ocr_par ocr_line ocrx_word'/>
</head>
<body>
  <div class='ocr_page' id='page_1' title='image "./titilucretiicar04carugoog_0093.png"; bbox 0 0 2872 4852; ppageno 0'>
   <div class='ocr_carea' id='block_1_1' title="bbox 451 213 958 286">
    <p class='ocr_par' dir='ltr' id='par_1_1' title="bbox 451 213 958 286">
     <span class='ocr_line' id='line_1_1' title="bbox 451 213 958 286; baseline 0.01 -7"><span class='ocrx_word' id='word_1_1' title='bbox 451 213 622 284; x_wconf 86' lang='lat' dir='ltr'><strong>LIBER</strong></span> <span class='ocrx_word' id='word_1_2' title='bbox 649 216 958 286; x_wconf 89' lang='lat' dir='ltr'><strong>SECUNDUS.</strong></span> 
     </span>
    </p>
   </div>
   <div class='ocr_carea' id='block_1_2' title="bbox 176 369 1179 2394">
    <p class='ocr_par' dir='ltr' id='par_1_2' title="bbox 176 369 1179 2394">
     <span class='ocr_line' id='line_1_2' title="bbox 240 369 1005 458; baseline 0.007 -24"><span class='ocrx_word' id='word_1_3' title='bbox 240 369 369 436; x_wconf 84' lang='lat' dir='ltr'><strong>Scilicet</strong></span> <span class='ocrx_word' id='word_1_4' title='bbox 384 370 437 437; x_wconf 89' lang='lat' dir='ltr'>hic</span> <span class='ocrx_word' id='word_1_5' title='bbox 452 394 472 436; x_wconf 99' lang='lat' dir='ltr'>a</span> <span class='ocrx_word' id='word_1_6' title='bbox 487 371 659 458; x_wconf 87' lang='lat' dir='ltr'>Principiis</span> <span class='ocrx_word' id='word_1_7' title='bbox 674 384 725 439; x_wconf 88' lang='lat' dir='ltr'>est</span> <span class='ocrx_word' id='word_1_8' title='bbox 739 375 888 440; x_wconf 89' lang='lat' dir='ltr'>omnibus</span> <span class='ocrx_word' id='word_1_9' title='bbox 904 396 1005 439; x_wconf 87' lang='lat' dir='ltr'>error.</span> 
     </span>
     <span class='ocr_line' id='line_1_3' title="bbox 282 473 1139 562; baseline 0.005 -24"><span class='ocrx_word' id='word_1_10' title='bbox 282 473 391 539; x_wconf 89' lang='lat' dir='ltr'>Prima</span> <span class='ocrx_word' id='word_1_11' title='bbox 405 486 576 541; x_wconf 89' lang='lat' dir='ltr'>moventur</span> <span class='ocrx_word' id='word_1_12' title='bbox 589 477 674 542; x_wconf 89' lang='lat' dir='ltr'>enim</span> <span class='ocrx_word' id='word_1_13' title='bbox 688 499 749 562; x_wconf 91' lang='lat' dir='ltr'>per</span> <span class='ocrx_word' id='word_1_14' title='bbox 764 499 799 542; x_wconf 92' lang='lat' dir='ltr'>se</span> <span class='ocrx_word' id='word_1_15' title='bbox 815 477 999 542; x_wconf 88' lang='lat' dir='ltr'>Primordia</span> <span class='ocrx_word' id='word_1_16' title='bbox 1013 499 1139 558; x_wconf 82' lang='lat' dir='ltr'>rerum3</span> 
     </span>
     <span class='ocr_line' id='line_1_4' title="bbox 238 573 1049 663; baseline 0.009 -25"><span class='ocrx_word' id='word_1_17' title='bbox 238 573 320 640; x_wconf 90' lang='lat' dir='ltr'>Inde</span> <span class='ocrx_word' id='word_1_18' title='bbox 334 597 384 652; x_wconf 89' lang='lat' dir='ltr'>ea,</span> <span class='ocrx_word' id='word_1_19' title='bbox 402 599 476 661; x_wconf 88' lang='lat' dir='ltr'>quae</span> <span class='ocrx_word' id='word_1_20' title='bbox 491 600 592 661; x_wconf 87' lang='lat' dir='ltr'>parvo</span> <span class='ocrx_word' id='word_1_21' title='bbox 608 589 685 643; x_wconf 86' lang='lat' dir='ltr'>sunt</span> <span class='ocrx_word' id='word_1_22' title='bbox 699 579 848 663; x_wconf 80' lang='lat' dir='ltr'>Corpora</span> <span class='ocrx_word' id='word_1_23' title='bbox 863 579 1049 658; x_wconf 88' lang='lat' dir='ltr'>conciliatu,</span> 
     </span>
     <span class='ocr_line' id='line_1_5' title="bbox 239 675 1081 766; baseline 0.01 -27"><span class='ocrx_word' id='word_1_24' title='bbox 239 675 286 740; x_wconf 91' lang='lat' dir='ltr'>Et</span> <span class='ocrx_word' id='word_1_25' title='bbox 300 678 393 761; x_wconf 85' lang='lat' dir='ltr'><strong>quasi</strong></span> <span class='ocrx_word' id='word_1_26' title='bbox 408 675 556 762; x_wconf 74' lang='lat' dir='ltr'>proirima</span> <span class='ocrx_word' id='word_1_27' title='bbox 571 690 647 744; x_wconf 90' lang='lat' dir='ltr'>sunt</span> <span class='ocrx_word' id='word_1_28' title='bbox 662 681 705 747; x_wconf 90' lang='lat' dir='ltr'>ad</span> <span class='ocrx_word' id='word_1_29' title='bbox 720 681 815 747; x_wconf 86' lang='lat' dir='ltr'>vireis</span> <span class='ocrx_word' id='word_1_30' title='bbox 831 680 1081 766; x_wconf 91' lang='lat' dir='ltr'>Principiorum,</span> 
     </span>
     <span class='ocr_line' id='line_1_6' title="bbox 176 777 928 867; baseline 0.015 -31"><span class='ocrx_word' id='word_1_31' title='bbox 176 790 222 836; x_wconf 78' lang='lat'>135</span> <span class='ocrx_word' id='word_1_32' title='bbox 239 777 364 845; x_wconf 92' lang='lat' dir='ltr'>lctibus</span> <span class='ocrx_word' id='word_1_33' title='bbox 379 780 506 846; x_wconf 90' lang='lat' dir='ltr'>illorum</span> <span class='ocrx_word' id='word_1_34' title='bbox 520 782 615 847; x_wconf 86' lang='lat' dir='ltr'>caecis</span> <span class='ocrx_word' id='word_1_35' title='bbox 630 781 769 867; x_wconf 92' lang='lat' dir='ltr'>impulsa</span> <span class='ocrx_word' id='word_1_36' title='bbox 784 784 928 850; x_wconf 81' lang='lat' dir='ltr'>cientur:</span> 
     </span>
     <span class='ocr_line' id='line_1_7' title="bbox 238 879 1059 971; baseline 0.007 -27"><span class='ocrx_word' id='word_1_37' title='bbox 238 879 391 967; x_wconf 92' lang='lat' dir='ltr'>Ipsaque,</span> <span class='ocrx_word' id='word_1_38' title='bbox 408 906 482 968; x_wconf 83' lang='lat' dir='ltr'>quae</span> <span class='ocrx_word' id='word_1_39' title='bbox 495 907 594 969; x_wconf 90' lang='lat' dir='ltr'>porro</span> <span class='ocrx_word' id='word_1_40' title='bbox 610 885 719 969; x_wconf 88' lang='lat' dir='ltr'>paullo</span> <span class='ocrx_word' id='word_1_41' title='bbox 734 887 867 971; x_wconf 88' lang='lat' dir='ltr'>majora,</span> <span class='ocrx_word' id='word_1_42' title='bbox 883 885 1059 951; x_wconf 87' lang='lat' dir='ltr'>lacessunt.</span> 
     </span>
     <span class='ocr_line' id='line_1_8' title="bbox 238 985 945 1070; baseline 0.004 -22"><span class='ocrx_word' id='word_1_43' title='bbox 238 985 292 1050; x_wconf 86' lang='lat' dir='ltr'>Sic</span> <span class='ocrx_word' id='word_1_44' title='bbox 308 1008 328 1048; x_wconf 98' lang='lat' dir='ltr'>a</span> <span class='ocrx_word' id='word_1_45' title='bbox 343 985 515 1070; x_wconf 86' lang='lat' dir='ltr'>Principiis</span> <span class='ocrx_word' id='word_1_46' title='bbox 532 988 679 1052; x_wconf 90' lang='lat' dir='ltr'>ascendit</span> <span class='ocrx_word' id='word_1_47' title='bbox 693 997 811 1065; x_wconf 89' lang='lat' dir='ltr'>motus,</span> <span class='ocrx_word' id='word_1_48' title='bbox 827 998 861 1053; x_wconf 91' lang='lat' dir='ltr'>et</span> <span class='ocrx_word' id='word_1_49' title='bbox 875 989 945 1053; x_wconf 88' lang='lat' dir='ltr'>exit</span> 
     </span>
     <span class='ocr_line' id='line_1_9' title="bbox 238 1085 1015 1167; baseline 0.008 -19"><span class='ocrx_word' id='word_1_50' title='bbox 238 1085 411 1154; x_wconf 83' lang='lat' dir='ltr'>Paullatim</span> <span class='ocrx_word' id='word_1_51' title='bbox 426 1097 554 1153; x_wconf 91' lang='lat' dir='ltr'>nostros</span> <span class='ocrx_word' id='word_1_52' title='bbox 569 1089 612 1154; x_wconf 94' lang='lat' dir='ltr'>ad</span> <span class='ocrx_word' id='word_1_53' title='bbox 629 1112 755 1167; x_wconf 84' lang='lat' dir='ltr'>sensus,</span> <span class='ocrx_word' id='word_1_54' title='bbox 772 1101 809 1153; x_wconf 93' lang='lat' dir='ltr'>ut</span> <span class='ocrx_word' id='word_1_55' title='bbox 822 1100 1015 1154; x_wconf 86' lang='lat' dir='ltr'>moveantur</span> 
     </span>
     <span class='ocr_line' id='line_1_10' title="bbox 238 1187 1141 1275; baseline 0.003 -24"><span class='ocrx_word' id='word_1_56' title='bbox 238 1187 298 1253; x_wconf 90' lang='lat' dir='ltr'>Illa</span> <span class='ocrx_word' id='word_1_57' title='bbox 313 1212 455 1274; x_wconf 90' lang='lat' dir='ltr'>quoque,</span> <span class='ocrx_word' id='word_1_58' title='bbox 471 1190 504 1254; x_wconf 92' lang='lat' dir='ltr'>in</span> <span class='ocrx_word' id='word_1_59' title='bbox 521 1190 606 1254; x_wconf 87' lang='lat' dir='ltr'>Solis</span> <span class='ocrx_word' id='word_1_60' title='bbox 621 1214 695 1275; x_wconf 89' lang='lat' dir='ltr'>quae</span> <span class='ocrx_word' id='word_1_61' title='bbox 709 1191 829 1257; x_wconf 92' lang='lat' dir='ltr'>lumine</span> <span class='ocrx_word' id='word_1_62' title='bbox 844 1213 978 1256; x_wconf 89' lang='lat' dir='ltr'>cernere</span> <span class='ocrx_word' id='word_1_63' title='bbox 994 1191 1141 1275; x_wconf 80' lang='lat' dir='ltr'>quimus3</span> 
     </span>
     <span class='ocr_line' id='line_1_11' title="bbox 176 1289 1050 1377; baseline 0.009 -29"><span class='ocrx_word' id='word_1_64' title='bbox 176 1301 222 1348; x_wconf 72' lang='lat' dir='ltr'>llo</span> <span class='ocrx_word' id='word_1_65' title='bbox 239 1289 313 1356; x_wconf 92' lang='lat' dir='ltr'>Nec</span> <span class='ocrx_word' id='word_1_66' title='bbox 329 1293 447 1376; x_wconf 88' lang='lat' dir='ltr'>quibus</span> <span class='ocrx_word' id='word_1_67' title='bbox 462 1292 497 1356; x_wconf 94' lang='lat' dir='ltr'>id</span> <span class='ocrx_word' id='word_1_68' title='bbox 511 1291 631 1357; x_wconf 87' lang='lat' dir='ltr'>faciant</span> <span class='ocrx_word' id='word_1_69' title='bbox 645 1293 756 1377; x_wconf 83' lang='lat' dir='ltr'>Plagis</span> <span class='ocrx_word' id='word_1_70' title='bbox 772 1304 910 1377; x_wconf 91' lang='lat' dir='ltr'>apparet</span> <span class='ocrx_word' id='word_1_71' title='bbox 925 1304 1050 1377; x_wconf 86' lang='lat' dir='ltr'>aperte.</span> 
     </span>
     <span class='ocr_line' id='line_1_12' title="bbox 281 1392 1039 1477; baseline 0.003 -21"><span class='ocrx_word' id='word_1_72' title='bbox 281 1392 392 1470; x_wconf 91' lang='lat' dir='ltr'>Nunc,</span> <span class='ocrx_word' id='word_1_73' title='bbox 410 1416 483 1477; x_wconf 90' lang='lat' dir='ltr'>quae</span> <span class='ocrx_word' id='word_1_74' title='bbox 499 1393 668 1459; x_wconf 86' lang='lat' dir='ltr'>Mobilitas</span> <span class='ocrx_word' id='word_1_75' title='bbox 684 1396 726 1460; x_wconf 90' lang='lat' dir='ltr'>sit</span> <span class='ocrx_word' id='word_1_76' title='bbox 740 1396 870 1460; x_wconf 89' lang='lat' dir='ltr'>reddita</span> <span class='ocrx_word' id='word_1_77' title='bbox 885 1394 1039 1459; x_wconf 87' lang='lat' dir='ltr'>Materiai</span> 
     </span>
     <span class='ocr_line' id='line_1_13' title="bbox 240 1493 1145 1580; baseline 0.006 -23"><span class='ocrx_word' id='word_1_78' title='bbox 240 1493 453 1578; x_wconf 85' lang='lat' dir='ltr'>Corporibus,</span> <span class='ocrx_word' id='word_1_79' title='bbox 469 1496 582 1579; x_wconf 83' lang='lat' dir='ltr'>paucis</span> <span class='ocrx_word' id='word_1_80' title='bbox 597 1495 672 1560; x_wconf 91' lang='lat' dir='ltr'>licet</span> <span class='ocrx_word' id='word_1_81' title='bbox 688 1495 764 1561; x_wconf 92' lang='lat' dir='ltr'>hinc</span> <span class='ocrx_word' id='word_1_82' title='bbox 779 1518 988 1580; x_wconf 85' lang='lat' dir='ltr'>cognoscere,</span> <span class='ocrx_word' id='word_1_83' title='bbox 1004 1496 1145 1562; x_wconf 81' lang='lat' dir='ltr'>Mamur.</span> 
     </span>
     <span class='ocr_line' id='line_1_14' title="bbox 239 1594 1122 1685; baseline 0.005 -26"><span class='ocrx_word' id='word_1_84' title='bbox 239 1594 383 1660; x_wconf 92' lang='lat' dir='ltr'>Primum</span> <span class='ocrx_word' id='word_1_85' title='bbox 398 1596 530 1662; x_wconf 90' lang='lat' dir='ltr'>Aurora</span> <span class='ocrx_word' id='word_1_86' title='bbox 544 1621 628 1663; x_wconf 91' lang='lat' dir='ltr'>novo</span> <span class='ocrx_word' id='word_1_87' title='bbox 643 1621 717 1664; x_wconf 91' lang='lat' dir='ltr'>cum</span> <span class='ocrx_word' id='word_1_88' title='bbox 733 1600 857 1685; x_wconf 84' lang='lat' dir='ltr'>spargit</span> <span class='ocrx_word' id='word_1_89' title='bbox 872 1598 992 1664; x_wconf 92' lang='lat' dir='ltr'>lumine</span> <span class='ocrx_word' id='word_1_90' title='bbox 1006 1609 1122 1676; x_wconf 85' lang='lat' dir='ltr'>terras,</span> 
     </span>
     <span class='ocr_line' id='line_1_15' title="bbox 238 1698 1037 1786; baseline 0.004 -24"><span class='ocrx_word' id='word_1_91' title='bbox 238 1698 286 1763; x_wconf 90' lang='lat' dir='ltr'>Et</span> <span class='ocrx_word' id='word_1_92' title='bbox 299 1700 396 1763; x_wconf 87' lang='lat' dir='ltr'>variae</span> <span class='ocrx_word' id='word_1_93' title='bbox 411 1699 558 1764; x_wconf 83' lang='lat' dir='ltr'>volucres</span> <span class='ocrx_word' id='word_1_94' title='bbox 572 1723 704 1765; x_wconf 87' lang='lat' dir='ltr'>nemora</span> <span class='ocrx_word' id='word_1_95' title='bbox 719 1702 790 1765; x_wconf 87' lang='lat' dir='ltr'>avia</span> <span class='ocrx_word' id='word_1_96' title='bbox 805 1699 1037 1786; x_wconf 88' lang='lat' dir='ltr'>pervolitantes</span> 
     </span>
     <span class='ocr_line' id='line_1_16' title="bbox 176 1799 1113 1888; baseline 0.01 -30"><span class='ocrx_word' id='word_1_97' title='bbox 176 1813 221 1859; x_wconf 80' lang='lat'>145</span> <span class='ocrx_word' id='word_1_98' title='bbox 238 1799 330 1866; x_wconf 74' lang='lat' dir='ltr'>Abra</span> <span class='ocrx_word' id='word_1_99' title='bbox 344 1825 405 1887; x_wconf 93' lang='lat' dir='ltr'>per</span> <span class='ocrx_word' id='word_1_100' title='bbox 419 1813 567 1868; x_wconf 91' lang='lat' dir='ltr'>tenerum</span> <span class='ocrx_word' id='word_1_101' title='bbox 581 1802 712 1888; x_wconf 89' lang='lat' dir='ltr'>liquidis</span> <span class='ocrx_word' id='word_1_102' title='bbox 727 1802 800 1869; x_wconf 88' lang='lat' dir='ltr'>loca</span> <span class='ocrx_word' id='word_1_103' title='bbox 812 1805 946 1868; x_wconf 89' lang='lat' dir='ltr'>vocibus</span> <span class='ocrx_word' id='word_1_104' title='bbox 962 1801 1113 1888; x_wconf 90' lang='lat' dir='ltr'>opplent:</span> 
     </span>
     <span class='ocr_line' id='line_1_17' title="bbox 239 1903 1001 1989; baseline 0.001 -21"><span class='ocrx_word' id='word_1_105' title='bbox 239 1905 348 1978; x_wconf 82' lang='lat' dir='ltr'>Quam</span> <span class='ocrx_word' id='word_1_106' title='bbox 363 1905 471 1969; x_wconf 92' lang='lat' dir='ltr'>subito</span> <span class='ocrx_word' id='word_1_107' title='bbox 486 1904 589 1970; x_wconf 91' lang='lat' dir='ltr'>soleat</span> <span class='ocrx_word' id='word_1_108' title='bbox 603 1904 661 1969; x_wconf 87' lang='lat' dir='ltr'>Sol</span> <span class='ocrx_word' id='word_1_109' title='bbox 675 1916 766 1970; x_wconf 90' lang='lat' dir='ltr'>ortus</span> <span class='ocrx_word' id='word_1_110' title='bbox 782 1914 928 1989; x_wconf 91' lang='lat' dir='ltr'>tempore</span> <span class='ocrx_word' id='word_1_111' title='bbox 943 1903 1001 1970; x_wconf 88' lang='lat' dir='ltr'>tali</span> 
     </span>
     <span class='ocr_line' id='line_1_18' title="bbox 238 2005 938 2090; baseline 0.001 -20"><span class='ocrx_word' id='word_1_112' title='bbox 238 2005 427 2071; x_wconf 88' lang='lat' dir='ltr'>Convestire</span> <span class='ocrx_word' id='word_1_113' title='bbox 443 2029 503 2070; x_wconf 89' lang='lat' dir='ltr'>sua</span> <span class='ocrx_word' id='word_1_114' title='bbox 517 2005 718 2090; x_wconf 90' lang='lat' dir='ltr'>perfundens</span> <span class='ocrx_word' id='word_1_115' title='bbox 733 2007 839 2070; x_wconf 90' lang='lat' dir='ltr'>omnia</span> <span class='ocrx_word' id='word_1_116' title='bbox 853 2006 938 2083; x_wconf 91' lang='lat' dir='ltr'>luce,</span> 
     </span>
     <span class='ocr_line' id='line_1_19' title="bbox 237 2107 1179 2193; baseline 0.001 -22"><span class='ocrx_word' id='word_1_117' title='bbox 237 2107 400 2173; x_wconf 90' lang='lat' dir='ltr'>Omnibus</span> <span class='ocrx_word' id='word_1_118' title='bbox 415 2108 449 2171; x_wconf 94' lang='lat' dir='ltr'>in</span> <span class='ocrx_word' id='word_1_119' title='bbox 464 2117 630 2193; x_wconf 88' lang='lat' dir='ltr'>promptu,</span> <span class='ocrx_word' id='word_1_120' title='bbox 646 2107 917 2192; x_wconf 84' lang='lat' dir='ltr'>manifestumque</span> <span class='ocrx_word' id='word_1_121' title='bbox 933 2131 1006 2173; x_wconf 91' lang='lat' dir='ltr'>esse</span> <span class='ocrx_word' id='word_1_122' title='bbox 1022 2109 1179 2173; x_wconf 86' lang='lat' dir='ltr'>videmus.</span> 
     </span>
     <span class='ocr_line' id='line_1_20' title="bbox 238 2207 1145 2293; baseline 0.001 -20"><span class='ocrx_word' id='word_1_123' title='bbox 238 2207 286 2273; x_wconf 93' lang='lat' dir='ltr'>At</span> <span class='ocrx_word' id='word_1_124' title='bbox 300 2209 416 2293; x_wconf 85' lang='lat' dir='ltr'>Vapor</span> <span class='ocrx_word' id='word_1_125' title='bbox 430 2211 469 2286; x_wconf 89' lang='lat' dir='ltr'>is,</span> <span class='ocrx_word' id='word_1_126' title='bbox 485 2231 582 2293; x_wconf 93' lang='lat' dir='ltr'>quem</span> <span class='ocrx_word' id='word_1_127' title='bbox 597 2207 655 2271; x_wconf 87' lang='lat' dir='ltr'>Sol</span> <span class='ocrx_word' id='word_1_128' title='bbox 669 2209 777 2287; x_wconf 89' lang='lat' dir='ltr'>mittit,</span> <span class='ocrx_word' id='word_1_129' title='bbox 792 2207 967 2293; x_wconf 90' lang='lat' dir='ltr'>lumenque</span> <span class='ocrx_word' id='word_1_130' title='bbox 984 2232 1145 2286; x_wconf 88' lang='lat' dir='ltr'>serenum,</span> 
     </span>
     <span class='ocr_line' id='line_1_21' title="bbox 178 2309 1057 2394; baseline 0.005 -25"><span class='ocrx_word' id='word_1_131' title='bbox 178 2322 223 2369; x_wconf 81' lang='lat'>150</span> <span class='ocrx_word' id='word_1_132' title='bbox 243 2310 321 2374; x_wconf 93' lang='lat' dir='ltr'>Non</span> <span class='ocrx_word' id='word_1_133' title='bbox 334 2332 394 2394; x_wconf 88' lang='lat' dir='ltr'>per</span> <span class='ocrx_word' id='word_1_134' title='bbox 409 2309 508 2373; x_wconf 89' lang='lat' dir='ltr'>Inane</span> <span class='ocrx_word' id='word_1_135' title='bbox 523 2320 609 2373; x_wconf 90' lang='lat' dir='ltr'>meat</span> <span class='ocrx_word' id='word_1_136' title='bbox 624 2332 772 2386; x_wconf 86' lang='lat' dir='ltr'>vacuum,</span> <span class='ocrx_word' id='word_1_137' title='bbox 788 2332 853 2392; x_wconf 94' lang='lat' dir='ltr'>quo</span> <span class='ocrx_word' id='word_1_138' title='bbox 869 2311 994 2373; x_wconf 90' lang='lat' dir='ltr'>tardius</span> <span class='ocrx_word' id='word_1_139' title='bbox 1009 2311 1057 2373; x_wconf 92' lang='lat' dir='ltr'>ire</span> 
     </span>
    </p>
   </div>
   <div class='ocr_carea' id='block_1_3' title="bbox 240 2409 1120 2526">
    <p class='ocr_par' dir='ltr' id='par_1_3' title="bbox 240 2409 1120 2526">
     <span class='ocr_line' id='line_1_22' title="bbox 240 2409 1120 2494; baseline 0 -20"><span class='ocrx_word' id='word_1_140' title='bbox 240 2410 388 2494; x_wconf 87' lang='lat' dir='ltr'>Cogitur,</span> <span class='ocrx_word' id='word_1_141' title='bbox 404 2411 509 2474; x_wconf 66' lang='lat' dir='ltr'>adrias</span> <span class='ocrx_word' id='word_1_142' title='bbox 526 2409 620 2494; x_wconf 86' lang='lat' dir='ltr'>quasi</span> <span class='ocrx_word' id='word_1_143' title='bbox 634 2431 708 2473; x_wconf 86' lang='lat' dir='ltr'>cum</span> <span class='ocrx_word' id='word_1_144' title='bbox 722 2409 908 2474; x_wconf 88' lang='lat' dir='ltr'>diverberet</span> <span class='ocrx_word' id='word_1_145' title='bbox 922 2410 1042 2474; x_wconf 89' lang='lat' dir='ltr'>undas:</span> <span class='ocrx_word' id='word_1_146' title='bbox 1114 2435 1120 2444; x_wconf 92' lang='lat'><strong>·</strong></span> 
     </span>
     <span class='ocr_line' id='line_1_23' title="bbox 341 2505 352 2526; baseline 0 -1"><span class='ocrx_word' id='word_1_147' title='bbox 341 2505 352 2526; x_wconf 89' lang='lat'>.</span> 
     </span>
    </p>
   </div>
   <div class='ocr_carea' id='block_1_4' title="bbox 150 2659 1265 4342">
    <p class='ocr_par' dir='ltr' id='par_1_4' title="bbox 151 2659 1265 2855">
     <span class='ocr_line' id='line_1_24' title="bbox 187 2659 1265 2727; baseline 0.003 -17"><span class='ocrx_word' id='word_1_148' title='bbox 187 2663 240 2710; x_wconf 81' lang='lat'>131.</span> <span class='ocrx_word' id='word_1_149' title='bbox 258 2664 351 2712; x_wconf 77' lang='lat' dir='ltr'>Scilicet</span> <span class='ocrx_word' id='word_1_150' title='bbox 366 2665 403 2711; x_wconf 85' lang='lat' dir='ltr'>bic</span> <span class='ocrx_word' id='word_1_151' title='bbox 418 2659 446 2724; x_wconf 86' lang='lat' dir='ltr'>o]</span> <span class='ocrx_word' id='word_1_152' title='bbox 465 2660 579 2719; x_wconf 83' lang='lat' dir='ltr'>Quidam,</span> <span class='ocrx_word' id='word_1_153' title='bbox 597 2662 691 2709; x_wconf 81' lang='lat' dir='ltr'>Scilicet</span> <span class='ocrx_word' id='word_1_154' title='bbox 724 2660 813 2710; x_wconf 86' lang='lat' dir='ltr'>debere</span> <span class='ocrx_word' id='word_1_155' title='bbox 828 2659 954 2711; x_wconf 87' lang='lat' dir='ltr'>celeritate</span> <span class='ocrx_word' id='word_1_156' title='bbox 967 2661 1029 2727; x_wconf 84' lang='lat' dir='ltr'>ipsis</span> <span class='ocrx_word' id='word_1_157' title='bbox 1047 2661 1142 2720; x_wconf 81' lang='lat' dir='ltr'>atomis,</span> <span class='ocrx_word' id='word_1_158' title='bbox 1163 2678 1220 2710; x_wconf 89' lang='lat' dir='ltr'>cum</span> <span class='ocrx_word' id='word_1_159' title='bbox 1240 2669 1265 2713; x_wconf 88' lang='lat' dir='ltr'>et</span> 
     </span>
     <span class='ocr_line' id='line_1_25' title="bbox 152 2725 1263 2792; baseline 0 -18"><span class='ocrx_word' id='word_1_160' title='bbox 152 2729 190 2775; x_wconf 85' lang='lat' dir='ltr'>bic</span> <span class='ocrx_word' id='word_1_161' title='bbox 216 2735 239 2776; x_wconf 89' lang='lat' dir='ltr'>et</span> <span class='ocrx_word' id='word_1_162' title='bbox 250 2748 260 2782; x_wconf 92' lang='lat'>,·</span> <span class='ocrx_word' id='word_1_163' title='bbox 288 2742 349 2790; x_wconf 91' lang='lat' dir='ltr'>quos</span> <span class='ocrx_word' id='word_1_164' title='bbox 376 2727 492 2790; x_wconf 81' lang='lat' dir='ltr'>neglige:</span> <span class='ocrx_word' id='word_1_165' title='bbox 527 2725 569 2774; x_wconf 88' lang='lat' dir='ltr'>alii</span> <span class='ocrx_word' id='word_1_166' title='bbox 596 2726 689 2789; x_wconf 79' lang='lat' dir='ltr'>legunt,</span> <span class='ocrx_word' id='word_1_167' title='bbox 723 2726 1263 2792; x_wconf 68' lang='lat' dir='ltr'>solutae,etspatiopenitusliberoferuntum</span> 
     </span>
     <span class='ocr_line' id='line_1_26' title="bbox 151 2789 1264 2855; baseline 0 -17"><span class='ocrx_word' id='word_1_168' title='bbox 151 2794 211 2840; x_wconf 83' lang='lat' dir='ltr'>binc.</span> <span class='ocrx_word' id='word_1_169' title='bbox 722 2789 762 2838; x_wconf 72' lang='lat' dir='ltr'>adl</span> <span class='ocrx_word' id='word_1_170' title='bbox 772 2789 817 2851; x_wconf 74' lang='grc' dir='ltr'>μὲν</span> <span class='ocrx_word' id='word_1_171' title='bbox 829 2790 868 2839; x_wconf 75' lang='grc' dir='ltr'>καὶ</span> <span class='ocrx_word' id='word_1_172' title='bbox 879 2789 895 2849; x_wconf 84' lang='grc' dir='ltr'><em>ἡ</em></span> <span class='ocrx_word' id='word_1_173' title='bbox 911 2790 949 2840; x_wconf 79' lang='lat' dir='ltr'>bid</span> <span class='ocrx_word' id='word_1_174' title='bbox 967 2793 1011 2840; x_wconf 80' lang='grc' dir='ltr'>τοῦ</span> <span class='ocrx_word' id='word_1_175' title='bbox 1031 2793 1101 2841; x_wconf 79' lang='grc' dir='ltr'><strong><em>κενοῦ</em></strong></span> <span class='ocrx_word' id='word_1_176' title='bbox 1120 2791 1182 2855; x_wconf 77' lang='grc' dir='ltr'><strong><em>φορὰ</em></strong></span> <span class='ocrx_word' id='word_1_177' title='bbox 1201 2789 1264 2840; x_wconf 71' lang='grc' dir='ltr'>κατὰ</span> 
     </span>
    </p>

    <p class='ocr_par' dir='ltr' id='par_1_5' title="bbox 152 2852 1264 2984">
     <span class='ocr_line' id='line_1_27' title="bbox 186 2852 1264 2919; baseline -0.001 -15"><span class='ocrx_word' id='word_1_178' title='bbox 186 2857 239 2904; x_wconf 85' lang='grc'><strong>136.</strong></span> <span class='ocrx_word' id='word_1_179' title='bbox 261 2855 372 2919; x_wconf 81' lang='lat' dir='ltr'>Ipsoque]</span> <span class='ocrx_word' id='word_1_180' title='bbox 397 2857 499 2905; x_wconf 82' lang='lat' dir='ltr'>Frustra</span> <span class='ocrx_word' id='word_1_181' title='bbox 520 2855 547 2904; x_wconf 89' lang='lat' dir='ltr'>in</span> <span class='ocrx_word' id='word_1_182' title='bbox 570 2853 692 2918; x_wconf 87' lang='lat' dir='ltr'>aliquibus</span> <span class='ocrx_word' id='word_1_183' title='bbox 723 2853 840 2915; x_wconf 74' lang='grc' dir='ltr'>μηδεμ1αν</span> <span class='ocrx_word' id='word_1_184' title='bbox 862 2852 997 2914; x_wconf 67' lang='grc' dir='ltr'><strong><em>ἀπάντησιν</em></strong></span> <span class='ocrx_word' id='word_1_185' title='bbox 1018 2860 1067 2905; x_wconf 80' lang='grc' dir='ltr'>τῶν</span> <span class='ocrx_word' id='word_1_186' title='bbox 1086 2852 1264 2918; x_wconf 63' lang='lat' dir='ltr'>intuebimur</span> 
     </span>
     <span class='ocr_line' id='line_1_28' title="bbox 152 2917 1262 2984; baseline -0.001 -15"><span class='ocrx_word' id='word_1_187' title='bbox 152 2920 221 2969; x_wconf 86' lang='lat' dir='ltr'>codd.</span> <span class='ocrx_word' id='word_1_188' title='bbox 233 2921 324 2983; x_wconf 79' lang='lat' dir='ltr'>legitur</span> <span class='ocrx_word' id='word_1_189' title='bbox 335 2923 437 2983; x_wconf 78' lang='lat' dir='ltr'>Ictaque.</span> <span class='ocrx_word' id='word_1_190' title='bbox 723 2917 843 2980; x_wconf 74' lang='grc' dir='ltr'><em>γινομένη,</em></span> <span class='ocrx_word' id='word_1_191' title='bbox 855 2921 904 2968; x_wconf 77' lang='grc' dir='ltr'>πᾶν</span> <span class='ocrx_word' id='word_1_192' title='bbox 913 2922 989 2980; x_wconf 80' lang='grc' dir='ltr'><strong><em>μῆκος</em></strong></span> <span class='ocrx_word' id='word_1_193' title='bbox 999 2919 1148 2984; x_wconf 81' lang='grc' dir='ltr'>περ1ληπτον</span> <span class='ocrx_word' id='word_1_194' title='bbox 1163 2923 1189 2969; x_wconf 79' lang='grc' dir='ltr'>ἐν</span> <span class='ocrx_word' id='word_1_195' title='bbox 1205 2919 1262 2968; x_wconf 77' lang='grc' dir='ltr'><strong>ἀτε-</strong></span> 
     </span>
    </p>

    <p class='ocr_par' dir='ltr' id='par_1_6' title="bbox 150 2982 1264 3306">
     <span class='ocr_line' id='line_1_29' title="bbox 187 2982 1263 3049; baseline 0 -17"><span class='ocrx_word' id='word_1_196' title='bbox 187 2987 240 3037; x_wconf 74' lang='lat'>141.</span> <span class='ocrx_word' id='word_1_197' title='bbox 258 2987 334 3044; x_wconf 84' lang='lat' dir='ltr'>Nunc,</span> <span class='ocrx_word' id='word_1_198' title='bbox 355 3003 405 3048; x_wconf 81' lang='lat' dir='ltr'>que</span> <span class='ocrx_word' id='word_1_199' title='bbox 425 2987 552 3043; x_wconf 78' lang='lat' dir='ltr'>Mobilitas,</span> <span class='ocrx_word' id='word_1_200' title='bbox 570 2983 627 3046; x_wconf 79' lang='lat' dir='ltr'>etc]</span> <span class='ocrx_word' id='word_1_201' title='bbox 650 2983 691 3032; x_wconf 87' lang='lat' dir='ltr'>Ad</span> <span class='ocrx_word' id='word_1_202' title='bbox 723 2982 823 3047; x_wconf 70' lang='grc' dir='ltr'><strong><em>ρινοήτᾳ</em></strong></span> <span class='ocrx_word' id='word_1_203' title='bbox 832 2983 912 3047; x_wconf 79' lang='grc' dir='ltr'><strong><em>χρόνῳ</em></strong></span> <span class='ocrx_word' id='word_1_204' title='bbox 928 2987 1047 3045; x_wconf 79' lang='grc' dir='ltr'><strong><em>συντελεῖ,</em></strong></span> <span class='ocrx_word' id='word_1_205' title='bbox 1065 2995 1111 3034; x_wconf 91' lang='lat' dir='ltr'>etc.</span> <span class='ocrx_word' id='word_1_206' title='bbox 1139 2985 1263 3049; x_wconf 87' lang='lat' dir='ltr'>Epicurus</span> 
     </span>
     <span class='ocr_line' id='line_1_30' title="bbox 152 3048 930 3108; baseline -0.003 -10"><span class='ocrx_word' id='word_1_207' title='bbox 152 3050 321 3099; x_wconf 87' lang='lat' dir='ltr'>declarandam</span> <span class='ocrx_word' id='word_1_208' title='bbox 333 3051 483 3099; x_wconf 88' lang='lat' dir='ltr'>celeritatem</span> <span class='ocrx_word' id='word_1_209' title='bbox 494 3059 637 3108; x_wconf 85' lang='lat' dir='ltr'>atomorum,</span> <span class='ocrx_word' id='word_1_210' title='bbox 652 3065 690 3097; x_wconf 89' lang='lat' dir='ltr'>so-</span> <span class='ocrx_word' id='word_1_211' title='bbox 724 3049 756 3097; x_wconf 82' lang='lat' dir='ltr'>ad</span> <span class='ocrx_word' id='word_1_212' title='bbox 767 3048 930 3098; x_wconf 87' lang='lat' dir='ltr'>Herodotum.</span> 
     </span>
     <span class='ocr_line' id='line_1_31' title="bbox 151 3113 1263 3178; baseline -0.002 -16"><span class='ocrx_word' id='word_1_213' title='bbox 151 3113 209 3163; x_wconf 90' lang='lat' dir='ltr'>laris</span> <span class='ocrx_word' id='word_1_214' title='bbox 226 3114 288 3163; x_wconf 88' lang='lat' dir='ltr'>lucis</span> <span class='ocrx_word' id='word_1_215' title='bbox 306 3115 473 3177; x_wconf 88' lang='lat' dir='ltr'>trajectionem</span> <span class='ocrx_word' id='word_1_216' title='bbox 492 3129 536 3178; x_wconf 87' lang='lat' dir='ltr'>per</span> <span class='ocrx_word' id='word_1_217' title='bbox 553 3123 621 3162; x_wconf 87' lang='lat' dir='ltr'>tanta</span> <span class='ocrx_word' id='word_1_218' title='bbox 639 3114 692 3162; x_wconf 75' lang='lat' dir='ltr'>brec</span> <span class='ocrx_word' id='word_1_219' title='bbox 759 3115 812 3161; x_wconf 81' lang='lat'>143.</span> <span class='ocrx_word' id='word_1_220' title='bbox 830 3116 934 3162; x_wconf 84' lang='lat' dir='ltr'>Primam</span> <span class='ocrx_word' id='word_1_221' title='bbox 949 3117 1044 3162; x_wconf 83' lang='lat' dir='ltr'>Aurora</span> <span class='ocrx_word' id='word_1_222' title='bbox 1059 3131 1114 3163; x_wconf 82' lang='lat' dir='ltr'>neoc</span> <span class='ocrx_word' id='word_1_223' title='bbox 1130 3131 1180 3163; x_wconf 84' lang='lat' dir='ltr'>cam</span> <span class='ocrx_word' id='word_1_224' title='bbox 1195 3130 1263 3174; x_wconf 84' lang='lat' dir='ltr'>spar-</span> 
     </span>
     <span class='ocr_line' id='line_1_32' title="bbox 150 3177 1264 3243; baseline -0.003 -15"><span class='ocrx_word' id='word_1_225' title='bbox 150 3179 232 3243; x_wconf 75' lang='lat' dir='ltr'>spatia</span> <span class='ocrx_word' id='word_1_226' title='bbox 243 3178 303 3228; x_wconf 88' lang='lat' dir='ltr'>adeo</span> <span class='ocrx_word' id='word_1_227' title='bbox 315 3180 419 3228; x_wconf 86' lang='lat' dir='ltr'>celerem</span> <span class='ocrx_word' id='word_1_228' title='bbox 432 3189 547 3242; x_wconf 88' lang='lat' dir='ltr'>tanquam</span> <span class='ocrx_word' id='word_1_229' title='bbox 560 3193 691 3241; x_wconf 79' lang='lat' dir='ltr'>argumen-</span> <span class='ocrx_word' id='word_1_230' title='bbox 722 3177 773 3242; x_wconf 82' lang='lat' dir='ltr'>git]</span> <span class='ocrx_word' id='word_1_231' title='bbox 787 3177 929 3228; x_wconf 89' lang='lat' dir='ltr'>Macrobius</span> <span class='ocrx_word' id='word_1_232' title='bbox 940 3178 1006 3238; x_wconf 89' lang='lat' dir='ltr'>olim,</span> <span class='ocrx_word' id='word_1_233' title='bbox 1026 3182 1082 3227; x_wconf 81' lang='lat' dir='ltr'>Cam</span> <span class='ocrx_word' id='word_1_234' title='bbox 1096 3181 1196 3241; x_wconf 82' lang='lat' dir='ltr'>primum</span> <span class='ocrx_word' id='word_1_235' title='bbox 1212 3180 1264 3226; x_wconf 80' lang='lat' dir='ltr'>Aa·</span> 
     </span>
     <span class='ocr_line' id='line_1_33' title="bbox 152 3242 905 3306; baseline -0.003 -14"><span class='ocrx_word' id='word_1_236' title='bbox 152 3253 231 3292; x_wconf 86' lang='lat' dir='ltr'>tuma</span> <span class='ocrx_word' id='word_1_237' title='bbox 248 3244 344 3303; x_wconf 89' lang='lat' dir='ltr'>minori,</span> <span class='ocrx_word' id='word_1_238' title='bbox 361 3260 384 3293; x_wconf 85' lang='lat' dir='ltr'>v.</span> <span class='ocrx_word' id='word_1_239' title='bbox 404 3245 442 3292; x_wconf 82' lang='lat'>26.</span> <span class='ocrx_word' id='word_1_240' title='bbox 460 3242 562 3291; x_wconf 89' lang='lat' dir='ltr'>inducit.</span> <span class='ocrx_word' id='word_1_241' title='bbox 596 3243 689 3291; x_wconf 87' lang='lat' dir='ltr'>Lucem</span> <span class='ocrx_word' id='word_1_242' title='bbox 722 3259 776 3290; x_wconf 86' lang='lat' dir='ltr'>rore</span> <span class='ocrx_word' id='word_1_243' title='bbox 785 3245 905 3306; x_wconf 78' lang='lat' dir='ltr'>respergit.</span> 
     </span>
    </p>

    <p class='ocr_par' dir='ltr' id='par_1_7' title="bbox 152 3305 1265 3691">
     <span class='ocr_line' id='line_1_34' title="bbox 152 3305 1265 3372; baseline -0.003 -16"><span class='ocrx_word' id='word_1_244' title='bbox 152 3324 166 3356; x_wconf 91' lang='lat' dir='ltr'>e</span> <span class='ocrx_word' id='word_1_245' title='bbox 186 3309 312 3356; x_wconf 87' lang='lat' dir='ltr'>moleculis</span> <span class='ocrx_word' id='word_1_246' title='bbox 334 3309 479 3372; x_wconf 84' lang='lat' dir='ltr'>quibusdum</span> <span class='ocrx_word' id='word_1_247' title='bbox 500 3323 532 3355; x_wconf 86' lang='lat' dir='ltr'>ex</span> <span class='ocrx_word' id='word_1_248' title='bbox 554 3307 612 3366; x_wconf 86' lang='lat' dir='ltr'>sole,</span> <span class='ocrx_word' id='word_1_249' title='bbox 635 3306 690 3371; x_wconf 89' lang='lat' dir='ltr'>ipso</span> <span class='ocrx_word' id='word_1_250' title='bbox 757 3309 810 3354; x_wconf 81' lang='lat'>145.</span> <span class='ocrx_word' id='word_1_251' title='bbox 829 3309 937 3369; x_wconf 80' lang='lat' dir='ltr'>Liquidir</span> <span class='ocrx_word' id='word_1_252' title='bbox 951 3305 1055 3368; x_wconf 78' lang='lat' dir='ltr'>uocibus]</span> <span class='ocrx_word' id='word_1_253' title='bbox 1074 3305 1201 3363; x_wconf 85' lang='lat' dir='ltr'>Horatius,</span> <span class='ocrx_word' id='word_1_254' title='bbox 1220 3308 1265 3353; x_wconf 81' lang='lat' dir='ltr'>Cui</span> 
     </span>
     <span class='ocr_line' id='line_1_35' title="bbox 152 3372 1264 3436; baseline -0.002 -16"><span class='ocrx_word' id='word_1_255' title='bbox 152 3373 219 3421; x_wconf 85' lang='lat' dir='ltr'>fonte</span> <span class='ocrx_word' id='word_1_256' title='bbox 229 3372 299 3430; x_wconf 92' lang='lat' dir='ltr'>lucis,</span> <span class='ocrx_word' id='word_1_257' title='bbox 311 3372 489 3436; x_wconf 86' lang='lat' dir='ltr'>profluentibus</span> <span class='ocrx_word' id='word_1_258' title='bbox 505 3380 616 3419; x_wconf 90' lang='lat' dir='ltr'>constare</span> <span class='ocrx_word' id='word_1_259' title='bbox 633 3386 689 3420; x_wconf 89' lang='lat' dir='ltr'>sen·</span> <span class='ocrx_word' id='word_1_260' title='bbox 722 3373 834 3432; x_wconf 79' lang='lat' dir='ltr'>liquidum</span> <span class='ocrx_word' id='word_1_261' title='bbox 845 3374 918 3419; x_wconf 84' lang='lat' dir='ltr'>Pater</span> <span class='ocrx_word' id='word_1_262' title='bbox 933 3373 1012 3418; x_wconf 86' lang='lat' dir='ltr'>Vocem</span> <span class='ocrx_word' id='word_1_263' title='bbox 1023 3387 1073 3418; x_wconf 81' lang='lat' dir='ltr'>cum</span> <span class='ocrx_word' id='word_1_264' title='bbox 1084 3373 1176 3418; x_wconf 85' lang='lat' dir='ltr'>citboro</span> <span class='ocrx_word' id='word_1_265' title='bbox 1192 3373 1264 3418; x_wconf 75' lang='lat' dir='ltr'>dedit.</span> 
     </span>
     <span class='ocr_line' id='line_1_36' title="bbox 152 3434 1265 3500; baseline 0 -16"><span class='ocrx_word' id='word_1_266' title='bbox 152 3436 246 3485; x_wconf 86' lang='lat' dir='ltr'>tiebant</span> <span class='ocrx_word' id='word_1_267' title='bbox 258 3437 382 3500; x_wconf 85' lang='lat' dir='ltr'>Epicurei,</span> <span class='ocrx_word' id='word_1_268' title='bbox 391 3437 436 3484; x_wconf 88' lang='lat' dir='ltr'>has</span> <span class='ocrx_word' id='word_1_269' title='bbox 446 3434 548 3499; x_wconf 87' lang='lat' dir='ltr'>insuper</span> <span class='ocrx_word' id='word_1_270' title='bbox 559 3435 691 3483; x_wconf 87' lang='lat' dir='ltr'>moleculss</span> <span class='ocrx_word' id='word_1_271' title='bbox 724 3434 759 3483; x_wconf 87' lang='lat' dir='ltr'>Et</span> <span class='ocrx_word' id='word_1_272' title='bbox 775 3434 843 3497; x_wconf 82' lang='lat' dir='ltr'>Virg.</span> <span class='ocrx_word' id='word_1_273' title='bbox 864 3437 922 3483; x_wconf 82' lang='lat' dir='ltr'>Tum</span> <span class='ocrx_word' id='word_1_274' title='bbox 937 3434 1043 3497; x_wconf 87' lang='lat' dir='ltr'>liquidas</span> <span class='ocrx_word' id='word_1_275' title='bbox 1059 3439 1120 3483; x_wconf 84' lang='lat' dir='ltr'>corvi</span> <span class='ocrx_word' id='word_1_276' title='bbox 1132 3451 1212 3496; x_wconf 82' lang='lat' dir='ltr'>presso</span> <span class='ocrx_word' id='word_1_277' title='bbox 1228 3442 1265 3484; x_wconf 85' lang='lat' dir='ltr'>ter</span> 
     </span>
     <span class='ocr_line' id='line_1_37' title="bbox 152 3498 1205 3565; baseline -0.002 -16"><span class='ocrx_word' id='word_1_278' title='bbox 152 3510 264 3549; x_wconf 85' lang='lat' dir='ltr'>constare</span> <span class='ocrx_word' id='word_1_279' title='bbox 285 3500 444 3565; x_wconf 86' lang='lat' dir='ltr'>eprincipiis</span> <span class='ocrx_word' id='word_1_280' title='bbox 462 3498 565 3547; x_wconf 87' lang='lat' dir='ltr'>diversis</span> <span class='ocrx_word' id='word_1_281' title='bbox 585 3499 692 3547; x_wconf 89' lang='lat' dir='ltr'>motibus</span> <span class='ocrx_word' id='word_1_282' title='bbox 721 3501 952 3561; x_wconf 80' lang='lat' dir='ltr'>gattureuocesAut</span> <span class='ocrx_word' id='word_1_283' title='bbox 978 3503 1205 3563; x_wconf 80' lang='lat' dir='ltr'>aeteringeminant.</span> 
     </span>
     <span class='ocr_line' id='line_1_38' title="bbox 152 3517 1265 3629; baseline -0.001 -15"><span class='ocrx_word' id='word_1_284' title='bbox 152 3565 258 3629; x_wconf 76' lang='lat' dir='ltr'>agitatis,</span> <span class='ocrx_word' id='word_1_285' title='bbox 279 3568 344 3614; x_wconf 91' lang='lat' dir='ltr'>unde</span> <span class='ocrx_word' id='word_1_286' title='bbox 362 3563 499 3613; x_wconf 88' lang='lat' dir='ltr'>communis</span> <span class='ocrx_word' id='word_1_287' title='bbox 517 3561 690 3611; x_wconf 87' lang='lat' dir='ltr'>molecularum</span> <span class='ocrx_word' id='word_1_288' title='bbox 759 3561 812 3613; x_wconf 81' lang='lat'>147.</span> <span class='ocrx_word' id='word_1_289' title='bbox 831 3517 977 3626; x_wconf 72' lang='lat' dir='ltr'>convestirel</span> <span class='ocrx_word' id='word_1_290' title='bbox 984 3563 1110 3627; x_wconf 85' lang='lat' dir='ltr'>Virgilius,</span> <span class='ocrx_word' id='word_1_291' title='bbox 1117 3567 1218 3628; x_wconf 81' lang='lat' dir='ltr'>Largior</span> <span class='ocrx_word' id='word_1_292' title='bbox 1227 3567 1265 3614; x_wconf 87' lang='lat' dir='ltr'>bic</span> 
     </span>
     <span class='ocr_line' id='line_1_39' title="bbox 152 3627 1117 3691; baseline -0.002 -12"><span class='ocrx_word' id='word_1_293' title='bbox 152 3640 233 3679; x_wconf 88' lang='lat' dir='ltr'>motus</span> <span class='ocrx_word' id='word_1_294' title='bbox 245 3629 336 3678; x_wconf 86' lang='lat' dir='ltr'>tardior</span> <span class='ocrx_word' id='word_1_295' title='bbox 353 3631 382 3678; x_wconf 85' lang='lat' dir='ltr'>tit</span> <span class='ocrx_word' id='word_1_296' title='bbox 397 3639 422 3677; x_wconf 89' lang='lat' dir='ltr'>et</span> <span class='ocrx_word' id='word_1_297' title='bbox 436 3627 568 3686; x_wconf 88' lang='lat' dir='ltr'>remissior,</span> <span class='ocrx_word' id='word_1_298' title='bbox 586 3627 691 3691; x_wconf 90' lang='lat' dir='ltr'>denique</span> <span class='ocrx_word' id='word_1_299' title='bbox 724 3645 814 3689; x_wconf 78' lang='lat' dir='ltr'>campos</span> <span class='ocrx_word' id='word_1_300' title='bbox 824 3631 896 3676; x_wconf 78' lang='lat' dir='ltr'>etber</span> <span class='ocrx_word' id='word_1_301' title='bbox 906 3636 929 3676; x_wconf 89' lang='lat' dir='ltr'>et</span> <span class='ocrx_word' id='word_1_302' title='bbox 941 3631 1025 3677; x_wconf 83' lang='lat' dir='ltr'>lumine</span> <span class='ocrx_word' id='word_1_303' title='bbox 1036 3629 1117 3678; x_wconf 83' lang='lat' dir='ltr'>vestit.</span> 
     </span>
    </p>

    <p class='ocr_par' dir='ltr' id='par_1_8' title="bbox 150 3692 1265 4342">
     <span class='ocr_line' id='line_1_40' title="bbox 151 3692 1264 3760; baseline -0.002 -16"><span class='ocrx_word' id='word_1_304' title='bbox 151 3711 197 3760; x_wconf 90' lang='lat' dir='ltr'>per</span> <span class='ocrx_word' id='word_1_305' title='bbox 204 3698 285 3744; x_wconf 86' lang='lat' dir='ltr'>a&#39;e&#39;rem</span> <span class='ocrx_word' id='word_1_306' title='bbox 292 3710 342 3743; x_wconf 92' lang='lat' dir='ltr'>non</span> <span class='ocrx_word' id='word_1_307' title='bbox 349 3693 460 3743; x_wconf 88' lang='lat' dir='ltr'>invenire</span> <span class='ocrx_word' id='word_1_308' title='bbox 471 3693 542 3752; x_wconf 86' lang='lat' dir='ltr'>viam,</span> <span class='ocrx_word' id='word_1_309' title='bbox 552 3693 595 3742; x_wconf 90' lang='lat' dir='ltr'>sed</span> <span class='ocrx_word' id='word_1_310' title='bbox 603 3692 691 3752; x_wconf 83' lang='lat' dir='ltr'>iacere,</span> <span class='ocrx_word' id='word_1_311' title='bbox 759 3693 813 3740; x_wconf 86' lang='lat'>151.</span> <span class='ocrx_word' id='word_1_312' title='bbox 830 3695 915 3741; x_wconf 80' lang='lat' dir='ltr'>Airior</span> <span class='ocrx_word' id='word_1_313' title='bbox 926 3697 993 3754; x_wconf 78' lang='lat' dir='ltr'>quasi</span> <span class='ocrx_word' id='word_1_314' title='bbox 1009 3711 1059 3742; x_wconf 83' lang='lat' dir='ltr'>ram</span> <span class='ocrx_word' id='word_1_315' title='bbox 1076 3697 1204 3742; x_wconf 84' lang='lat' dir='ltr'>diverberet</span> <span class='ocrx_word' id='word_1_316' title='bbox 1220 3711 1264 3743; x_wconf 78' lang='lat' dir='ltr'>aa·</span> 
     </span>
     <span class='ocr_line' id='line_1_41' title="bbox 152 3756 1264 3824; baseline -0.002 -15"><span class='ocrx_word' id='word_1_317' title='bbox 152 3769 176 3809; x_wconf 88' lang='lat' dir='ltr'>et</span> <span class='ocrx_word' id='word_1_318' title='bbox 186 3760 307 3810; x_wconf 80' lang='lat' dir='ltr'>airiarum</span> <span class='ocrx_word' id='word_1_319' title='bbox 314 3759 490 3824; x_wconf 82' lang='lat' dir='ltr'>particularum</span> <span class='ocrx_word' id='word_1_320' title='bbox 500 3773 602 3806; x_wconf 89' lang='lat' dir='ltr'>occursu</span> <span class='ocrx_word' id='word_1_321' title='bbox 613 3767 690 3807; x_wconf 87' lang='lat' dir='ltr'>retar-</span> <span class='ocrx_word' id='word_1_322' title='bbox 723 3756 779 3820; x_wconf 80' lang='lat' dir='ltr'>das]</span> <span class='ocrx_word' id='word_1_323' title='bbox 800 3758 949 3816; x_wconf 85' lang='lat' dir='ltr'>Gassendus,</span> <span class='ocrx_word' id='word_1_324' title='bbox 968 3768 994 3806; x_wconf 89' lang='lat' dir='ltr'>et</span> <span class='ocrx_word' id='word_1_325' title='bbox 1015 3758 1085 3807; x_wconf 88' lang='lat' dir='ltr'>codd.</span> <span class='ocrx_word' id='word_1_326' title='bbox 1102 3763 1169 3821; x_wconf 83' lang='lat' dir='ltr'>quari</span> <span class='ocrx_word' id='word_1_327' title='bbox 1190 3761 1264 3807; x_wconf 82' lang='lat' dir='ltr'>dum.-</span> 
     </span>
     <span class='ocr_line' id='line_1_42' title="bbox 151 3822 1263 3888; baseline -0.004 -14"><span class='ocrx_word' id='word_1_328' title='bbox 151 3825 219 3874; x_wconf 86' lang='lat' dir='ltr'>dari:</span> <span class='ocrx_word' id='word_1_329' title='bbox 244 3823 338 3874; x_wconf 84' lang='lat' dir='ltr'>semina</span> <span class='ocrx_word' id='word_1_330' title='bbox 356 3840 416 3874; x_wconf 87' lang='lat' dir='ltr'>vero</span> <span class='ocrx_word' id='word_1_331' title='bbox 433 3822 554 3888; x_wconf 87' lang='lat' dir='ltr'>simplicia</span> <span class='ocrx_word' id='word_1_332' title='bbox 569 3839 623 3872; x_wconf 87' lang='lat' dir='ltr'>esse</span> <span class='ocrx_word' id='word_1_333' title='bbox 637 3839 691 3872; x_wconf 87' lang='lat' dir='ltr'>cor·</span> <span class='ocrx_word' id='word_1_334' title='bbox 724 3822 774 3881; x_wconf 87' lang='lat' dir='ltr'>alii,</span> <span class='ocrx_word' id='word_1_335' title='bbox 795 3825 855 3884; x_wconf 82' lang='lat' dir='ltr'>quod</span> <span class='ocrx_word' id='word_1_336' title='bbox 877 3825 932 3872; x_wconf 85' lang='lat' dir='ltr'>Sol:</span> <span class='ocrx_word' id='word_1_337' title='bbox 958 3838 1030 3886; x_wconf 88' lang='lat' dir='ltr'>quam</span> <span class='ocrx_word' id='word_1_338' title='bbox 1051 3833 1166 3887; x_wconf 81' lang='lat' dir='ltr'>tanquam</span> <span class='ocrx_word' id='word_1_339' title='bbox 1184 3822 1263 3887; x_wconf 86' lang='lat' dir='ltr'>pessi-</span> 
     </span>
     <span class='ocr_line' id='line_1_43' title="bbox 151 3886 1264 3955; baseline -0.003 -16"><span class='ocrx_word' id='word_1_340' title='bbox 151 3906 218 3955; x_wconf 89' lang='lat' dir='ltr'>pora,</span> <span class='ocrx_word' id='word_1_341' title='bbox 231 3906 280 3939; x_wconf 91' lang='lat' dir='ltr'>non</span> <span class='ocrx_word' id='word_1_342' title='bbox 292 3889 395 3955; x_wconf 86' lang='lat' dir='ltr'>privatis</span> <span class='ocrx_word' id='word_1_343' title='bbox 405 3887 512 3953; x_wconf 85' lang='lat' dir='ltr'>partium</span> <span class='ocrx_word' id='word_1_344' title='bbox 523 3902 622 3937; x_wconf 86' lang='lat' dir='ltr'>suarum</span> <span class='ocrx_word' id='word_1_345' title='bbox 638 3903 690 3937; x_wconf 92' lang='lat' dir='ltr'>mo·</span> <span class='ocrx_word' id='word_1_346' title='bbox 723 3903 789 3938; x_wconf 88' lang='lat' dir='ltr'>mam</span> <span class='ocrx_word' id='word_1_347' title='bbox 800 3886 931 3936; x_wconf 85' lang='lat' dir='ltr'>lectionem</span> <span class='ocrx_word' id='word_1_348' title='bbox 940 3888 1020 3937; x_wconf 83' lang='lat' dir='ltr'>Faber</span> <span class='ocrx_word' id='word_1_349' title='bbox 1028 3888 1115 3950; x_wconf 83' lang='lat' dir='ltr'>rejicit,</span> <span class='ocrx_word' id='word_1_350' title='bbox 1127 3897 1153 3936; x_wconf 86' lang='lat' dir='ltr'>et</span> <span class='ocrx_word' id='word_1_351' title='bbox 1162 3904 1193 3936; x_wconf 87' lang='lat' dir='ltr'>ex</span> <span class='ocrx_word' id='word_1_352' title='bbox 1204 3903 1264 3936; x_wconf 85' lang='lat' dir='ltr'>voce</span> 
     </span>
     <span class='ocr_line' id='line_1_44' title="bbox 151 3951 1264 4018; baseline -0.002 -15"><span class='ocrx_word' id='word_1_353' title='bbox 151 3955 217 4005; x_wconf 90' lang='lat' dir='ltr'>tibus</span> <span class='ocrx_word' id='word_1_354' title='bbox 236 3954 362 4018; x_wconf 86' lang='lat' dir='ltr'>impedita,</span> <span class='ocrx_word' id='word_1_355' title='bbox 382 3962 407 4002; x_wconf 88' lang='lat' dir='ltr'>et</span> <span class='ocrx_word' id='word_1_356' title='bbox 426 3969 471 4018; x_wconf 90' lang='lat' dir='ltr'>per</span> <span class='ocrx_word' id='word_1_357' title='bbox 490 3953 594 4002; x_wconf 87' lang='lat' dir='ltr'>liberum</span> <span class='ocrx_word' id='word_1_358' title='bbox 614 3953 691 4002; x_wconf 87' lang='lat' dir='ltr'>Inane</span> <span class='ocrx_word' id='word_1_359' title='bbox 723 3952 766 4001; x_wconf 89' lang='lat' dir='ltr'>illa</span> <span class='ocrx_word' id='word_1_360' title='bbox 785 3954 859 4001; x_wconf 82' lang='lat' dir='ltr'>undas</span> <span class='ocrx_word' id='word_1_361' title='bbox 877 3952 940 4001; x_wconf 88' lang='lat' dir='ltr'>mira</span> <span class='ocrx_word' id='word_1_362' title='bbox 955 3962 1107 4016; x_wconf 80' lang='lat' dir='ltr'>extorquet:</span> <span class='ocrx_word' id='word_1_363' title='bbox 1135 3953 1201 4001; x_wconf 83' lang='lat' dir='ltr'>calor</span> <span class='ocrx_word' id='word_1_364' title='bbox 1221 3951 1264 4000; x_wconf 88' lang='lat' dir='ltr'>ille</span> 
     </span>
     <span class='ocr_line' id='line_1_45' title="bbox 151 4016 1264 4080; baseline -0.004 -12"><span class='ocrx_word' id='word_1_365' title='bbox 151 4019 248 4068; x_wconf 87' lang='lat' dir='ltr'>deferri.</span> <span class='ocrx_word' id='word_1_366' title='bbox 277 4021 312 4067; x_wconf 87' lang='lat' dir='ltr'>Et</span> <span class='ocrx_word' id='word_1_367' title='bbox 322 4020 379 4068; x_wconf 90' lang='lat' dir='ltr'>hinc</span> <span class='ocrx_word' id='word_1_368' title='bbox 391 4017 541 4067; x_wconf 88' lang='lat' dir='ltr'>concludunt</span> <span class='ocrx_word' id='word_1_369' title='bbox 553 4016 635 4067; x_wconf 88' lang='lat' dir='ltr'>radios</span> <span class='ocrx_word' id='word_1_370' title='bbox 651 4034 691 4066; x_wconf 89' lang='lat' dir='ltr'>so·</span> <span class='ocrx_word' id='word_1_371' title='bbox 723 4017 782 4067; x_wconf 88' lang='lat' dir='ltr'>solis</span> <span class='ocrx_word' id='word_1_372' title='bbox 794 4016 950 4080; x_wconf 85' lang='lat' dir='ltr'>quantumvis</span> <span class='ocrx_word' id='word_1_373' title='bbox 960 4017 1026 4067; x_wconf 88' lang='lat' dir='ltr'>celer</span> <span class='ocrx_word' id='word_1_374' title='bbox 1039 4018 1079 4073; x_wconf 86' lang='lat' dir='ltr'>sit,</span> <span class='ocrx_word' id='word_1_375' title='bbox 1097 4027 1177 4066; x_wconf 84' lang='lat' dir='ltr'>tamen</span> <span class='ocrx_word' id='word_1_376' title='bbox 1196 4016 1264 4079; x_wconf 80' lang='lat' dir='ltr'>cogi-</span> 
     </span>
     <span class='ocr_line' id='line_1_46' title="bbox 150 4080 1265 4149; baseline -0.006 -16"><span class='ocrx_word' id='word_1_377' title='bbox 150 4083 465 4133; x_wconf 86' lang='lat' dir='ltr'>liscumsiuttenuissimae</span> <span class='ocrx_word' id='word_1_378' title='bbox 476 4081 691 4146; x_wconf 78' lang='lat' dir='ltr'>quaedamatomo-</span> <span class='ocrx_word' id='word_1_379' title='bbox 725 4092 765 4132; x_wconf 88' lang='lat' dir='ltr'>tur</span> <span class='ocrx_word' id='word_1_380' title='bbox 792 4097 874 4149; x_wconf 86' lang='lat' dir='ltr'>meare</span> <span class='ocrx_word' id='word_1_381' title='bbox 901 4098 946 4146; x_wconf 89' lang='lat' dir='ltr'>per</span> <span class='ocrx_word' id='word_1_382' title='bbox 973 4084 1052 4130; x_wconf 77' lang='lat' dir='ltr'>airem</span> <span class='ocrx_word' id='word_1_383' title='bbox 1081 4080 1212 4137; x_wconf 87' lang='lat' dir='ltr'>turbidum,</span> <span class='ocrx_word' id='word_1_384' title='bbox 1239 4088 1265 4126; x_wconf 89' lang='lat' dir='ltr'>et</span> 
     </span>
     <span class='ocr_line' id='line_1_47' title="bbox 151 4147 1263 4211; baseline -0.005 -15"><span class='ocrx_word' id='word_1_385' title='bbox 151 4164 207 4198; x_wconf 87' lang='lat' dir='ltr'>rum</span> <span class='ocrx_word' id='word_1_386' title='bbox 217 4157 377 4207; x_wconf 82' lang='lat' dir='ltr'>contexturae,</span> <span class='ocrx_word' id='word_1_387' title='bbox 393 4163 447 4210; x_wconf 83' lang='lat' dir='ltr'>quae</span> <span class='ocrx_word' id='word_1_388' title='bbox 462 4147 489 4195; x_wconf 92' lang='lat' dir='ltr'>in</span> <span class='ocrx_word' id='word_1_389' title='bbox 501 4163 577 4196; x_wconf 90' lang='lat' dir='ltr'>unum</span> <span class='ocrx_word' id='word_1_390' title='bbox 597 4155 692 4196; x_wconf 89' lang='lat' dir='ltr'>motum</span> <span class='ocrx_word' id='word_1_391' title='bbox 724 4150 790 4209; x_wconf 80' lang='lat' dir='ltr'>qnasi</span> <span class='ocrx_word' id='word_1_392' title='bbox 801 4149 917 4204; x_wconf 65' lang='lat' dir='ltr'>umorum,</span> <span class='ocrx_word' id='word_1_393' title='bbox 928 4156 1029 4211; x_wconf 88' lang='lat' dir='ltr'>propter</span> <span class='ocrx_word' id='word_1_394' title='bbox 1041 4155 1126 4196; x_wconf 86' lang='lat' dir='ltr'>ventos</span> <span class='ocrx_word' id='word_1_395' title='bbox 1141 4155 1166 4193; x_wconf 89' lang='lat' dir='ltr'>et</span> <span class='ocrx_word' id='word_1_396' title='bbox 1182 4158 1263 4191; x_wconf 84' lang='lat' dir='ltr'>acces-</span> 
     </span>
     <span class='ocr_line' id='line_1_48' title="bbox 151 4210 1264 4275; baseline -0.004 -15"><span class='ocrx_word' id='word_1_397' title='bbox 151 4229 202 4261; x_wconf 92' lang='lat' dir='ltr'>non</span> <span class='ocrx_word' id='word_1_398' title='bbox 213 4229 298 4262; x_wconf 88' lang='lat' dir='ltr'>omnes</span> <span class='ocrx_word' id='word_1_399' title='bbox 310 4212 474 4270; x_wconf 88' lang='lat' dir='ltr'>consentiunt,</span> <span class='ocrx_word' id='word_1_400' title='bbox 486 4227 565 4273; x_wconf 90' lang='lat' dir='ltr'>neque</span> <span class='ocrx_word' id='word_1_401' title='bbox 577 4227 622 4275; x_wconf 92' lang='lat' dir='ltr'>per</span> <span class='ocrx_word' id='word_1_402' title='bbox 636 4228 691 4275; x_wconf 90' lang='lat' dir='ltr'>spa·</span> <span class='ocrx_word' id='word_1_403' title='bbox 724 4227 779 4274; x_wconf 82' lang='lat' dir='ltr'>sum</span> <span class='ocrx_word' id='word_1_404' title='bbox 801 4211 975 4274; x_wconf 89' lang='lat' dir='ltr'>decessumque</span> <span class='ocrx_word' id='word_1_405' title='bbox 998 4210 1187 4265; x_wconf 85' lang='lat' dir='ltr'>exhalatiouum,</span> <span class='ocrx_word' id='word_1_406' title='bbox 1209 4222 1264 4270; x_wconf 81' lang='lat' dir='ltr'>quae</span> 
     </span>
     <span class='ocr_line' id='line_1_49' title="bbox 152 4273 1134 4342; baseline -0.004 -17"><span class='ocrx_word' id='word_1_407' title='bbox 152 4277 214 4326; x_wconf 87' lang='lat' dir='ltr'>tium</span> <span class='ocrx_word' id='word_1_408' title='bbox 226 4278 299 4342; x_wconf 87' lang='lat' dir='ltr'>plane</span> <span class='ocrx_word' id='word_1_409' title='bbox 308 4278 413 4327; x_wconf 85' lang='lat' dir='ltr'>liberum</span> <span class='ocrx_word' id='word_1_410' title='bbox 430 4277 542 4336; x_wconf 89' lang='lat' dir='ltr'>tendunt,</span> <span class='ocrx_word' id='word_1_411' title='bbox 560 4276 693 4325; x_wconf 87' lang='lat' dir='ltr'>concedere</span> <span class='ocrx_word' id='word_1_412' title='bbox 725 4275 751 4324; x_wconf 88' lang='lat' dir='ltr'>in</span> <span class='ocrx_word' id='word_1_413' title='bbox 763 4276 832 4325; x_wconf 92' lang='lat' dir='ltr'>illurn</span> <span class='ocrx_word' id='word_1_414' title='bbox 844 4285 963 4341; x_wconf 83' lang='lat' dir='ltr'>perpetuo</span> <span class='ocrx_word' id='word_1_415' title='bbox 974 4273 1134 4339; x_wconf 84' lang='lat' dir='ltr'>recipiuntur.</span> 
     </span>
    </p>
   </div>
   <div class='ocr_carea' id='block_1_5' title="bbox 0 0 1440 4852">
    <p class='ocr_par' dir='ltr' id='par_1_9' title="bbox 0 0 1440 4852">
     <span class='ocr_line' id='line_1_50' title="bbox 0 0 1440 4852; baseline 0 0"><span class='ocrx_word' id='word_1_416' title='bbox 0 0 1440 4852; x_wconf 95' lang='lat' dir='ltr'> </span> 
     </span>
    </p>
   </div>
  </div>
 </body>
</html>
