2872 4852
430 232 602 298 LIBER
631 233 897 307 QUINTUS.
1156 232 1221 298 973

193 389 330 464 Durius,
348 399 387 452 ut
401 389 521 465 decuit,
538 387 653 454 Tellus
669 390 758 472 quod
774 389 858 453 dura
870 388 1031 453 creasset:

127 504 176 550 925
196 491 242 554 Et
256 490 433 574 majoribus
449 500 481 554 et
498 490 609 554 solidis
625 490 727 573 magis
743 489 872 554 ossibus
887 490 975 554 intus

192 592 391 667 Fundatum,
406 602 440 656 et
455 589 569 655 validis
585 602 696 675 aptum
712 614 773 675 per
788 592 914 657 viscera
927 592 1053 668 nervis;

191 694 265 758 Nec
281 692 375 757 facile
390 715 432 757 ex
447 704 542 770 aestu,
558 716 618 758 nec
634 694 755 778 frigore
770 695 859 777 quod
876 706 1061 778 caperetur,

190 796 264 860 Nec
280 797 423 860 novitate
439 797 503 860 cibi
518 818 578 860 nec
593 796 659 861 labi
673 797 820 880 corporis
835 796 920 860 ulla:

191 897 365 981 Multaque
380 920 440 982 per
455 896 573 962 coelum
589 897 674 961 Solis
689 897 850 963 volventia
864 898 967 963 lustra

126 1012 174 1058 93⁰
190 999 374 1085 Volgivago
389 1000 487 1063 vitam
502 1000 687 1063 tractabant
701 1022 791 1065 more
806 1000 959 1064 ferarum.

189 1101 264 1165 Nec
279 1103 436 1166 robustus
451 1112 521 1166 erat
536 1101 626 1166 curvi
642 1100 836 1166 Moderator
851 1103 951 1166 aratri

190 1203 384 1286 Quisquam,
401 1224 461 1268 nec
477 1202 581 1267 scibat
595 1202 684 1267 ferro
698 1202 839 1268 molirier
854 1226 949 1280 arva3

177 1303 265 1368 Nec
280 1327 363 1370 nova
377 1303 534 1369 defodere
549 1305 582 1368 in
600 1315 719 1370 terram
734 1304 884 1390 virgulta,
900 1327 960 1370 nec
975 1304 1047 1370 altis

191 1404 377 1471 Arboribus
392 1416 519 1471 veteres
535 1407 687 1473 decidere
703 1407 833 1473 falcibu’
849 1430 965 1472 ramos.

125 1519 174 1566 935
193 1507 295 1580 Quod
312 1506 380 1584 Sol,
396 1516 494 1590 atque
509 1507 634 1573 Imbres
650 1510 822 1586 dederant,
838 1510 928 1594 quod
943 1509 1050 1573 Terra
1065 1504 1192 1571 crebrat

192 1609 317 1692 Sponte
333 1631 403 1686 sua,
420 1610 498 1674 satis
513 1610 548 1676 id
563 1610 713 1695 placabat
728 1623 862 1696 pectora
878 1612 1017 1688 donum,

191 1710 402 1776 Glandiferas
418 1712 502 1777 inter
517 1714 675 1778 curabant
689 1736 828 1799 corpora
843 1735 983 1798 quercus

191 1811 399 1898 Plerumque,
416 1824 451 1879 et
464 1836 539 1898 quae
553 1838 640 1881 nunc
655 1815 792 1881 hiberno
809 1825 955 1900 ternpore
969 1815 1076 1880 cernis

190 1913 320 1978 Arbuta
336 1914 492 1980 Poeniceo
506 1916 579 1981 fieri
594 1927 722 1982 matura
735 1917 856 1993 colore,

125 2025 173 2072 940
193 2017 337 2080 Plurima
353 2029 421 2082 tum
436 2017 551 2083 Tellus
567 2018 665 2083 etiam
679 2018 802 2102 majora
816 2018 961 2083 ferebat:

189 2117 362 2203 Multaque
376 2129 538 2202 praeterea
553 2120 678 2186 novitas
694 2130 763 2184 tum
777 2119 896 2184 florida
907 2120 1020 2184 mundi

189 2219 316 2284 Pabula
332 2220 386 2284 dia
401 2218 485 2296 tulit,
501 2221 626 2285 miseris
640 2220 831 2286 mortalibus
846 2220 965 2306 ampla.

233 2322 280 2385 At
296 2320 412 2386 sedare
427 2322 513 2385 sitim
526 2321 632 2386 Fluvii
646 2321 834 2406 Fontesque
848 2322 1026 2386 vocabant:

190 2423 239 2486 Ut
254 2444 340 2487 nunc
353 2423 517 2490 montibus
533 2445 553 2487 e
568 2423 694 2508 magnis
708 2424 867 2490 decursus
883 2426 979 2507 aquai

124 2535 173 2581 945
191 2523 358 2588 Claricitat
372 2522 436 2588 late
453 2524 593 2588 sitientia
608 2524 704 2588 saecla
719 2523 886 2588 Ferarum.

190 2625 343 2710 Denique
358 2626 520 2711 noctivagi
535 2625 694 2690 silvestria
708 2625 829 2711 templa
844 2628 1000 2691 tenebant

189 2728 429 2813 Nympharum,
446 2729 564 2813 quibus
580 2729 713 2794 exibant
727 2728 863 2794 humore
879 2729 1002 2793 fluenta

190 2830 345 2910 Lubrica,
360 2831 506 2916 proluvie
521 2831 613 2917 larga
627 2831 735 2896 lavere
750 2832 884 2896 humida
900 2853 991 2908 saxa,

189 2933 336 2997 Humida
351 2956 431 2997 saxa
445 2956 545 3018 super
559 2934 654 2998 viridi
670 2933 823 2998 stillantia
837 2956 967 2999 musco:

123 3047 173 3094 950
194 3036 240 3101 Et
255 3037 372 3120 partim
386 3035 484 3120 plano
500 3047 625 3103 scatere
641 3047 740 3122 atque
755 3058 927 3122 erumpere
942 3057 1066 3119 campo.

232 3137 386 3203 Necdum
399 3160 453 3202 res
468 3136 541 3222 Igni
557 3140 683 3203 scibant
698 3150 850 3215 tractare,
864 3160 925 3203 nec
939 3138 988 3200 uti

189 3239 347 3317 Pellibus,
364 3250 398 3304 et
412 3240 532 3324 Spoliis
549 3263 668 3325 corpus
684 3242 802 3306 restire
818 3241 978 3305 ferarum:

188 3343 257 3407 Sed
272 3341 429 3418 Nemora,
445 3352 543 3425 atquc
558 3364 655 3407 cavos
671 3341 829 3418 Monteia,
846 3340 1026 3424 Sylvasque
1041 3339 1202 3420 colebant,

82 3614 84 3619 ·
102 3585 156 3643 bus,
174 3585 255 3650 pomis
272 3584 438 3648 sylvestribus,
457 3592 483 3633 et
502 3583 557 3634 aliis
575 3587 639 3648 ejus·
707 3585 763 3633 928.
781 3583 853 3648 Labi]
865 3585 946 3635 Labe:
963 3584 998 3634 sic
1005 3589 1079 3648 porti,
1087 3588 1144 3644 tabi,
1153 3588 1211 3649 igni,

103 3649 169 3698 modi
186 3649 306 3698 fructibus
321 3650 452 3714 placabant
470 3649 566 3698 famem.
600 3651 641 3698 Ad
674 3658 720 3698 etc

102 3715 236 3763 sedandam
258 3715 325 3763 sitim
347 3714 416 3763 fluvii
442 3714 569 3778 fontesque
596 3731 641 3764 suo
707 3715 762 3763 930.
782 3713 937 3776 Tractatum]
951 3714 1008 3774 Alii,
1021 3718 1157 3764 tolerabant.

103 3795 229 3828 murmure
245 3781 372 3836 vocabant,
390 3795 413 3827 v.
435 3781 458 3827 8.
497 3779 573 3828 Nulla
591 3779 641 3828 illis
706 3781 762 3828 932.
791 3777 909 3842 Mols'rr'sr]
930 3779 994 3828 Aliis
1016 3795 1066 3829 non
1089 3779 1209 3845 displicet,

103 3844 256 3902 vestimenta,
267 3844 342 3893 nullas
352 3844 452 3899 domus:
469 3843 639 3908 procellarum,
671 3847 790 3893 mollirier.

102 3908 247 3972 frigorisque
258 3909 309 3956 vim
320 3908 483 3958 defendebant
493 3909 576 3972 sylva,
587 3910 637 3958 fru-
705 3911 760 3958 945.
794 3908 931 3972 Clarics'tat]
959 3909 1078 3969 Advocat,
1106 3909 1208 3965 invitatr

102 3972 326 4030 rioeaetantra,v.
340 3974 362 4020 ὃ.
392 3973 565 4036 Nullaelegesr
583 3974 638 4023 nul·
672 3985 698 4022 et
724 3975 776 4022 hac
804 3974 927 4024 Simeonis
955 3974 1039 4038 Boysii
1070 3976 1211 4036 conjectura

102 4036 153 4086 lum
164 4052 293 4086 commune
306 4039 412 4093 bonumr
429 4037 546 4087 vivebant
560 4049 638 4151 rapto,
673 4038 741 4100 (nam
752 4039 858 4101 quidam,
870 4043 932 4089 clara
943 4043 1003 4088 citat
1014 4042 1046 4088 ad
1061 4056 1092 4097 se,
1105 4039 1144 4087 vsl
1160 4041 1209 4087 clo·

102 4111 128 4175 et
141 4101 286 4175 promiscua
309 4102 405 4176 itenere
427 4101 497 4177 (nam
516 4101 551 4178 ri,
570 4104 639 4178 ban·
672 4106 721 4151 rior
746 4104 845 4166 mortar)
875 4115 913 4154 est
942 4104 1030 4168 plausu
1058 4102 1208 4165 dignissima.

102 4165 639 4292 gztplpgvzutmpssnogighpglpgplzsvrgnpplriris,
674 4170 760 4282 Fuge&
788 4233 925 4296 Nortisogr']
947 4232 1039 4282 Melius
1061 4245 1134 4294 quam
1155 4235 1210 4278 sota

102 4294 173 4355 runt)
185 4295 323 4353 utebantur,
334 4310 357 4344 v.
371 4298 393 4344 8.
672 4301 744 4361 oagb.

773 4375 791 4409 rr
804 4378 820 4408 n
