2872 4852
223 231 266 294 28
605 223 648 288 Τ.
680 219 950 286 LUCRETII

354 382 519 465 Principio
534 381 685 464 quoniam
700 377 823 462 duplex
841 388 957 441 natura
972 376 1109 441 duarum

245 499 293 546 555
312 483 486 551 Dissimilis
501 505 610 547 rerum
623 482 719 567 longe
733 492 883 547 constare
898 490 1030 564 reperta
1044 480 1096 556 ’st,

312 589 467 672 Corporis
484 597 581 671 atque
599 587 692 664 Loci,
709 607 761 650 res
777 585 891 668 inquo
907 605 1045 667 quaeque
1059 592 1233 666 geruntur3

310 691 396 755 Esse
412 701 582 774 utramque
599 690 661 754 sibi
674 711 734 774 per
749 711 796 765 55,
812 706 991 771 puramque
1007 707 1140 750 necesse
1156 685 1210 749 ’stt

309 792 397 857 Nam
412 790 606 876 quiscunque
622 802 715 856 vacat
730 790 890 874 Spatium,
905 789 994 873 quod
1009 788 1109 852 Inane
1125 808 1294 864 vocamus3

311 896 447 959 Courus
461 893 501 959 55
516 917 581 958 non
596 905 664 959 est:
688 891 754 978 quit
768 915 867 978 porro
883 914 1011 976 cunque
1026 902 1116 956 tenet
1132 913 1166 955 se

246 1011 294 1056 515
311 999 452 1082 CorpuS,
468 996 508 1061 55
522 1020 659 1062 vacuum
674 1018 879 1080 nequaquam
893 1004 1020 1059 constat
1035 993 1147 1059 Inane.

312 1101 396 1164 Sunt
411 1101 509 1184 igitur
525 1100 648 1178 Solida‚
664 1122 702 1164 ac
719 1101 787 1164 sine
803 1099 896 1162 Inani
911 1098 1058 1182 Corpora
1071 1098 1184 1182 prima.

354 1201 531 1278 Praeterea,
548 1203 698 1285 quoniam
714 1202 832 1286 genitis
847 1201 880 1264 in
894 1201 994 1265 rebus
1011 1199 1110 1264 Inane
1127 1200 1177 1277 ’55,

310 1304 485 1368 Materiam
500 1305 621 1370 circum
637 1305 782 1370 Solidam
796 1314 945 1370 constare
961 1325 1094 1368 necesse
1111 1303 1168 1366 ’555

310 1405 384 1470 Ν55
400 1429 453 1471 res
469 1405 534 1471 ulla
548 1417 659 1491 potest
673 1429 750 1471 vera
764 1407 888 1471 ratione
902 1407 1036 1491 probari

246 1521 293 1567 515
312 1508 459 1594 Corpore
475 1508 576 1573 Inane
593 1533 652 1574 suo
666 1509 784 1587 celare,
800 1519 899 1593 atque
914 1510 1001 1572 intus
1017 1507 1154 1585 habere3

310 1611 437 1688 Sinon,
453 1612 543 1695 quod
559 1611 702 1687 cohibet,
719 1610 866 1675 Solidum
881 1622 1029 1676 constare
1044 1610 1218 1695 relinquas

309 1712 349 1776 Id
365 1735 464 1796 porro
477 1712 557 1775 nihil
571 1734 644 1776 esse
659 1722 780 1796 potest,
797 1713 859 1774 nisi
874 1711 1028 1776 Materiai

310 1813 499 1890 Concilium,
516 1815 605 1899 quod
621 1814 722 1878 Inane
738 1825 836 1897 queat
850 1836 959 1878 rerum
974 1813 1138 1878 cohibere.

309 1915 468 1980 Materies
483 1916 582 2000 igitur
597 1914 710 1980 Solido
725 1939 799 2000 quae
814 1939 951 2001 corpore
967 1927 1105 1994 constat,

246 2029 293 2075 555
312 2018 398 2082 Esse
413 2029 536 2083 aeterna
550 2028 671 2102 potest,
687 2040 761 2083 cum
775 2029 894 2084 caetera
909 2019 1137 2084 dissolvantur.

356 2120 445 2184 Tum
458 2142 557 2204 porro
572 2120 600 2183 si
614 2118 659 2183 nil
673 2131 771 2199 esset,
784 2122 875 2206 quod
889 2122 990 2186 Inane
1005 2132 1146 2198 vacaret,

312 2223 419 2287 Omne
435 2222 519 2286 foret
535 2222 702 2300 Solidum3
726 2224 788 2287 nisi
803 2234 916 2288 contra
931 2247 1068 2308 corpora
1083 2246 1170 2289 caeca

311 2325 445 2402 Essent,
460 2348 534 2408 quae
548 2324 620 2389 loca
635 2325 845 2410 complerent,
862 2349 1065 2411 quaecunque
1081 2336 1246 2391 tenerent:

269 2490 274 2498 ,
313 2428 432 2504 Omne,
448 2429 538 2512 quod
552 2439 614 2506 est,
632 2428 781 2512 Spatium
794 2451 932 2494 vacuum
947 2440 1110 2494 constaret
1125 2428 1237 2493 Inane.

247 2544 294 2590 555
312 2528 459 2595 Alternis
475 2531 573 2615 igitur
588 2531 736 2594 nimirum
752 2531 880 2616 Corpus
897 2531 990 2595 Inani

257 2750 312 2796 504.
340 2750 460 2810 Principia
485 2752 599 2811 quoniam,
619 2747 675 2811 ete]
706 2749 762 2797 Jam
794 2757 837 2811 gat
852 2750 925 2796 15555
941 2763 1012 2812 posse
1031 2747 1119 2796 luania
1134 2744 1282 2811 complecti?
1302 2747 1336 2794 115

223 2813 369 2873 probaverat
390 2814 439 2862 duo
461 2829 514 2862 5555
535 2829 617 2863 rerum
640 2813 764 2877 principia
795 2813 894 2860 demum
905 2829 928 2861 5.
942 2815 964 2860 2.
977 2823 1062 2861 mouet
1077 2813 1125 2862 ista
1140 2815 1215 2861 solida
1231 2812 1299 2860 nulla
1310 2811 1335 2859 vi

223 2877 350 2927 dissimilis
368 2893 468 2942 prorsus
488 2888 589 2936 nauuae,
612 2881 699 2940 Corpus
716 2877 762 2926 via
795 2877 904 2940 diffringi
925 2893 1005 2941 posse,
1027 2878 1131 2941 ideoque
1156 2876 1336 2926 indissolubilia

223 2951 250 2990 et
260 2944 349 2997 155555
365 2943 413 2992 ista
422 2959 481 2991 vero
491 2943 619 2992 dissimilia
629 2958 674 3006 per
685 2958 712 2991 se
723 2942 762 2991 vel
795 2957 849 2992 esse
861 2951 886 2990 55
897 2952 994 2990 aterna.

224 3023 239 3056 a
255 3022 282 3056 55
299 3007 405 3056 invicem
425 3016 537 3072 separata
556 3018 649 3065 mutuo,
668 3017 692 3055 et
712 3007 762 3055 dis-
829 3009 884 3054 518.
902 3007 1075 3070 1555555555]
1090 3008 1119 3056 ld
1133 3008 1211 3056 Inane
1227 3005 1292 3069 quod
1308 3005 1335 3053 in

224 3071 302 3120 tincta
312 3073 418 3120 existere
430 3073 484 3134 quis
501 3074 591 3136 neget?
612 3074 764 3135 Quocunque
796 3073 869 3120 rebus
885 3072 976 3135 genitis
992 3081 1030 3121 est
1046 3084 1074 3121 ut
1089 3090 1112 3122 v.
1131 3075 1186 3121 512
1222 3070 1342 3120 Gifanius

223 3136 289 3184 euim
300 3138 373 3186 15555
385 3146 429 3196 555,
440 3137 474 3185 ibi
485 3138 528 3200 qui
539 3137 599 3186 dicit
612 3140 699 3199 Corpus
710 3152 764 3185 esse
796 3136 857 3186 illud
869 3137 946 3185 Inane
956 3136 982 3185 iu
995 3153 1042 3200 quo
1053 3154 1093 3186 res
1104 3146 1223 3213 geruntur
1232 3136 1271 3185 vel
1281 3151 1334 3183 mo-

223 3201 328 3250 absurde
348 3201 446 3260 dixerit,
467 3211 492 3250 et
508 3201 561 3250 vice
580 3218 657 3250 versa
692 3201 764 3249 Unde
796 3210 898 3250 ventur:
923 3202 1034 3250 absurde.
1068 3203 1174 3259 Quidam
1195 3201 1271 3250 codd
1289 3216 1339 3265 pro

224 3265 363 3315 15155558.
392 3267 475 3316 Prima
484 3267 592 3330 Corpora
604 3265 712 3330 perfecte
723 3282 762 3314 so·
796 3284 872 3314 rerum
883 3266 975 3314 habent
986 3275 1076 3316 tectum.

224 3330 275 3382 lida
286 3340 312 3380 55
320 3332 394 3395 plena
405 3347 467 3388 esse,
476 3331 511 3380 ibi
522 3331 588 3379 enim
600 3330 711 3380 existunt
722 3331 764 3379 ubi
830 3333 884 3379 521.
905 3334 962 3380 Tam
976 3349 1051 3392 porro,
1069 3331 1126 3394 eta]
1139 3331 1204 3390 Alio,
1216 3349 1239 3381 5.
1253 3334 1284 3389 8.,
1295 3346 1334 3378 ar-

224 3396 320 3445 nullum
331 3406 368 3445 est
381 3397 466 3446 Inane.
796 3405 913 3461 gumento
925 3396 1073 3446 soliditatem
1084 3397 1262 3461 principiorum
1276 3411 1334 3444 oon-

257 3460 313 3511 507.
331 3464 382 3510 Siti
395 3478 439 3524 per
454 3459 490 3523 55]
506 3461 620 3511 Arbitror
636 3461 703 3510 istud
718 3464 765 3510 sibi
797 3462 891 3518 firman
909 3471 938 3510 ut
946 3462 1019 3520 euim,
1030 3463 1078 3512 nisi
1089 3464 1167 3511 Inane
1176 3463 1244 3520 foret,
1255 3463 1336 3509 Omns

220 3525 375 3588 iungendum
394 3541 447 3575 esse
466 3541 523 3574 eum
542 3544 574 3584 55,
593 3527 627 3575 uti
650 3527 765 3576 dicebant
797 3527 874 3590 (quod
890 3527 949 3575 olim
965 3529 1097 3577 absurdum
1113 3544 1167 3576 5555
1183 3528 1335 3576 demonstra-

223 3606 286 3641 55555
296 3594 359 3648 mibi,
371 3598 424 3639 55555
436 3593 551 3648 51555555
561 3595 614 3648 sibi,
622 3601 668 3640 eto.
677 3608 723 3655 pro
734 3608 764 3640 eo
797 3592 876 3654 verat)
894 3601 958 3644 esset
976 3593 1092 3642 Plenum:
1114 3593 1149 3641 sic
1166 3592 1213 3641 uisi
1232 3592 1336 3641 Plenum

223 3654 265 3716 qui
282 3655 389 3705 maxime
405 3655 527 3719 proprius,
539 3667 564 3704 et
581 3654 708 3706 1555155555
724 3673 762 3705 es·
795 3657 894 3719 aliquod
905 3657 974 3714 foret,
987 3657 1091 3720 ideoque
1101 3657 1209 3721 perfecte
1222 3656 1334 3711 solidum,

223 3727 274 3766 set:
293 3720 430 3784 exemplae
443 3720 530 3769 Plauto
542 3730 568 3769 et
578 3720 696 3768 Terentio
712 3720 763 3784 peti
796 3721 886 3769 Totum
897 3737 1041 3784 quacunque
1052 3731 1122 3786 patet
1137 3722 1279 3771 universum
1297 3736 1335 3768 es-

223 3794 333 3847 possunt.
361 3788 445 3834 Faber.
797 3795 835 3835 set
845 3785 953 3850 spatium
966 3786 1051 3845 inane,
1063 3787 1127 3850 quod
1140 3785 1335 3836 nonminusin-

246 3851 311 3897 512.
333 3852 459 3908 Promea,
482 3853 594 3912 quoniam,
615 3848 671 3911 eta]
691 3850 722 3898 V.
741 3850 763 3901 7.
797 3865 932 3913 congruum
943 3860 969 3899 55
981 3852 1120 3901 absurdum.
1150 3853 1208 3900 Huc
1224 3858 1337 3915 spectant

223 3914 340 3978 supponit
348 3914 375 3962 in
383 3916 456 3963 rebus
466 3915 593 3972 concretis,
603 3930 663 3976 quas
672 3918 765 3977 genius
797 3915 900 3978 Epicuri
910 3917 984 3964 verba
992 3918 1058 3979 apud
1067 3917 1226 3966 Plutarchum
1235 3916 1267 3964 de
1278 3914 1334 3961 Pla-

224 3989 300 4035 vocat,
313 3979 381 4027 varia
391 3979 496 4044 spatiola
509 3979 599 4027 luania
612 3978 763 4036 intermistar
797 3979 853 4028 citis
870 3979 960 4028 Philos.
972 3980 1014 4030 lib.
1029 3982 1049 4030 1.
1061 3998 1114 4047 cap
1130 3985 1155 4030 5.
1173 3981 1210 4030 555
1227 3977 1255 4027 δέ
1269 3979 1337 4026 ἐστιν

224 4053 249 4090 55
260 4053 312 4093 tum
324 4043 408 4106 adjicit
419 4046 530 4108 Corpora
563 4044 632 4101 rima,
645 4058 689 4092 seu
705 4043 763 4092 sim·
797 4043 892 4104 5555555,
904 4042 989 4107 cacis
1004 4045 1166 4109 aalydptorr
1177 4044 1289 4105 στοιχεῖα
1299 4041 1336 4088 dri

223 4107 303 4172 plicia,
323 4124 375 4157 5555
392 4109 501 4172 perfecte
521 4060 612 4158 solida:
636 4109 764 4172 congeries
797 4107 862 4167 5555,
875 4108 914 4158 καὶ
926 4108 972 4158 555
983 4113 1028 4159 τοῦ
1038 4113 1108 4160 κενοῦ
1119 4107 1270 4172 διοριζόμενα.
1301 4106 1336 4153 Ut

224 4173 291 4223 enim
298 4171 401 4224 istorum
410 4173 560 4238 simplicium
569 4189 698 4238 corporum
709 4173 762 4222 ina·
796 4174 910 4222 emendat
922 4175 1070 4224 Gassendus.

224 4236 266 4288 nia
281 4237 325 4289 illa
339 4239 456 4295 consuet,
471 4248 497 4287 et
512 4239 571 4302 quid
589 4239 667 4288 Inane
683 4248 768 4302 potest
829 4241 884 4287 522.
904 4238 984 4302 Coeo]
1003 4243 1079 4298 certa,
1097 4238 1201 4296 rectius3
1225 4248 1253 4286 ut
1271 4247 1295 4286 et
1312 4255 1335 4286 5.

224 4301 349 4352 continere
360 4313 450 4367 praeter
461 4304 575 4363 solidum,
585 4297 632 4353 nisi
644 4303 699 4367 quia
715 4304 761 4352 fin·
797 4303 852 4355 527.
