2872 4852
223 231 290 296 004
389 326 392 330 .
603 230 647 296 r.
680 226 952 294 50055555

246 399 294 446 950
309 388 422 471 Atque
437 409 498 472 per
514 396 695 471 argentum,
712 408 786 451 cum
801 384 918 470 pocula
934 383 1030 469 plena
1046 393 1204 450 tenemus.

310 488 464 574 Denique
478 511 538 574 per
553 488 701 573 dissepta
716 489 886 553 domorum
898 508 997 552 saxea
1012 497 1109 552 voces

310 591 523 669 Pervolitant,
539 600 708 675 permanat
724 590 831 667 Odos,
847 588 1042 673 Frigusque,
1059 587 1242 674 vaposque

310 683 419 779 ignis:
443 694 522 778 quin
536 693 630 758 Ferri
644 715 775 777 quoque
790 693 853 756 vim
867 701 1041 776 penetrare
1058 692 1174 768 suevit,

310 795 466 879 Undique
481 818 547 880 qua
561 795 683 860 circum
696 817 816 880 corpus
831 793 931 858 lorica
947 799 1095 872 coercet,

151 945 154 953 .
245 911 293 958 955
309 898 464 962 Morbida
479 898 526 961 vis
540 919 744 982 quoecunque
759 897 963 961 extrinsecus
979 896 1172 960 insinuatur.

310 999 357 1064 Et
372 1010 582 1085 tempestates
597 1010 687 1064 terra
701 999 850 1083 coeloque
866 1009 987 1064 coortae

310 1103 342 1167 Ε
358 1102 441 1168 50010
457 1095 572 1167 emotae
588 1112 740 1186 terraque
756 1112 892 1185 repente
908 1100 1085 1177 facessunt,

310 1205 587 1289 Quandoquidem
602 1203 682 1267 nihil
696 1213 758 1281 est,
774 1227 839 1268 non
854 1226 927 1268 raro
943 1225 1080 1287 corpore
1096 1225 1225 1267 nexum.
1260 1266 1263 1272 ,

353 1307 431 1372 Huc
447 1307 584 1384 accedit,
599 1307 648 1371 uti
663 1328 728 1369 non
743 1306 859 1383 omnia,
876 1328 950 1389 quae
961 1305 1128 1390 jaciuntur

245 1421 293 1469 060
309 1410 457 1494 Corpora
471 1432 599 1493 cunque
616 1410 657 1472 ab
671 1410 783 1486 rebus,
798 1409 914 1473 eodem
929 1407 1068 1491 praedita
1084 1428 1193 1484 sensu,

310 1510 422 1596 Atque
438 1513 553 1576 eodem
567 1522 665 1595 pacto
681 1512 780 1575 rebus
796 1510 860 1574 sint
876 1510 1025 1574 omnibus
1040 1520 1127 1593 apta.

310 1614 487 1698 Principio,
503 1613 652 1690 Terram,
668 1612 726 1678 Sol
741 1613 905 1696 excoquit,
922 1623 954 1676 et
970 1610 1046 1676 facit
1062 1634 1136 1676 are:

309 1715 358 1779 At
371 1715 507 1799 glaciem
520 1713 678 1792 dissolvit,
695 1724 729 1778 et
743 1714 816 1779 altis
830 1707 994 1778 montibus
1009 1713 1073 1778 alte

310 1817 507 1881 Exstructas
523 1817 672 1900 ningueis
688 1817 787 1880 radiis
803 1817 972 1880 tabescere
987 1817 1074 1900 cogit
1087 1842 1095 1895 ;

244 1932 292 1980 905
309 1919 462 2003 Denique
477 1940 551 1983 cera
565 1917 716 2001 liquescit
730 1919 764 1980 in
777 1918 849 2003 ejus
864 1917 960 2002 pbsta
976 1940 1107 2002 vapore,

309 2024 399 2108 Ignis
415 2023 492 2087 item
506 2019 664 2105 liquidum
678 2020 756 2086 facit
770 2043 827 2098 aes,
844 2043 1023 2105 aurumque
1039 2019 1189 2086 resolvit:

309 2124 357 2189 At
372 2125 470 2201 coria,
487 2134 521 2189 et
535 2144 665 2188 carnem
680 2123 791 2201 trabit,
808 2133 842 2187 et
857 2122 1010 2188 conducit
1025 2124 1058 2186 in
1073 2145 1184 2188 unum.

308 2227 439 2292 Humor
454 2249 548 2311 aquae
563 2247 662 2311 porro
676 2224 798 2289 ferrum
812 2225 972 2289 condurat
986 2226 1028 2290 ab
1043 2225 1122 2310 igni,

308 2327 357 2395 At
371 2329 469 2405 coria,
485 2339 519 2394 et
534 2350 663 2393 carnem
677 2325 778 2392 mollit
793 2327 910 2392 durata
925 2325 1050 2392 calore:

203 2608 205 2612 ³
255 2555 310 2603 954.
329 2557 433 2616 Undique
445 2557 587 2616 0005155005
600 2570 688 2616 corpur,
700 2551 757 2616 005]
791 2552 1333 2616 005150150055505111050050015000,11050105

224 2617 263 2666 105
274 2619 404 2682 aliquando
417 2619 557 2676 Lambinus,
569 2619 615 2667 515.
628 2627 759 2682 penetrare
791 2622 826 2666 sir
853 2635 990 2680 quecunque
1017 2621 1158 2667 extrinsecus
1189 2622 1330 2668 0001505005.

221 2683 301 2732 500510
312 2684 350 2732 515
361 2683 471 2732 morbida
482 2682 573 2731 serrum
582 2699 611 2731 ea
622 2694 699 2746 parte,
712 2698 759 2744 qua
792 2683 857 2730 Nam
869 2691 1038 2746 tempestatem
1046 2686 1108 2741 coelo,
1121 2691 1210 2732 0055005
1221 2693 1332 2731 coortam

221 2755 291 2812 parte
297 2747 372 2796 lorica
380 2763 469 2810 corpus
476 2747 583 2810 undique
591 2747 684 2795 circum
691 2751 758 2795 50115-
792 2747 840 2795 Vel
851 2747 909 2795 ferri
921 2757 1008 2796 natura
1021 2746 1097 2805 timet,
1109 2747 1249 2810 circumque
1260 2748 1330 2797 fatis-

221 2821 274 2868 50ος
302 2813 392 2869 idest,
414 2812 513 2860 morbus
534 2811 607 2860 etiam
630 2811 759 2860 loricatum
791 2812 833 2860 cit.
867 2813 959 2861 Sensus
971 2812 1025 2869 erit,
1037 2813 1062 2860 vi
1074 2812 1226 2875 tempestatis
1237 2813 1331 2861 ferrum

222 2885 308 2933 tentat,
326 2884 351 2924 et
368 2875 483 2938 corripit:
507 2891 587 2937 nequo
603 2875 686 2932 lorica,
706 2891 760 2938 quae
791 2875 872 2939 ipsum
893 2876 981 2925 discuti
1002 2886 1027 2925 et
1043 2876 1160 2940 diffringi,
1180 2893 1230 2925 non
1247 2877 1331 2940 itaque

222 2939 411 2988 totumhominis
418 2955 507 3003 corpus
516 2940 577 3002 tegit
583 2950 609 2988 ct
616 2941 759 2999 circumdat,
791 2940 880 2988 debere
902 2950 1029 3005 tantopere
1046 2941 1135 2990 mirum
1152 2942 1230 2990 videri
1246 2942 1268 2990 si
1285 2958 1333 3006 per

221 3019 306 3053 arcere
320 3004 369 3054 vim
382 3014 407 3052 et
423 3019 521 3052 causam
537 3004 616 3052 morbi
633 3014 760 3053 externam
792 3020 865 3068 poros
883 3014 907 3052 00
929 3017 1024 3054 meatus
1044 3006 1126 3055 loricae
1144 3007 1209 3054 corio
1228 3007 1332 3055 munitat

221 3078 310 3144 potest,
323 3085 370 3132 quo
387 3068 468 3116 minus
484 3068 510 3116 in
526 3084 615 3132 corpus
631 3077 757 3132 penetret:
792 3068 901 3117 morbida
911 3069 955 3126 515,
965 3071 1016 3118 5150
1028 3072 1146 3134 pestilens
1158 3083 1183 3120 et
1191 3071 1280 3120 noxius
1289 3075 1332 3121 aiir

221 3149 248 3182 rn
260 3133 347 3182 iterata
356 3133 463 3182 editione
475 3132 594 3196 legitque
606 3138 691 3182 circum
703 3137 760 3182 corii
791 3134 936 3197 quandoque
947 3135 1092 3184 insinuetur.
1123 3136 1193 3184 Nihil
1204 3135 1292 3198 placet,
1305 3146 1333 3185 50

221 3203 299 3258 lorica,
312 3199 338 3247 id
349 3208 393 3257 est,
406 3215 454 3262 qua
464 3208 533 3262 parte
544 3197 662 3247 circulum
671 3207 696 3247 at
707 3214 759 3246 am·
792 3199 851 3262 quid
868 3199 955 3247 addam
973 3199 1015 3247 vix
1030 3200 1122 3256 habeo;
1140 3201 1198 3264 quid
1215 3201 1282 3249 enim
1299 3202 1331 3250 de

221 3264 299 3313 bitum
313 3263 380 3323 corii,
392 3263 457 3326 quod
472 3262 554 3312 loricoe
570 3263 724 3328 supponitur,
736 3273 761 3312 et
793 3267 888 3313 loricato
906 3264 1042 3323 Lucretius,
1063 3264 1117 3326 quis
1136 3265 1201 3313 enim
1222 3281 1332 3328 unquam

221 3330 355 3391 subjicitur,
363 3332 465 3378 0005500.
482 3328 602 3387 Gifanius,
610 3332 653 3377 5011
660 3333 758 3378 circum:
791 3327 923 3377 crediderit
932 3328 981 3377 vim
991 3329 1126 3379 morbidam
1138 3330 1223 3378 militis
1234 3330 1332 3379 loricati

220 3394 269 3442 coli
281 3406 362 3443 autem
374 3394 454 3443 circus
465 3393 517 3443 sive
529 3393 642 3450 circulus,
652 3403 689 3443 est
700 3410 758 3458 pec·
791 3393 891 3442 loricam
900 3397 1047 3457 penetraret
1060 3394 1119 3456 quid
1127 3394 1265 3458 insuperde
1274 3396 1330 3444 coeli
1362 3428 1365 3431 -

222 3467 269 3515 tus,
281 3468 374 3516 venter,
387 3472 412 3507 ct
428 3459 517 3515 latera3
535 3459 575 3507 501
591 3459 674 3522 potius
687 3463 759 3508 colobi
791 3459 903 3507 ambitui
929 3474 1008 3521 nugae,
1025 3459 1075 3507 imo
1092 3459 1161 3507 nihil.
1188 3459 1268 3522 Igitur
1284 3476 1332 3523 pro

221 3526 314 3582 circam,
333 3539 389 3571 nam
402 3526 511 3572 colobium
527 3523 650 3572 ambiebat
664 3533 758 3588 pectus,
791 3523 902 3572 morbida
919 3523 955 3573 vis
972 3523 998 3571 in
1015 3538 1037 3573 5.
1056 3525 1111 3572 955.
1128 3525 1224 3588 legatur
1232 3522 1332 3586 fervida

221 3586 262 3635 cui
279 3590 362 3636 colobio
380 3586 541 3637 inducebatur
558 3588 659 3651 insuper
675 3588 757 3636 lorica.
790 3592 831 3642 015,
849 3598 875 3636 00
890 3597 942 3637 tum
960 3588 1034 3651 plana
1049 3599 1121 3637 erunt
1137 3588 1219 3638 omnia
1231 3597 1256 3636 et
1272 3605 1330 3653 per-

222 3650 362 3709 Salmasius,
388 3652 468 3715 Epist.
493 3655 531 3700 52.
560 3652 594 3700 ita
616 3652 757 3702 constituit:
791 3652 1037 3716 spicua,saepeenim
1053 3653 1148 3702 loricati
1159 3653 1257 3711 milites,
1270 3655 1332 3704 dum

221 3717 348 3763 Permanet
356 3717 416 3772 odos,
421 3715 552 3780 frigusque,
562 3734 673 3778 vaposque
685 3720 758 3780 Ignis,
792 3718 876 3766 urbem
894 3728 1043 3781 expugnant,
1061 3718 1123 3782 pice,
1141 3719 1266 3782 sulphure,
1284 3735 1331 3769 seu

221 3779 262 3843 qui
269 3777 333 3840 ferri
341 3796 426 3841 quoqtoe
434 3784 478 3828 ot'm
488 3789 609 3842 penetrm
620 3782 699 3839 551011,
710 3783 758 3828 Dc·
791 3796 853 3844 aqua
862 3781 971 3830 fervente
981 3783 1075 3846 aspersi
1084 3784 1132 3832 vim
1142 3783 1259 3832 fervidam
1269 3783 1330 3832 lori-

221 3848 296 3906 rique,
319 3861 365 3905 qua
390 3847 476 3892 circum
497 3845 553 3892 coeli
581 3848 651 3894 105055
673 3847 759 3894 5015500
791 3862 832 3895 cas
844 3862 900 3895 suas
913 3857 1083 3910 penetrantem
1094 3859 1231 3900 senserunt.
1267 3849 1332 3899 Haec

221 3911 331 3958 Morbido
347 3911 381 3956 015
397 3924 529 3971 quocunque
544 3913 685 3957 extrinsecus
700 3913 758 3958 1551-
791 3911 883 3975 optime
905 3912 1055 3961 conveniunt
1079 3913 1282 3978 precedentibus,
1305 3924 1333 3964 et

222 3981 316 4022 555005.
356 3972 483 4021 Postremo
502 3972 589 4036 inquit,
607 3989 758 4037 quacunque,
791 3985 922 4038 sequentes
932 3991 1018 4026 versus
1034 3978 1095 4026 mihi
1111 3978 1195 4028 videor
1206 3989 1273 4027 recte
1286 3995 1331 4029 ex-

223 4053 271 4102 qua
287 4036 378 4085 circum
395 4036 451 4084 coeli
466 4037 542 4086 lorica
553 4041 654 4096 coe'rcet,
672 4038 697 4086 id
714 4049 759 4098 est,
791 4040 890 4105 plicare.

223 4104 269 4154 sub
279 4101 335 4150 coeli
352 4101 467 4164 tegmine,
480 4102 525 4160 vel,
537 4111 565 4150 ut
575 4102 641 4161 alibi,
653 4118 701 4166 qua
714 4119 759 4153 nos
825 4104 880 4155 957.
900 4105 1039 4168 Facessant]
1061 4107 1205 4165 Discedunt,
1229 4109 1331 4158 Lambi-

224 4167 279 4216 coeli
290 4167 367 4216 ambit
378 4165 489 4226 amictus,
501 4166 611 4216 morbida
623 4167 660 4216 vis
671 4183 757 4232 corpo·
792 4185 852 4224 nus;
873 4169 978 4228 mallem,
995 4182 1132 4233 penetrant,
1151 4183 1176 4221 et
1192 4174 1333 4236 pervadunt

223 4233 291 4282 ribus
303 4232 448 4282 insinuatur.
483 4232 561 4281 Faber
578 4233 683 4290 tandem,
698 4237 760 4285 Quin
792 4234 880 4282 omnia.

216 4295 280 4359 serrt'
288 4314 373 4361 quoquc
382 4301 427 4346 vim
435 4305 557 4359 penetrare
568 4299 641 4346 501010
654 4300 759 4361 Undique
825 4299 879 4346 965.
892 4301 920 4345 In
932 4298 993 4360 rjus]
1006 4299 1064 4359 Alii,
1077 4304 1101 4348 in
1113 4305 1183 4364 ignis·
