2872 4852
214 238 258 302 84
521 246 542 301 ,’
561 228 642 299 “·“Τ,
667 225 941 293 'LUCRETII
1007 234 1018 244 ”

238 405 287 451 420
307 389 354 453 Et
369 388 426 473 qui
439 396 664 471 compungunt
679 385 791 462 aciem,
807 383 1050 468 lacrymareque
1065 387 1204 466 cogunt:

303 490 376 556 Aut
390 488 480 554 foeda
496 488 605 574 specie
620 487 707 565 tetri,
723 497 903 571 turpesque
918 484 1079 548 videntur.

305 593 421 658 Omnis
437 592 522 655 enim
536 612 651 655 sensus
666 611 741 673 quae
754 587 873 652 mulcet
889 609 998 664 causa,
1010 587 1182 671 juvatque,

307 694 410 760 Haud
427 695 494 757 sine
510 690 699 776 Principiali
713 690 822 774 aliquo
835 689 952 753 laevore
968 698 1078 753 creata
1091 687 1151 752 'stt

307 797 355 862 At
370 808 494 873 contra,
511 815 714 879 quaecunque
729 791 875 869 molesta,
892 802 990 875 atque
1005 813 1124 875 aspera
1136 799 1276 866 constat,

244 914 292 960 425
309 901 390 964 Non
405 899 513 982 aliquo
529 898 597 962 sine
614 895 765 960 Materiae
780 895 931 979 squalore
945 905 1076 979 reperta
1091 895 1142 961 ’st.

353 1002 438 1065 Sunt
451 1001 548 1065 etiam
563 1022 636 1086 quae
647 999 716 1082 jam
730 1019 790 1062 nec
808 996 919 1060 Laevia
928 997 1004 1081 jure
1019 1007 1178 1081 putantur

310 1105 408 1180 Esse,
425 1123 530 1186 neque
546 1101 676 1165 omnino
690 1098 783 1162 flexis
798 1099 1006 1162 mucronibus
1022 1097 1138 1163 Unca:

310 1206 378 1271 Sed
393 1207 495 1290 magis
511 1201 686 1288 Angululis
700 1199 845 1285 paullum
859 1203 1094 1285 prestantibus,
1109 1212 1143 1265 et
1157 1224 1232 1286 quae

308 1309 457 1374 Titillare
471 1307 573 1392 magis
591 1327 717 1382 sensus,
732 1326 829 1389 quam
846 1303 986 1369 Laedere
1001 1314 1158 1388 possunt;

241 1427 293 1472 sao
309 1411 441 1477 Faecula
451 1412 520 1496 jam
534 1430 600 1493 quo
615 1408 657 1471 de
672 1429 792 1492 genere
807 1406 857 1483 'st,
873 1404 1040 1488 Inulaeque
1056 1428 1201 1490 sapores.

310 1515 463 1597 Denique
474 1513 543 1597 jam
558 1509 680 1577 calidos
696 1509 817 1593 Igneis,
833 1507 1039 1592 gelidamque
1056 1508 1222 1586 Pruinam,

310 1614 468 1680 Dissimili
483 1614 617 1679 dentata
631 1612 728 1676 modo
742 1633 961 1695 compungere
976 1632 1091 1677 sensus

311 1718 479 1801 Corporis,
494 1715 614 1779 indicio
629 1714 722 1777 nobis
737 1724 788 1778 est
803 1713 930 1777 Tactus
944 1723 1094 1797 uterque.

354 1819 493 1883 Tactus
509 1818 605 1896 enim,
621 1815 746 1881 Tactus
763 1814 837 1900 (pro
851 1813 974 1881 Divrim
988 1810 1120 1879 numina
1133 1817 1258 1901 sancta)

227 2035 309 2085 Pascit
324 2052 399 2086 amare
415 2039 493 2088 avide
509 2039 600 2085 tatiane
616 2040 641 2085 in
658 2044 687 2094 tc,
705 2037 765 2094 Dea,
797 2045 891 2100 uterque
904 2037 950 2098 (ita
964 2035 1035 2101 legit)
1047 2034 1144 2093 dicitur,
1156 2031 1338 2098 metonymicsis

226 2106 294 2149 visua
323 2101 469 2150 Terentius:
490 2105 604 2150 Restabat
621 2104 682 2151 nihil
700 2103 766 2148 aliud
796 2116 841 2164 pro
864 2105 999 2164 utriusque:
1027 2102 1176 2150 Gassendus.
1210 2099 1260 2148 Sed
1278 2098 1338 2163 plus

226 2171 272 2214 nist
283 2181 384 2229 pascere
395 2169 476 2215 oculos.
796 2169 892 2214 dentata
914 2167 1048 2229 significan
1073 2165 1167 2214 semina
1185 2164 1251 2213 enim
1269 2162 1338 2226 ignis

259 2233 315 2279 425.
328 2231 450 2295 Squabre]
463 2231 566 2294 Squalor
577 2230 676 2295 proprie
693 2245 763 2293 aspa·
796 2240 948 2294 compungunt
956 2247 1063 2288 sensum,
1075 2231 1178 2293 ideoque
1190 2244 1290 2277 necesse
1300 2237 1339 2276 ast

226 2295 286 2344 ritas
298 2306 342 2354 est,
354 2295 436 2360 itaque
445 2297 521 2345 vestis
532 2312 591 2344 auro
604 2305 628 2345 et
640 2293 716 2358 signis
725 2309 764 2342 aa·
798 2296 900 2359 angulos
907 2296 1024 2358 quosdam
1030 2296 1261 2344 habeantextantea.
1279 2291 1337 2341 Fri-

226 2364 399 2424 perasqualcua
407 2379 463 2410 auro
472 2361 568 2420 dicitur,
578 2360 665 2423 virgil.
679 2359 765 2406 Faber.
798 2376 845 2423 gua
856 2361 887 2409 ad
898 2360 1001 2422 figuram
1012 2360 1156 2423 trigonicam
1168 2374 1212 2407 seu
1228 2356 1337 2423 pyrami-

229 2425 304 2474 Haud
314 2428 510 2490 operaepretium
518 2442 618 2475 monere
629 2426 656 2472 in
666 2423 764 2488 quibus·
799 2425 887 2482 dalem,
899 2441 953 2488 quae
964 2425 1081 2473 nimirum
1089 2433 1184 2473 constat
1194 2439 1226 2472 ex
1234 2432 1341 2486 quatuor

228 2490 283 2538 dam
296 2491 365 2539 codd.
377 2491 435 2539 huic
446 2491 527 2540 versui
539 2490 661 2553 subJ'ungi,
674 2492 708 2537 At
716 2504 766 2550 quc
799 2489 907 2538 faciebus
917 2489 1113 2552 triangularibus,
1123 2488 1250 2552 Epicuro,
1255 2487 1339 2537 refert.

228 2557 286 2603 aas
297 2564 320 2604 et
336 2564 371 2604 est
380 2557 485 2618 jucundo
499 2560 601 2618 predita
617 2572 691 2612 sensu,
708 2554 769 2601 Haec
800 2554 900 2602 Etenim
914 2555 940 2602 in
952 2555 1032 2618 Epist
1044 2555 1076 2602 ad
1093 2553 1234 2617 Pythoclem
1251 2550 1342 2616 glaciei

228 2623 727 2683 aliquosiaeaemintogravtorecreataest.
751 2624 754 2630 '
800 2635 898 2667 causam
915 2613 1047 2678 declarans,
1063 2619 1116 2667 fieri
1129 2634 1183 2667 eam
1199 2618 1267 2677 dicit,
1284 2618 1340 2666 κατ’

262 2685 317 2732 426.
335 2687 395 2732 Sunt
410 2689 479 2733 etiam
490 2702 540 2747 quc
550 2685 611 2747 jam,
624 2681 680 2746 etc]
699 2683 766 2737 Quo·
801 2682 909 2746 ἔκθλιψιν
924 2681 970 2743 μὲν
984 2686 1028 2732 τοῦ
1045 2684 1184 2747 περιφεροῦς
1199 2697 1340 2744 σχηματισ-

228 2746 296 2796 niam
316 2757 374 2796 sunt
390 2748 500 2810 quaedam
517 2750 618 2810 obJecta‚
636 2764 690 2811 quae
710 2762 766 2795 scn-
800 2750 846 2810 μοῦ
855 2749 882 2796 ἐκ
888 2750 933 2796 τοῦ
941 2749 1032 2806 ὕδατος,
1041 2746 1143 2797 σύνωσιν
1152 2745 1178 2796 δὲ
1186 2747 1235 2796 τᾶν
1244 2755 1340 2805 crena*

229 2828 271 2861 sua
294 2828 385 2875 organa
407 2828 452 2861 nec
474 2828 574 2924 prorsus
601 2813 717 2869 lacerant,
740 2819 768 2858 ut
800 2816 852 2870 νῶν,
863 2812 902 2861 καὶ
911 2812 1042 2874 ὀξυγωνίων
1050 2816 1099 2861 τῶν
1110 2814 1136 2861 ἐν
1144 2813 1179 2874 ati
1187 2812 1254 2861 tuan
1265 2813 1340 2874 ὑπερ·

229 2892 319 2943 amara,
337 2892 383 2924 nec
399 2876 435 2925 ita
445 2877 475 2924 de
486 2886 567 2924 ectant
580 2887 607 2925 ut
618 2876 706 2933 dulcia,
724 2875 768 2924 sed
800 2876 901 2939 χόντων,
915 2877 930 2935 ἡ
942 2877 1005 2926 κατὰ
1015 2876 1040 2926 δὲ
1052 2878 1098 2938 τὴν
1108 2876 1194 2938 ἔξωθεν
1205 2879 1251 2925 τῶν
1260 2874 1341 2925 rosod-

229 2940 331 2990 titillant
342 2940 424 3004 potius
436 2950 461 2988 at
471 2951 541 3004 grato
556 2942 639 2991 dolore
651 2941 767 2997 excitant,
800 2960 848 2990 των
858 2941 1004 3005 πρόσκρισιν,
1017 2951 1062 2990 etc.
1076 2945 1137 2990 Dum
1149 2944 1303 3003 exploduntur
1313 2957 1342 2989 ιε

228 3005 285 3054 ideo
296 3006 433 3070 putandum
445 3016 482 3054 est
494 3021 538 3055 nec
550 3022 650 3070 prorsus
661 3005 732 3054 laevia
744 3014 769 3053 et
801 3023 861 3070 aqua
873 3006 1163 3069 articularia(effectricia
1170 3005 1277 3068 Caloris)
1288 3022 1341 3055 cor·

230 3071 336 3121 rotunda
347 3087 430 3120 eorum
442 3070 535 3118 semina
548 3086 608 3129 esse,
619 3086 664 3118 nec
671 3071 769 3118 hamata
799 3074 904 3133 percule,
921 3079 1068 3120 coarctantur
1085 3089 1137 3120 acra
1153 3088 1203 3134 qua
1220 3075 1245 3118 ιἰι
1262 3072 1343 3119 cades

230 3145 256 3183 et
267 3151 361 3199 aspera,
370 3135 517 3198 sedangulis
528 3135 672 3197 quibusdam
682 3145 767 3182 exten·
802 3153 863 3198 aqua
878 3140 1025 3198 reperiuntur
1040 3140 1139 3193 scalena,
1152 3144 1175 3184 et
1190 3137 1343 3199 amtanguta.

230 3200 296 3249 tibus
306 3201 416 3264 figurata,
423 3200 458 3248 ita
465 3209 493 3248 ut
500 3200 652 3263 aliquatenus
660 3213 769 3262 pungere
802 3203 1341 3262 autdumeucarpusculaadectecanturestrta·

230 3265 334 3324 valeant,
347 3265 454 3314 lacerare
467 3265 630 3328 nonpossint,
643 3281 665 3313 v.
679 3266 700 3312 5.
802 3283 873 3324 secus,
882 3274 925 3314 etc.
939 3265 1032 3314 Eadem
1043 3265 1189 3314 Plutarchus
1200 3265 1226 3312 in
1236 3264 1302 3313 libro
1310 3264 1343 3315 de

263 3328 768 3394 430.lautaque]1taLambinusecodd.
802 3330 881 3394 primo
891 3330 987 3394 frigido.
1319 3378 1321 3382 ,

230 3411 286 3444 cum
301 3396 394 3458 vulgati
410 3396 502 3444 habent
517 3398 614 3458 vinique.
650 3392 769 3443 Horatius
835 3397 890 3443 434.
903 3398 950 3444 Pro
966 3398 1051 3444 Divum
1062 3399 1155 3443 numina
1166 3392 1259 3457 sumta]
1277 3394 1342 3445 Poe·

230 3459 294 3507 dixit
304 3477 396 3509 amaras
408 3462 684 3517 inulae,Erucaaoiridea
694 3457 770 3508 inulis
802 3460 857 3518 rice,
876 3475 926 3508 non
948 3460 1124 3524 philosophice,
1143 3469 1210 3509 certe
1221 3475 1271 3508 non
1288 3459 1343 3509 κατ’

230 3524 768 3651 ‘tttmttttd{ttttttttt'ttt
801 3523 1342 3653 dlliililllilili’dssliliam

312 3623 318 3634 ·
693 3624 699 3647 ι
748 3623 754 3635 ·
836 3625 841 3647 ι
1123 3626 1129 3648 ι

230 3650 271 3699 Ad
289 3660 381 3699 tactum
398 3652 496 3700 tandem
508 3653 583 3710 venit,
601 3664 626 3700 et
642 3653 709 3702 illius
725 3654 767 3702 oh-
802 3661 874 3716 agere
884 3670 963 3702 aevum
973 3655 1112 3703 credideris.
1123 3656 1209 3703 Faber.
1228 3653 1344 3702 Intonsi-

226 3715 293 3776 jecta
303 3715 465 3764 diversimode
477 3716 580 3778 figurata
593 3732 645 3765 esse
655 3717 733 3776 docet,
745 3733 768 3765 v-
802 3718 892 3775 derate,
904 3728 932 3766 ut
944 3728 969 3767 et
980 3719 1061 3767 omnia
1072 3719 1103 3767 de
1115 3729 1188 3768 tactu
1218 3718 1344 3782 Epiruma

233 3781 270 3828 18.
281 3780 338 3842 quia
347 3779 413 3827 calor
425 3788 450 3827 et
465 3779 542 3843 frigus
559 3796 649 3843 organa
666 3780 768 3832 diversi-
802 3783 862 3846 ipse,
870 3781 952 3843 ὅρκους
961 3781 987 3832 δὲ
995 3783 1119 3846 ὁρκισμοὺι
1127 3781 1221 3846 μυρίους
1226 3784 1278 3832 τοῖς
1284 3783 1341 3833 ἑαυ-

230 3843 301 3892 mode
318 3843 434 3891 afficiunt
469 3844 566 3892 Deinde
583 3855 673 3893 tactum
686 3847 769 3910 (quem
801 3848 846 3895 τοῦ
856 3846 962 3902 βιβλίοις
973 3846 1098 3910 ἐγγράφει,
1111 3847 1182 3908 tuate
1192 3867 1222 3897 τε
1233 3850 1345 3910 attextis

230 3906 347 3973 Epicurei
369 3907 441 3956 unice
459 3908 641 3956 admirabantur
659 3919 684 3958 et
702 3926 768 3960 ama·
802 3910 842 3959 καὶ
859 3910 901 3959 Md
915 3909 968 3970 Alc,
987 3912 1026 3961 nal
1043 3913 1080 3971 Νὴ
1097 3915 1150 3972 Δία,
1170 3914 1270 3976 ἐξαρκῶν
1285 3911 1344 3963 sote
1421 3955 1430 3973 ,

230 3974 300 4035 baut)
313 3982 338 4020 et
348 3971 457 4020 diversas
470 3972 537 4022 illius
548 3973 643 4037 species
654 3988 704 4022 non
716 3976 769 4024 sine
803 3972 1003 4037 ἐντυγχάνοντας,
1019 3978 1059 4027 καὶ
1073 3977 1131 4042 πρὸς
1142 3978 1182 4028 cte
1198 3975 1343 4037 διελέγοντο,

230 4037 347 4086 effusione
362 4036 466 4099 quadam
481 4037 564 4096 animi,
580 4047 604 4086 et
619 4038 769 4090 exultatione
801 4040 859 4103 epis
869 4043 917 4088 τῶν
928 4044 993 4090 θεῶν.
1027 4043 1084 4090 Vid.
1101 4042 1243 4100 Eusebium,
1262 4042 1345 4108 Prap.

230 4102 343 4166 explicat.
801 4105 896 4168 Evang.
909 4105 925 4152 l.
939 4105 1009 4155 xlv.
1023 4124 1043 4156 c.
1057 4107 1095 4158 27.
1118 4107 1247 4156 Lucretius
1258 4105 1345 4159 imita-

261 4169 317 4215 432.
329 4164 447 4229 Dentato]
457 4165 580 4230 Figurate,
591 4182 622 4215 ne
633 4176 705 4231 putes
718 4169 767 4218 Lu·
801 4180 842 4219 tur
859 4169 1001 4232 Epicurum,
1014 4171 1072 4220 inde
1088 4173 1140 4220 haec
1152 4169 1307 4230 exclamatio,
1318 4180 1347 4225 et

229 4231 333 4281 cretium
356 4231 419 4279 velle
441 4231 506 4344 ipnis
528 4240 623 4280 atomos
645 4233 769 4295 angulosa
802 4234 844 4282 illa
857 4233 927 4290 iufra,
941 4237 1003 4283 Nam
1016 4240 1075 4298 prot
1086 4245 1168 4287 sancta
1183 4240 1259 4288 Datim
1275 4243 1346 4289 tran.

229 4313 290 4356 esse,
307 4312 357 4346 non
369 4295 452 4345 orbicu
462 4295 511 4345 aris
528 4296 628 4359 figurae5
650 4307 675 4344 et
690 4314 769 4347 seusus
801 4301 875 4360 quilla
882 4305 976 4374 pectora
984 4317 1049 4373 pace,
1058 4309 1102 4349 etc.
