2872 4852
248 229 309 294 186
624 229 672 293 Τ.’
699 227 973 293 LUCRETlI

376 383 553 461 Praeterea,
571 384 673 447 omnis
691 384 798 461 Odos,
811 382 945 475 Fumus,
959 383 1086 468 Vapor,
1101 393 1201 470 atque
1213 383 1295 451 aliae
1309 406 1369 453 res

334 486 537 564 Consimiles,
553 487 629 550 ideo
644 485 773 550 diffusae
787 487 886 549 rebus
901 486 1082 563 abundant,

288 601 319 648 90
335 589 391 652 Ex
406 587 472 653 alto
487 589 563 673 quia
579 589 657 653 dum
672 589 805 652 veniunt
819 588 1013 652 intrinsecus
1029 598 1121 664 ortae,
1152 592 1154 597 ’

333 690 535 756 Scinduntur
549 713 609 775 per
623 693 685 754 iter
700 689 822 753 flexum
834 717 843 767 3
867 712 927 754 nec
943 701 1032 755 recta
1047 691 1171 755 viarum

334 793 431 857 Ostia
446 804 532 870 sunt,
550 815 615 876 qua
631 792 832 857 contendunt
847 793 936 856 exire
956 803 1095 858 coortae:

333 893 382 957 At
394 905 518 971 contra,
534 896 640 958 tenuis
656 894 771 958 summi
785 895 972 958 membrana
987 893 1113 959 Coloris

333 996 417 1060 Cum
427 998 559 1080 jacitur,
575 995 654 1060 nihil
668 1007 729 1070 est,
746 996 836 1080 quod
851 1017 922 1059 eam
938 997 1124 1081 discerpere
1139 997 1261 1081 possit,

285 1109 315 1156 95
336 1097 375 1162 In
389 1111 520 1183 promtu
536 1100 688 1183 quoniam
702 1099 743 1163 ’st
756 1099 790 1161 in
805 1099 908 1181 prima
922 1099 1030 1164 fronte
1044 1098 1160 1163 locata.

376 1200 558 1278 Postremo,
569 1203 602 1264 in
614 1198 775 1285 Speculis,
787 1200 820 1262 in
832 1199 943 1283 Aqua,
959 1201 1208 1285 splendoreque
1223 1202 1261 1266 in
1277 1205 1373 1268 omni

333 1302 548 1387 Quaecunque
564 1311 724 1387 apparent
738 1302 832 1365 nobis
849 1301 1029 1367 Simulacra
1043 1324 1178 1367 necesse
1194 1303 1248 1382 ’st,
1314 1354 1316 1359 .

334 1405 611 1489 Quandoquidem
627 1402 720 1468 simili
736 1405 843 1488 specie
860 1415 936 1467 sunt
951 1404 1090 1488 praedita
1105 1426 1238 1479 rerum,-

334 1506 419 1570 Esse
434 1508 467 1570 in
482 1508 675 1591 imaginibus
690 1505 795 1569 missis
811 1505 989 1569 consistere
1004 1528 1133 1570 eorum:

271 1617 317 1664 100
335 1607 424 1671 Nam
439 1631 496 1671 cur
511 1607 565 1671 illa
580 1607 699 1673 cadant
713 1606 826 1691 magis,
843 1608 885 1671 ab
900 1607 1066 1691 rebusque
1080 1607 1238 1674 recedant

333 1708 482 1792 Corpora
495 1731 549 1772 res
564 1708 673 1772 multae
688 1731 763 1792 quae
778 1710 910 1772 mittunt
925 1708 1072 1794 Corpore
1089 1720 1205 1793 aperto

336 1811 444 1883 Quam
459 1834 533 1895 quae
548 1811 658 1875 tenuia
674 1821 760 1888 sunt,
776 1810 926 1876 hiscendi
940 1812 980 1875 ’st
994 1812 1083 1876 nulla
1097 1821 1258 1896 potestas.

378 1912 463 1976 Sunt
476 1913 576 1996 igitur
591 1922 705 1978 tenues
721 1912 908 1990 formarum,
925 1913 1171 1996 consimilesque

336 2013 477 2098 Effigiae,
495 2014 679 2098 singillatim
694 2037 776 2100 quas
792 2037 925 2080 cernere
941 2037 1036 2080 nemo

273 2127 318 2175 105
338 2115 421 2182 Cum
436 2119 559 2202 possit;
583 2128 691 2182 tamen
705 2119 849 2195 assiduo,
866 2120 1047 2203 crebroque
1063 2117 1197 2202 repulsu

338 2219 498 2306 Peejeotae‚
515 2221 658 2286 reddunt
675 2219 889 2305 Speculorum
903 2242 946 2284 ex
960 2242 1092 2303 aequore
1107 2221 1228 2285 visum:

335 2323 410 2388 Nec
426 2325 549 2391 ratione
566 2324 628 2388 alia
644 2324 765 2388 servari
779 2344 877 2407 posse
892 2323 1044 2386 videntur

336 2425 537 2511 Tantopere,
552 2437 590 2491 ut
604 2425 722 2490 similes
737 2425 919 2489 reddantur
934 2425 1078 2508 quoique
1092 2422 1220 2508 figurae.

379 2528 479 2592 Nunc
495 2549 567 2613 age,
578 2549 680 2611 quam
694 2527 785 2591 tenui
799 2537 916 2591 natura
932 2534 1059 2611 constet
1075 2524 1212 2609 Imago„

282 2746 321 2792 88.
340 2746 465 2803 Praeterea,
477 2749 548 2794 omnir
561 2749 628 2805 Odor,
640 2745 696 2809 ete]
710 2746 790 2809 Supra
821 2745 913 2794 dudum
925 2745 1027 2801 herens,
1042 2742 1111 2806 quasi
1129 2742 1271 2791 membrana
1287 2757 1366 2807 sepa-

250 2824 273 2857 v.
287 2809 325 2866 66,
338 2808 377 2859 61.
395 2809 485 2868 docuit,
501 2813 629 2859 Simadana
639 2811 693 2872 jaci
709 2813 788 2858 ordine
820 2818 896 2866 ratur,
922 2818 947 2857 et
971 2808 1074 2873 appellit
1100 2807 1127 2855 in
1154 2805 1290 2870 speculum,
1320 2817 1368 2857 aut

250 2876 325 2921 eodem
340 2873 493 2935 Quosoerint,
504 2883 601 2922 ueterem
612 2883 635 2922 61
641 2875 724 2936 sormoe
738 2890 786 2922 aer·
821 2888 924 2935 aquam:
942 2873 1037 2921 notabis
1053 2881 1136 2920 autem
1152 2870 1262 2934 singulas
1277 2886 1367 2922 rerum

249 2941 418 3000 varefigaram.
447 2938 503 2985 lam
514 2954 537 2986 v.
551 2940 573 2986 8.
584 2939 691 2987 ostendit
702 2952 789 2986 senon
821 2937 947 3000 imagines,
965 2953 1018 2999 quae
1034 2937 1062 2984 in
1078 2935 1184 3002 speculis
1198 2935 1282 2984 autin
1297 2951 1366 2999 aqua

250 3000 334 3076 inepte
343 3001 404 3050 illud
413 3001 532 3061 docuisse,
542 3002 598 3050 ideo
608 3003 673 3050 enim
684 3002 789 3051 eundem
821 3011 955 3050 cernuntur
972 3017 1022 3050 non
1041 3017 1102 3050 unas
1119 3017 1180 3059 esse,
1200 3000 1244 3049 sed
1262 3001 1364 3060 multas,

250 3065 362 3114 ordinem
384 3076 490 3124 servant,
513 3067 628 3130 quoniam
650 3067 748 3115 avolant
775 3082 789 3115 a
821 3081 875 3128 quae
883 3066 937 3129 jugi
948 3066 1048 3130 repulsu
1060 3067 1091 3115 ad
1102 3066 1185 3128 oculos
1195 3067 1293 3127 rejecta
1311 3071 1365 3116 non'

250 3131 359 3195 corporis
384 3132 520 3195 superficie,
546 3132 612 3181 unde
640 3147 724 3180 omnes
750 3133 788 3178 66·-
821 3131 967 3194 plures,sed
980 3131 1049 3193 quasi
1065 3146 1115 3179 una
1130 3131 1211 3193 imago
1222 3129 1364 3180 videantur.

250 3199 416 3245 mulaclrrorum
431 3206 513 3261 partes
529 3213 597 3260 aeque
614 3196 685 3245 facile
701 3212 728 3245 se
745 3211 788 3244 ex·
823 3196 887 3244 Sane
899 3196 1051 3259 experientia
1062 3204 1182 3244 monstrat
1192 3194 1365 3258 imaginesex

251 3261 361 3325 pediunt,
374 3262 432 3312 inde
442 3278 487 3326 per
498 3263 579 3311 nullos
595 3270 697 3318 meatus,
710 3271 735 3310 et
750 3260 788 3308 vi-
820 3260 881 3325 ipsis
892 3276 968 3323 usque
979 3260 1121 3325 corporibus
1133 3260 1159 3308 in
1169 3259 1268 3323 specula
1278 3268 1362 3309 nans-

250 3341 321 3376 arum
329 3329 453 3378 anfractus
465 3327 583 3386 feruntur,
600 3335 628 3376 ut
645 3327 719 3386 Odor,
738 3327 787 3374 Fu·
821 3325 899 3380 mitti,
918 3326 1014 3388 quando
1030 3325 1079 3372 illis
1096 3325 1258 3389 prasentibus
1273 3324 1362 3388 appel·

251 3405 313 3450 mus,
335 3394 426 3456 Vapor,
447 3403 472 3440 et
491 3393 517 3441 id
534 3409 612 3456 genus
632 3392 680 3440 alia
699 3408 753 3455 quae
775 3408 788 3440 6
820 3390 875 3440 lunt
886 3390 912 3439 in
924 3391 1057 3454 speculum,
1074 3405 1102 3438 re
1119 3389 1232 3452 quapiam
1248 3388 1362 3452 interpo-

251 3469 333 3504 rermn
353 3458 463 3521 partibus
479 3457 637 3507 interioribus
655 3457 741 3516 fluunt,
764 3466 790 3505 et
821 3456 869 3505 sita
879 3471 894 3503 a
904 3470 1035 3520 progressu
1045 3454 1072 3502 in
1088 3454 1213 3517 speculum
1230 3462 1363 3509 arcenturr

251 3533 305 3567 earn
333 3522 365 3569 ob
388 3538 486 3572 causam
508 3522 609 3571 confusa
631 3522 741 3581 volitant,
764 3531 790 3570 et
822 3520 883 3570 acsi
898 3529 1043 3569 moveantur
1058 3534 1167 3583 corpora,
1186 3525 1317 3566 moventur
1338 3527 1365 3566 et

252 3582 368 3646 dispersa
821 3585 889 3643 isae,
910 3585 931 3634 si
953 3584 1114 3642 invertantur,
1137 3584 1311 3638 invertuntun
1341 3581 1364 3632 si

286 3649 325 3695 96.
343 3652 466 3708 Postremo,
481 3655 505 3697 in
519 3653 630 3711 Speculir,
645 3648 787 3712 etc.]Deni·
839 3650 954 3707 scenam,
964 3651 1068 3704 abeunt;
1083 3648 1105 3696 si
1114 3648 1201 3706 absint,
1211 3655 1268 3696 sunt
1279 3646 1364 3697 nulle.

252 3725 299 3772 que
310 3714 405 3775 probat,
418 3731 439 3763 v.
459 3716 496 3761 13.
513 3714 567 3762 dari
583 3713 702 3776 imagines
719 3729 732 3761 e
749 3729 788 3761 re·
855 3716 893 3762 99.
911 3712 1091 3774 Esse-eorum]
1103 3711 1136 3760 Τὸ
1148 3711 1214 3771 εἶναι,
1226 3710 1242 3770 ἡ
1254 3711 1333 3761 odola.

250 3790 306 3822 rum
334 3777 463 3839 superficie
488 3777 617 3841 dereptas;
651 3780 790 3826 simulachra
856 3779 909 3824 102.
932 3779 1046 3825 Hircendr'
1062 3776 1105 3839 ’61]
1126 3778 1166 3826 lta
1185 3791 1260 3840 supra
1279 3792 1302 3826 v,
1322 3777 1363 3826 64.

251 3855 306 3902 quae
323 3856 336 3888 a
353 3840 423 3888 nobis
438 3850 572 3889 cernuntur
588 3843 615 3890 in
632 3841 745 3904 speculis,
764 3841 789 3890 in
822 3841 888 3889 idem
911 3857 939 3889 ac
960 3857 979 3890 v.
999 3843 1052 3901 128,
1076 3843 1130 3890 129.
1149 3844 1225 3890 dicere
1247 3858 1311 3889 semo
1332 3844 1365 3891 ’st

252 3920 321 3969 aqua,
332 3914 357 3952 et
365 3905 391 3953 in
400 3920 427 3952 re
437 3904 543 3967 qualibet
551 3906 625 3969 plana
635 3915 660 3953 et
670 3905 789 3968 laevigata,
825 3909 870 3958 Qui
885 3910 964 3967 possit,
983 3923 1053 3969 neque
1069 3924 1119 3955 eom
1136 3910 1248 3954 rationem
1265 3908 1365 3956 reddere

252 3970 376 4019 simillima
395 3980 453 4017 sunt
473 3968 503 4016 iis
521 3970 594 4017 rebus
613 3984 716 4031 quarum
733 3980 790 4019 sunt
822 3973 898 4019 dictis.

252 4038 397 4086 simuluchra.
427 4034 494 4096 Ergo
505 4049 605 4083 necesse
614 4045 651 4082 est
662 4033 788 4082 161661666-
857 4037 910 4083 109.
929 4037 997 4084 Nunc
1008 4052 1059 4099 age,
1071 4053 1137 4098 quom
1150 4033 1289 4097 16666616]
1307 4035 1365 4085 Ha·

252 4104 332 4151 lachra
344 4115 375 4148 ex
386 4097 533 4161 imaginibus
545 4099 576 4146 ab
586 4098 648 4162 ipsis
658 4099 732 4146 rebus
746 4099 788 4147 de·
822 4115 876 4147 rum
888 4100 1022 4162 imaginum
1034 4099 1174 4149 affectiones
1187 4099 1366 4162 explicaturus,

252 4183 265 4216 r
298 4163 469 4228 tiscomponi;
493 4178 550 4210 nam
567 4163 634 4210 nulla
650 4161 699 4209 alia
717 4178 790 4212 causa
821 4164 908 4228 primo,
918 4179 940 4212 v.
954 4165 991 4212 13.
1001 4163 1072 4211 docet
1080 4179 1200 4213 summam
1208 4163 1365 4225 tenuitatem,

252 4248 278 4281 re
296 4232 322 4280 di
338 4238 419 4295 potest
436 4237 486 4277 tam
504 4237 596 4276 exacta
613 4226 788 4287 similitudinis,
822 4229 895 4277 talem
912 4228 1010 4290 quidem
1029 4243 1083 4289 quae
1101 4229 1143 4277 vix
1160 4227 1257 4293 concipi
1274 4229 1365 4293 possit,

253 4296 300 4345 nisi
319 4305 403 4346 cortex
423 4309 532 4344 summus
551 4292 600 4351 ille,
620 4291 662 4355 qui
685 4290 730 4339 toti
753 4292 789 4341 rei
822 4292 870 4342 illis
879 4291 1024 4341 conveniret
1041 4307 1082 4341 res
1090 4302 1118 4341 ut
1127 4293 1271 4353 declaretur,
1280 4295 1366 4358 cogita
