2872 4852
450 213 620 288 LIBER
650 214 913 287 QUINTUS.
1023 207 1025 211 ’
1175 217 1239 282 263

152 380 200 428 aso
219 368 394 433 Confluere
409 369 535 433 ardoris
550 381 750 434 consuerunt
765 380 911 455 tempore
927 382 1028 444 certo,

218 472 304 545 Quae
319 470 441 536 faciunt
456 471 540 535 Solis
556 495 640 537 nova
656 495 784 557 semper
797 472 917 537 lumina
933 474 1033 558 gigni.

218 573 318 646 Quod
334 595 437 658 genus
453 573 551 638 Idaeis
567 573 653 639 fama
667 575 707 639 ’st
721 596 740 638 e
755 576 919 640 montibus
936 574 1009 638 altis

217 675 396 760 Dispersos
411 677 514 760 igneis
530 679 646 742 orienti
660 677 778 742 lumine
793 679 901 756 cerni;

217 777 299 843 Inde
313 779 400 843 coire
414 778 547 862 globum
562 780 657 863 quasi
670 781 704 843 in
719 803 829 858 unum,
847 791 881 844 et
895 778 1057 845 conficere
1072 780 1194 843 orbem.

153 891 200 938 665
258 881 333 946 Nec
348 892 456 947 tamen
471 881 552 946 illud
567 884 600 946 in
615 882 666 944 his
682 883 781 946 rebus
798 881 943 947 mirabile
958 883 1057 947 debet

217 983 314 1061 Esse,
331 985 420 1068 quod
434 984 506 1049 haec
521 984 612 1069 Ignis
627 995 693 1048 tam
708 996 798 1048 certo
815 996 960 1068 tempore
975 985 1102 1069 possint

218 1085 350 1149 Semina
365 1084 541 1162 confluere,
557 1095 591 1150 et
606 1084 691 1148 Solis
707 1107 860 1169 reparare
874 1087 1022 1150 nitorem.

219 1185 329 1250 Multa
342 1187 489 1251 videmus
505 1187 600 1263 enim,
617 1197 707 1251 certo
722 1210 796 1271 quae
812 1197 957 1271 tempore
972 1185 1056 1250 fiunt

219 1287 381 1353 Omnibus
396 1290 429 1352 in
444 1289 562 1353 rebus:
586 1287 764 1352 florescunt
778 1299 924 1373 tempore
940 1299 1030 1353 certo

154 1397 203 1450 670
221 1387 380 1465 Arbusta,
398 1400 431 1453 et
446 1399 536 1454 certo
552 1389 718 1453 dimittunt
733 1400 879 1473 tempore
894 1389 1018 1453 florem.

219 1491 295 1555 Nec
310 1491 415 1554 minus
429 1491 463 1554 in
478 1502 568 1555 certo
584 1491 710 1554 denteis
727 1492 845 1556 cadere
861 1492 998 1576 imperat
1013 1502 1092 1555 aetas

220 1591 397 1676 Tempore,
413 1603 446 1657 et
461 1594 626 1678 impubem
639 1592 727 1658 molli
741 1595 922 1678 pubescere
937 1605 1040 1672 veste,
1080 1585 1083 1589 ⁴

220 1694 267 1758 Et
282 1696 405 1779 pariter
418 1693 547 1759 mollem
561 1695 652 1759 malis
668 1695 838 1760 demittere
853 1697 999 1761 barbam.

217 1795 366 1860 Fulmina
380 1807 556 1880 postremo,
574 1796 654 1875 Nix,
669 1797 807 1876 Imbres,
823 1797 960 1875 Nubila,
976 1797 1089 1876 Venti,

153 1908 200 1961 675
220 1898 300 1963 Non
314 1899 406 1962 nimis
422 1900 554 1964 incertis
569 1900 654 1964 fiunt
668 1901 701 1964 in
716 1902 864 1985 partibus
880 1901 966 1965 anni.

218 2001 380 2085 ’Namque
395 2002 454 2065 ubi
469 2002 515 2066 sic
530 2002 663 2066 fuerunt
678 2024 850 2067 causarum
864 2002 1000 2066 exordia
1015 2001 1131 2084 prima,

217 2102 330 2186 Atque
344 2103 392 2166 uti
406 2124 459 2166 res
474 2104 588 2167 mundi
603 2103 751 2168 cecidere
767 2105 809 2168 ab
825 2104 950 2187 origine
964 2102 1079 2186 prima,

219 2204 394 2288 Consequa
408 2214 526 2268 natura
540 2206 582 2267 ’st
591 2205 660 2289 jam
674 2225 783 2268 rerum
798 2226 841 2268 ex
856 2205 970 2268 ordine
986 2213 1086 2267 certo.

263 2306 420 2371 Crescere
435 2306 577 2389 itemque
592 2305 675 2369 Dies
690 2303 777 2382 licet,
792 2315 827 2369 et
839 2306 1008 2369 tabescere
1023 2304 1173 2382 Nocteis,

165 2534 221 2582 662.
241 2535 307 2586 Quod
320 2550 393 2596 genas
409 2535 488 2593 Idaeis,
500 2531 557 2596 etc]
576 2531 669 2582 Diodo-
735 2530 790 2583 675.
810 2533 862 2580 Νοιι
878 2535 946 2580 nimir
962 2530 1070 2595 incertis]
1088 2530 1174 2589 Faber,
1187 2531 1241 2578 Non

131 2613 174 2647 rus
192 2597 296 2655 Siculus,
306 2597 346 2646 lib
360 2598 448 2646 XVII.
460 2615 484 2663 p.
497 2600 552 2647 ⁴191.
568 2599 629 2646 ίδιον
644 2595 672 2646 δέ
702 2600 776 2645 urinae
787 2601 836 2645 bec
847 2601 924 2646 certia.

131 2681 156 2711 τι
167 2662 207 2711 καὶ
218 2660 349 2724 ταριίδοξον
361 2660 486 2722 συμβαίνει
497 2663 606 2724 γίνεσθαι
617 2661 670 2723 περὶ
735 2660 790 2713 676.
813 2664 919 2724 Namque
934 2664 975 2710 ubi
991 2664 1025 2709 ric
1033 2657 1146 2722 fuerunt]
1165 2659 1240 2707 Hunc

131 2729 205 2776 τοῦτο
215 2726 244 2775 τὸ
261 2727 321 2789 ipos,
333 2727 395 2776 κατὰ
409 2727 457 2790 γὰρ
472 2727 519 2785 τὴν
533 2729 577 2776 τοῦ
594 2728 670 2776 Κυνὸς
702 2741 800 2775 versum
809 2726 874 2774 delet
884 2726 969 2783 Faber,
980 2734 1006 2774 et
1014 2725 1040 2773 in
1051 2725 1163 2788 sequenti
1172 2723 1239 2787 legit,

133 2791 249 2850 ἐπιτολὴν
260 2791 296 2839 ἐπ’
308 2791 380 2855 ἄκρος
391 2794 435 2850 τῆς
451 2794 555 2854 κορυφῆς
572 2791 609 2840 διὰ
624 2791 670 2849 τὴν
702 2808 797 2854 namque
811 2794 847 2839 uti
862 2808 899 2839 res
916 2794 1001 2849 mundi,
1013 2799 1056 2839 etc.
1068 2789 1170 2838 retineri
1181 2804 1240 2837 vero

31 2885 33 2889 ,
132 2856 293 2915 νηνεμίαντοῦ
301 2855 541 2919 περιέχοντοςἈέρος
551 2857 670 2918 ὑπερπετῆ
702 2865 783 2918 potest
803 2854 850 2904 iste
867 2855 1000 2913 versus,'si
1021 2855 1124 2918 legatur,
1144 2871 1240 2916 nomque

133 2920 242 2980 γίνεσθαι
249 2920 295 2978 τὴν
303 2920 376 2980 ἄκραν
384 2923 428 2979 τῆς
436 2919 670 2981 τῶνᾶνέριωνπνοῆς·
702 2924 738 2968 ati
753 2928 886 2969 senuerant.
915 2921 955 2970 Sic
971 2920 1013 2969 lib.
1033 2921 1053 2967 l.
1070 2936 1092 2969 v.
1110 2921 1166 2978 580,
1184 2920 1239 2966 681.

133 2985 232 3047 δρᾶσθαι
243 2983 269 3032 δὲ
283 2985 327 3033 τὸν
336 2986 406 3043 ἣλιον
417 2984 453 3034 en
468 2988 513 3044 τῆς
529 2984 613 3035 νυκτὸς
629 2985 668 3033 οὔ·
702 2988 736 3033 Et
747 2989 804 3047 qaid
816 3002 909 3048 queque
925 2993 1010 3048 queant
1023 3002 1066 3046 per
1075 2983 1171 3046 foedera
1187 2986 1239 3032 Na·

134 3066 179 3108 cns
190 3047 357 3098 ἀνατέλλοντα
367 3049 411 3100 τὰς
422 3049 519 3100 derivas
530 3051 573 3098 obn
590 3051 616 3098 ἐν
627 3068 668 3098 ιιυ-
702 3053 773 3108 terei,
800 3053 862 3103 Quid
880 3067 949 3112 porro
976 3058 1096 3112 nequeant,
1119 3047 1240 3096 sancitum

133 3112 361 3176 κλοτερεΐσχὴμοτι
371 3113 539 3177 τετραμμένον,
549 3114 614 3163 ἀλλὰ
624 3114 670 3172 τὴν
702 3118 881 3178 quondoquidem
892 3122 964 3163 extet.
995 3115 1034 3162 Ita
1049 3114 1126 3177 igitur
1136 3112 1241 3176 conjicio

133 3176 218 3241 φλόγα
244 3178 306 3227 rard
332 3179 439 3229 πολλοὺς
465 3177 553 3228 τόπους
580 3178 671 3240 ἔχοντα
703 3179 840 3242 legendum,
853 3195 898 3228 uec
909 3180 986 3242 pudet
996 3180 1149 3240 conjecturae.

134 3241 314 3304 διεσπαρμένην,
335 3244 398 3292 ὥστε
419 3245 497 3292 δοκεῖν
513 3243 574 3306 πυρὰ
595 3244 671 3291 πλείω
736 3245 790 3294 678.
817 3247 933 3305 θοηοοηιιο
952 3249 1038 3291 matura
1054 3243 1084 3291 ’st
1105 3240 1193 3303 reram]
1217 3240 1240 3289 Ε

134 3304 258 3368 θιγγάνειν
272 3309 317 3356 τοῦ
332 3310 376 3366 τῆς
392 3310 438 3368 γῆς
455 3306 580 3371 ὁρίζοντος.
609 3307 669 3356 Μετ’
702 3317 798 3356 vetusto
810 3309 862 3356 cod.
876 3307 1023 3363 Gronovius,
1038 3309 1168 3368 Gmrequiae
1184 3322 1240 3368 qao·

134 3370 221 3432 6λίγον
231 3370 257 3419 δὲ
273 3370 404 3433 συνάγεται
419 3374 497 3421 τοῦτο
512 3372 569 3433 πρὸς
586 3371 612 3420 ἓν
627 3370 669 3432 με’-
703 3389 745 3435 qae
756 3389 832 3420 rerum
843 3380 897 3420 sant
908 3389 936 3420 ex
947 3375 1025 3420 ordine
1037 3378 1105 3419 certo.

134 3441 212 3496 γεθος,
231 3434 273 3485 ἕως
289 3436 319 3485 ἂν
329 3437 429 3498 γένηται
446 3435 587 3499 τρίπλεθρον
603 3435 669 3484 dedu·
736 3438 791 3488 679.
811 3440 916 3486 Crescere
925 3440 1022 3497 itemque
1034 3439 1098 3493 Dies,
1108 3433 1165 3497 ete]
1179 3433 1241 3484 Dies

133 3501 257 3562 rnuaxcl
268 3499 326 3550 τότε
336 3504 381 3560 τῆς
397 3499 444 3562 ἤρε’
457 3520 484 3550 as
501 3499 670 3559 ἐπιλαβούσης,
704 3511 835 3563 noctesque
853 3501 911 3550 anni
929 3502 1034 3549 decursu
1051 3500 1086 3549 sic
1104 3500 1241 3548 increscere

134 3565 165 3616 πο
182 3564 325 3629 φαινόμενον
341 3568 386 3615 τοῦ
403 3521 474 3624 balim
487 3563 589 3626 pti-pedor
607 3575 670 3624 πλη·
704 3576 729 3615 et
745 3567 892 3625 decrescere,
908 3575 936 3614 ut
950 3564 1099 3630 prolixitatis
1115 3580 1143 3612 ac
1160 3564 1241 3613 brevi·

134 3628 207 3694 ροθὲν
228 3631 274 3690 τὴν
295 3633 340 3689 τῆς
361 3630 449 3694 ἡμέρας
471 3628 576 3680 διάθεσιν
597 3648 671 3679 κατοι-
705 3631 761 3679 tatis
773 3632 899 3694 utriusque
910 3631 977 3679 vices
988 3630 1109 3694 exquisite
1124 3645 1170 3694 per
1180 3630 1240 3694 hye-

136 3692 253 3756 σκευάζει.
371 3695 373 3698 ’
704 3712 769 3744 mern
781 3707 937 3760 testatemque
953 3695 1112 3755 alternentur,
1123 3710 1164 3744 res
1180 3694 1243 3743 mira

168 3758 223 3811 670.
250 3759 499 3824 Dimittunt-florem]
528 3760 587 3809 Ver.
616 3759 671 3811 757.
705 3776 803 3824 semper
819 3761 872 3810 visa
887 3770 937 3818 est;
957 3761 983 3809 id
999 3776 1057 3809 vero
1073 3761 1109 3818 fit,
1127 3759 1242 3824 quoniam

136 3826 218 3887 Solqroe
227 3842 278 3873 ιιιοι
289 3829 359 3875 etiem
370 3829 485 3875 dimittere
497 3828 620 3889 languidas
637 3829 673 3888 ig·
706 3825 863 3875 circuitiones
873 3826 932 3875 solis
943 3842 1017 3890 supra
1028 3842 1057 3874 ac
1072 3824 1136 3874 inira
1153 3833 1243 3874 terram

134 3893 192 3947 aeis,
203 3897 246 3939 etc.
707 3906 773 3939 nunc
784 3891 894 3950 celerius,
908 3907 973 3939 nunc
989 3891 1082 3939 tardius
1098 3891 1169 3948 fiunt,
1182 3905 1242 3952 qua·

169 3954 224 4006 672.
246 3951 325 4017 Veste]
339 3953 465 4019 Virgilius,
478 3954 577 4003 AEueid.
595 3955 673 4002 Vlll.
707 3965 779 4004 tenus
791 3956 850 4019 ipsa
861 3957 970 4004 locorum
986 3972 1030 4004 seu
1041 3955 1143 4013 viarum,
1155 3955 1244 4017 quibus

135 4021 333 4068 Aureecaesoriee
349 4022 484 4081 iniecique
502 4036 573 4067 aureo
584 4019 673 4068 vestis:
707 4020 744 4069 sol
762 4020 861 4079 incedit,
878 4021 1043 4084 longitudines
1060 4028 1119 4068 sunt
1135 4020 1243 4075 alternae,

135 4083 182 4132 hoc
191 4084 674 4142 estbarbaundeecontrainuestesdi·
707 4101 730 4133 v.
751 4086 788 4133 16.
824 4086 855 4133 1n
873 4086 960 4148 quibus
978 4084 1095 4133 describit
1113 4084 1187 4130 Poeta
1204 4082 1252 4128 in·-

136 4148 215 4197 cimus
235 4152 361 4198 imberbes:
385 4149 450 4196 unde
470 4157 514 4207 est,
536 4149 600 4197 Tune
619 4152 676 4196 mibi
707 4150 810 4212 aqualia
828 4165 927 4198 arcuum
948 4149 1092 4197 diurnorum
1112 4155 1244 4194 nocturno·

133 4217 212 4275 prima
218 4231 290 4277 gener
297 4213 402 4262 vestibat
408 4216 466 4274 flore
471 4213 590 4275 juventas.
618 4214 674 4263 Ser·
708 4230 811 4278 rumque
820 4224 947 4278 segmenta
957 4213 983 4261 in
994 4212 1076 4278 positu
1087 4211 1189 4274 sphoerae
1199 4210 1243 4258 ob-

137 4276 200 4325 vius
708 4278 782 4342 liquo,
803 4287 950 4341 aequatorem
971 4285 1053 4326 tamen
1072 4277 1103 4322 ab
1123 4275 1168 4322 hac
1190 4273 1246 4338 lege
