2872 4852
219 237 263 300 80
600 232 643 297 T.
677 228 951 296 LUCRETII

308 391 356 455 Ut
371 410 476 474 neque
492 388 566 452 finis
584 387 644 472 (uti
659 387 769 471 docui)
783 408 890 471 neque
905 386 1037 450 Summa
1052 383 1094 448 sit
1108 381 1192 462 ulla3

243 507 291 553 340
310 493 446 557 Debent
461 492 609 556 nimirum
624 514 689 557 non
704 492 852 557 omnibus
868 489 974 553 omnia
988 508 1138 572 prorsum

311 595 397 658 Esse
413 594 483 678 pari
498 592 565 671 filo,
582 592 738 676 similique
754 593 872 657 affecta
888 591 1020 674 Figura.

352 696 529 772 Praeterea,
546 717 649 778 genus
665 695 865 771 Humanum,
881 703 1043 775 mutaeque
1059 699 1208 755 natantes

310 795 590 881 Squammigerdm
604 795 766 873 PecudeS,
783 806 816 859 et
830 794 905 859 laeta
919 792 1080 868 Arbusta,
1096 792 1268 875 Feraeque,

312 899 359 962 Et
374 898 471 962 variae
487 896 659 974 Volucres,
675 897 818 961 laetantia
832 919 906 980 quae
920 895 991 960 loca
1006 917 1164 978 aquarum

247 1012 294 1059 345
314 1000 553 1065 Concelebrant
568 1000 688 1065 circum
703 1000 803 1085 ripae,
819 998 1013 1083 fonteisque,
1026 997 1193 1081 lacusque,

312 1104 360 1167 Et
375 1126 449 1188 quae
463 1102 654 1187 pervolgant
669 1124 801 1166 nemora
815 1103 886 1165 avia
901 1098 1152 1185 pervolitantes3

311 1206 442 1270 Horum
456 1205 707 1288 unumquodvis
723 1204 901 1288 generatim
917 1224 1043 1266 sumere
1059 1222 1173 1286 perge,

312 1307 462 1372 Invenies
478 1319 585 1370 tamen
599 1306 684 1369 inter
699 1328 734 1370 se
750 1305 872 1369 distare
888 1303 1029 1388 Figuris.

310 1409 386 1473 Nec
400 1408 525 1472 ratione
541 1405 603 1471 alia
618 1406 732 1470 Proles
748 1427 945 1491 cognoscere
961 1406 1116 1481 Matrem,

246 1523 293 1569 350
310 1510 385 1575 Nec
401 1509 513 1574 Mater
528 1519 642 1593 posset
658 1507 806 1587 Prolem;
830 1509 920 1593 quod
936 1529 1034 1593 posse
1045 1507 1204 1583 videmus,

312 1613 387 1677 Nec
401 1613 506 1676 minus
522 1622 620 1694 atque
634 1610 780 1678 homines
796 1612 880 1676 inter
896 1633 930 1674 se
945 1620 1023 1674 nota
1039 1607 1158 1674 cluere.

310 1714 400 1777 Nam
415 1735 501 1796 saepe
518 1722 593 1776 ante
609 1711 720 1776 Derim
734 1711 853 1777 vitulus
871 1711 1008 1776 delubra
1025 1712 1144 1776 decora

310 1813 517 1879 Turicremas
533 1825 669 1898 propter
683 1824 844 1878 mactatus
860 1813 1003 1878 concidit
1017 1835 1103 1890 arae,
1183 1818 1185 1824 “

314 1917 488 2001 Sanguinis
504 1917 676 1999 exspirans
692 1917 832 1982 calidum
847 1917 888 1980 de
904 1927 1037 2001 pectore
1052 1915 1192 1993 flumen3

249 2030 296 2077 355
314 2017 363 2083 At
378 2019 488 2082 Mater
502 2018 632 2082 virideis
650 2018 754 2083 saltus
767 2020 882 2083 orbata
897 2040 1087 2103 peragram,

314 2121 449 2204 Linquit
463 2119 554 2182 humi
569 2120 709 2203 pedibus
724 2121 861 2204 vestigia
876 2141 991 2203 pressa
1005 2119 1150 2197 bisulcis,

314 2223 433 2287 Omnia
448 2222 616 2287 convisens
634 2221 736 2286 oculis
753 2221 836 2298 loca,
853 2221 881 2284 si
896 2231 995 2305 queat
1010 2244 1147 2305 usquam

316 2326 514 2410 Conspicere
531 2325 683 2389 amissum
700 2323 850 2402 Foetum3
875 2323 1079 2408 completque
1096 2323 1237 2408 querelis

233 2487 293 2536 rata,
305 2479 369 2541 quod
380 2478 513 2528 verisimile
525 2495 574 2528 non
586 2479 618 2528 sit
629 2479 772 2544 corpuscula
804 2486 903 2541 quantes.
933 2478 1035 2527 Vossius
1052 2477 1082 2526 ad
1100 2477 1230 2534 Catullum,
1247 2491 1272 2540 p.
1287 2477 1344 2524 284.

234 2543 284 2600 illa,
294 2559 349 2591 cum
359 2543 409 2591 sint
417 2544 521 2601 infinita,
530 2560 583 2593 esse
593 2545 677 2607 figurae
686 2544 771 2592 unius-
804 2547 909 2592 latentia
931 2542 1047 2600 defendit,
1072 2550 1097 2590 et
1118 2542 1246 2590 confirmat
1268 2556 1302 2589 ex
1321 2557 1345 2589 v.

233 2607 307 2655 modi.
348 2608 399 2655 Res
423 2607 544 2669 quaslibet
570 2609 771 2672 contemplemur,
806 2610 860 2665 882,
879 2610 932 2655 883.
950 2607 991 2655 lib.
1006 2608 1036 2655 V.
1065 2609 1128 2655 Puer
1143 2608 1207 2654 baud
1222 2622 1345 2668 quaquam,

234 2686 282 2732 quo
301 2673 378 2732 maj0r
398 2686 482 2719 earum
501 2688 625 2730 numems,
646 2689 675 2720 eo
695 2675 772 2733 maj0r
805 2676 859 2734 quin
870 2689 930 2733 sape
941 2676 1011 2720 etiam
1023 2680 1076 2719 tunc
1097 2674 1174 2719 Ubera
1190 2673 1346 2719 Mammam

233 2735 377 2798 plerumque
389 2736 521 2798 figurarum
533 2737 645 2794 varietas,
659 2745 683 2784 et
699 2736 771 2794 idem,
805 2739 830 2784 iu
841 2741 923 2784 somnis
934 2736 1042 2785 latentia
1053 2739 1143 2798 quaerit.

235 2799 299 2861 quod
317 2800 347 2846 de
364 2800 436 2847 rebus
454 2799 516 2859 aliis,
537 2808 574 2848 est
591 2801 621 2848 de
639 2800 773 2849 seminibus
838 2803 893 2848 348.
919 2804 1015 2850 Distare
1037 2799 1145 2863 Figuris]
1169 2799 1228 2858 Alii,
1250 2798 1354 2862 differre

235 2863 397 2911 sentiendum.
805 2867 907 2927 Figuris.

268 2929 323 2975 341.
346 2931 404 2976 Esse
420 2931 475 2988 pari
487 2926 541 2990 filo]
560 2928 590 2976 A.
610 2928 712 2986 Gellius,
730 2929 773 2978 lib.
839 2931 894 2978 349.
915 2932 966 2977 Neo
983 2933 1072 2978 ratione
1089 2932 1146 2988 alia,
1164 2927 1221 2992 etc]
1242 2928 1346 2988 Quarto,

236 2992 309 3040 XIV.
322 3008 342 3040 c.
360 2994 382 3039 4.
401 2992 553 3056 Chrysippus
569 2993 627 3040 facit
642 2994 775 3057 imaginem
807 3010 829 3041 v.
840 2996 878 3041 22.
889 2994 997 3043 ostendit
1007 2995 1070 3042 hanc
1082 2993 1271 3043 diversimodam
1281 2993 1346 3058 figu-

232 3056 341 3118 justitia,
349 3057 450 3119 fierique
460 3057 559 3105 solitum
569 3074 622 3106 esse
631 3058 691 3106 dicit
700 3058 773 3122 apic·
806 3058 933 3117 rationem,
946 3075 995 3107 non
1008 3068 1103 3107 tantum
1115 3059 1141 3106 in
1153 3073 1235 3107 rerum
1245 3057 1345 3122 generi·

235 3121 336 3177 toribus,
348 3121 533 3184 rhetoribusque
550 3122 727 3184 antiquioribus
744 3124 775 3171 ad
807 3124 859 3180 bus,
873 3124 916 3172 sed
934 3139 960 3171 m
975 3123 1110 3172 mdrvrdurs
1124 3123 1233 3186 eJusdem
1247 3121 1348 3186 generis

235 3185 301 3233 bunc
318 3185 394 3234 ferme
412 3186 525 3240 modums
549 3186 626 3235 forma
646 3196 719 3250 atque
732 3191 775 3248 flio
807 3188 960 3236 manifestam
969 3203 1022 3237 esse
1033 3197 1058 3236 et
1066 3188 1236 3252 conpicuam3
1253 3202 1285 3236 ex
1294 3186 1349 3237 sola

235 3251 356 3314 virginali,
377 3259 423 3299 etc.
457 3251 492 3298 Et
512 3251 613 3299 Plautus
634 3252 697 3300 dixit
715 3251 775 3301 satis
808 3253 874 3300 enim
885 3252 982 3301 diversa
993 3253 1139 3316 figuratione
1152 3252 1244 3316 agnitio
1260 3250 1348 3301 mauis

235 3315 323 3364 scitum
328 3319 393 3376 filum
401 3314 518 3373 mulieris,
526 3332 571 3380 pro
577 3317 655 3364 forma
664 3325 688 3364 et
697 3316 775 3380 figura
807 3332 821 3364 a
837 3317 912 3380 prole,
930 3317 1005 3381 prolis
1022 3334 1037 3365 a
1053 3327 1130 3366 matre
1146 3317 1173 3366 in
1190 3316 1281 3366 brutis:
1299 3317 1348 3365 hoc

235 3380 357 3428 mulieris:
376 3390 401 3428 et
412 3381 466 3444 ipse
478 3381 606 3430 Lucretius
618 3381 683 3429 alibi.
807 3392 977 3445 argumentum
988 3382 1095 3431 illustrat
1105 3382 1223 3447 praeclara
1236 3381 1347 3456 descrip-

270 3447 324 3493 342.
343 3449 462 3494 Praeterec
474 3463 547 3508 genus
564 3450 702 3505 Humanum,
716 3445 773 3509 ete]
807 3447 873 3495 tione
891 3463 970 3497 vaccae
991 3456 1123 3496 mactatum
1141 3446 1245 3495 vitulum
1263 3461 1348 3509 requi·

236 3507 357 3566 Secundo,
374 3526 397 3558 v.
415 3510 437 3561 7.
456 3511 529 3559 variae
547 3511 724 3575 principiorum
744 3512 772 3559 fi·
806 3512 890 3569 tentis,
904 3523 929 3560 et
940 3512 1038 3560 demum
1049 3511 1160 3575 quadam
1174 3511 1205 3559 de
1221 3509 1355 3574 agnitione

236 3587 303 3633 gurae
314 3582 450 3636 arguuntur
462 3591 493 3622 ex
505 3591 541 3632 eo,
552 3576 616 3637 quod
632 3576 714 3624 omnia
730 3592 773 3625 na·
807 3586 912 3624 matrum
924 3576 954 3624 ab
966 3577 1044 3624 hoedis
1056 3585 1081 3625 et
1093 3577 1162 3638 agnis
1173 3573 1307 3638 subjungit.

236 3637 325 3684 turalia
341 3637 419 3686 exiis
435 3648 556 3696 contexta,
573 3639 691 3697 homines,
708 3641 773 3698 ferae,
840 3643 894 3689 351.
913 3643 977 3688 Nota
988 3639 1076 3703 cluere]
1089 3640 1213 3689 Animalia
1224 3639 1269 3689 viz.
1281 3639 1351 3688 iuter

237 3715 301 3760 eves,
319 3701 406 3764 pisces,
422 3711 467 3750 etc.
486 3703 648 3751 diversimode
666 3704 773 3766 figuren-
807 3720 841 3762 se,
853 3705 893 3754 vel
905 3704 951 3752 sibi
964 3705 1069 3753 invicem
1082 3716 1140 3754 nota
1151 3713 1215 3754 sunt.

237 3772 284 3813 tur.
840 3771 895 3816 353.
916 3768 1072 3831 Turicremas]
1085 3769 1212 3833 Virgilius,
1228 3771 1294 3818 Vidit
1307 3776 1349 3830 ,tu-

270 3830 325 3877 344.
349 3829 479 3892 tutantia]
497 3830 564 3885 Quid
581 3830 627 3879 sibi
646 3831 706 3880 velit
723 3833 774 3881 haec
806 3831 916 3882 ricremis
928 3851 977 3881 cum
990 3837 1049 3883 dono
1060 3838 1184 3896 imponeret
1194 3839 1250 3883 oria.

237 3910 286 3943 vox
297 3897 401 3941 latentia
411 3895 489 3942 nescit
505 3895 647 3953 Lambinus,
660 3896 707 3944 nisi
725 3897 773 3945 for·
839 3898 893 3945 356.
911 3898 1021 3962 linquit]
1035 3899 1127 3947 Nescio
1139 3899 1200 3962 quis,
1213 3902 1267 3948 Nou
1275 3901 1351 4011 <quite

236 3974 281 4007 san
298 3959 328 4006 ab
345 3957 432 4005 effectu
450 3958 503 4006 loca
525 3975 642 4022 aquarum
662 3960 790 4025 dicantur,
807 3965 857 4023 quit
876 3978 891 4009 a
910 3967 969 4024 quio,
990 3964 1103 4026 quiesco:
1129 3981 1173 4011 nou
1190 3967 1247 4025 quit,
1266 3962 1275 4011 i
1311 3971 1352 4012 est

236 4026 349 4080 latentia,
364 4021 542 4084 quiavolucres
558 4024 696 4080 laetificent;
714 4042 772 4074 con·
806 4040 856 4073 non
872 4025 936 4088 facit
957 4032 1072 4090 quiescere
1096 4027 1206 4090 vestigia,
1229 4036 1258 4076 ut
1282 4028 1353 4092 apud

233 4087 290 4150 jicit
300 4095 381 4134 autem
392 4085 522 4148 legendum
529 4091 659 4148 fluitantia,
671 4090 710 4138 vel
726 4093 774 4139 loe·
808 4090 936 4145 Plautum3
965 4096 1054 4153 quiqsee
1076 4096 1145 4140 istam
1167 4109 1230 4147 rems
1258 4095 1353 4156 quiem

237 4155 320 4209 tantia,
337 4151 353 4198 i.
368 4165 389 4197 e.
406 4149 543 4200 invitantia.
574 4153 652 4200 Faber
668 4153 729 4217 legit
745 4158 774 4203 li·
807 4157 876 4202 utum
886 4158 1014 4206 tumultum.
1044 4156 1353 4220 Siessetvoxquio,quam

237 4220 337 4278 quentia,
358 4229 475 4277 suamque
503 4218 666 4277 conjecturam
694 4227 775 4268 tuetur
807 4219 916 4267 nondum
934 4218 1026 4281 inveni,
1043 4221 1175 4271 lectionem
1193 4235 1275 4271 veram
1295 4234 1354 4273 essa

236 4279 367 4330 autoritate
378 4278 485 4342 Virgilii,
497 4280 539 4343 qui
556 4280 626 4340 dixit,
638 4298 728 4346 caumas
744 4287 773 4334 li·
804 4283 947 4345 judicarem.
