2872 4852
423 216 596 282 LIBER
631 216 910 290 QUARTUS.
1163 221 1222 285 183

200 375 254 440 Sic
271 373 347 459 Ego
361 393 460 451 nunc,
474 373 626 458 quoniam
640 371 710 438 hoec
727 372 828 437 Ratio
842 370 1034 458 plerumque
1050 375 1179 441 videtur

201 478 344 543 Tristior
350 497 440 555 esse,
455 477 576 560 quibus
591 497 657 540 non
670 487 723 540 est
736 480 885 554 tractata,
901 485 1056 560 retroque

152 594 184 639 2⁰
201 580 328 666 Volgus
344 580 499 645 abhorret
514 580 556 643 ab
572 577 668 656 Hac,
691 576 778 641 volui
792 579 852 642 tibi
867 579 1105 664 suaviloquenti

201 683 351 749 Carmine
366 681 475 746 Pierio
490 681 649 744 rationem
662 701 828 764 exponere
843 691 999 758 nostram,

168 819 171 824 ,
202 784 249 850 Et
263 783 357 869 quasi
372 783 493 848 Museo
507 781 596 847 dulci
611 783 801 866 contingere
815 780 929 860 melle;

201 887 236 951 Si
252 887 311 951 tibi
325 886 409 950 sorte
425 887 566 950 animum
578 885 638 950 tali
650 886 775 950 ratione
791 895 902 949 tenere

200 990 362 1055 Versibus
376 990 411 1052 in
424 989 545 1052 nostris
559 1008 701 1072 possem,
718 988 796 1052 dum
811 985 971 1071 perspicis
986 1008 1114 1053 omnem

152 1106 183 1152 eo
200 1091 363 1157 Naturam
377 1111 496 1166 rerum,
513 1110 553 1153 ac
567 1089 728 1173 persentis
743 1086 925 1152 utilitatem.
1096 1099 1099 1104 ·

244 1195 312 1258 Sed
326 1193 479 1277 quoniam
492 1191 602 1268 docui,
618 1200 808 1256 cunctarum
821 1190 971 1254 Exordia
984 1212 1094 1255 rerum

201 1295 321 1370 Qualia
336 1296 412 1372 sint,
427 1304 461 1358 et
475 1315 573 1377 quam
586 1293 683 1357 variis
699 1292 854 1358 distantia
868 1292 979 1356 formis

201 1398 327 1482 Sponte
343 1418 402 1460 sua
417 1394 552 1459 volitent
566 1404 690 1458 aeterno
705 1395 830 1478 percita
844 1404 945 1471 motu,

201 1499 344 1583 Quoque
360 1497 457 1562 modo
472 1496 600 1581 possint
614 1516 666 1560 res
682 1517 723 1560 ex
738 1495 790 1559 his
805 1517 945 1579 quaeque
960 1497 1083 1575 creari;

152 1616 184 1662 ao
202 1601 316 1685 Atque
330 1598 441 1665 Animi
455 1600 607 1684 quoniam
621 1597 719 1663 docui
732 1608 849 1662 natura
864 1599 943 1681 quid
959 1608 1059 1675 esset,

202 1705 249 1769 Et
263 1704 381 1788 quibus
397 1725 416 1767 e
431 1704 530 1767 rebus
545 1724 619 1766 cum
635 1701 782 1785 Corpore
797 1711 929 1784 compta
942 1701 1088 1785 vigerem

201 1807 318 1880 Quove
333 1805 430 1869 modo
446 1805 603 1869 distracta
617 1803 741 1868 rediret
755 1803 788 1865 in
805 1802 912 1868 Ordia
924 1804 1046 1887 prima:

199 1909 300 1973 Nunc
315 1928 413 1992 agere
428 1907 579 1992 incipiam
593 1906 663 1984 tibi,
678 1906 768 1991 quod
783 1905 992 1971 vehementer
1006 1904 1050 1970 ad
1064 1906 1124 1972 has
1140 1930 1194 1973 res

198 2009 339 2088 Attinet,
355 2032 427 2075 esse
442 2032 491 2088 ea,
507 2030 581 2093 quae
596 2030 707 2074 rerum
722 2006 903 2072 Simulacra
917 2030 1089 2088 vocamus;

152 2125 183 2172 35
204 2114 289 2186 Quae
304 2113 398 2196 quasi
408 2111 617 2176 'Membranae
632 2128 756 2173 summo
772 2109 813 2173 de
829 2131 967 2194 corpore
981 2131 1090 2176 rerum

199 2215 358 2298 Dereptae
371 2211 506 2277 volitant
520 2210 607 2276 ultro
623 2211 770 2294 citroque
784 2232 846 2295 per
860 2233 976 2274 auras:

199 2316 313 2400 Atque
328 2315 442 2378 eadem
456 2314 551 2378 nobis
567 2310 775 2395 vigilantibus
791 2312 887 2376 obvia
901 2312 1038 2376 menteis

199 2415 409 2493 Terrificant,
426 2424 525 2499 atque
537 2416 570 2478 in
586 2414 718 2490 somnis,
734 2435 808 2478 cum
824 2436 911 2498 saepe
926 2413 1051 2498 figuras

200 2519 394 2584 contuimur
407 2518 515 2595 miras,
533 2515 768 2600 simulacraque
784 2515 856 2581 luce
872 2526 1051 2594 carentum,

150 2634 183 2681 40
201 2621 287 2696 Quae
301 2643 361 2685 nos
375 2619 527 2685 horrifice
542 2619 746 2704 languenteis
762 2639 850 2704 saepe
867 2640 986 2704 sopore

201 2725 400 2790 Excierunt:
425 2746 466 2788 ne
480 2721 565 2788 sorte
580 2713 717 2788 Animas
733 2721 925 2788 Acherunte
940 2743 1071 2788 reamur

147 2936 186 2981 25.
204 2934 334 2997 Feruentis]
348 2934 390 2994 Ut,
399 2934 425 2982 in
432 2933 587 3048 precedente
596 2950 651 2984 ver·
685 2951 732 2998 que
744 2935 841 2994 Animae
850 2951 906 2984 cum
918 2935 1068 3000 Corporibus
1078 2932 1224 2996 intereunt),

114 3013 150 3057 su,
159 3001 286 3061 perspicis:
301 3004 423 3062 pereutit
454 2999 546 3048 ambini
555 2999 652 3049 admitti
685 3008 837 3049 mortuorum
848 3009 953 3064 spectra.

114 3077 164 3111 non
176 3062 255 3112 debet.
718 3065 757 3113 et.
777 3067 833 3113 Cum
851 3067 949 3128 Corpore
965 3063 1068 3127 compto]
1086 3066 1165 3126 Cepia,
1179 3078 1224 3115 seu

147 3128 186 3176 26.
207 3130 254 3177 Sed
269 3132 375 3191 quoniam
390 3131 464 3188 doctu,
482 3128 538 3191 etc]
551 3129 610 3177 Ver.
628 3127 651 3180 7.
684 3137 774 3191 coepta,
792 3129 885 3186 Faber;
908 3139 936 3178 ut
952 3138 978 3178 et
993 3129 1034 3178 lib.
1055 3129 1107 3178 Ill.
1125 3146 1148 3178 v.
1166 3131 1224 3188 268,

114 3191 220 3241 breviter
231 3202 343 3242 recenset
354 3209 383 3242 ea
399 3209 453 3256 quae
468 3193 495 3242 in
511 3194 651 3257 pracedeu-
686 3195 741 3241 260.
753 3197 879 3256 quibusque
892 3196 986 3257 compto
997 3194 1076 3242 modis
1087 3197 1187 3257 uigeant

114 3257 180 3305 tibus
191 3257 260 3305 libris
276 3258 457 3321 disputaveram
475 3256 555 3322 primo
572 3266 597 3306 et
613 3266 652 3306 se·
719 3260 757 3306 32.
778 3261 851 3307 ordio
859 3258 950 3320 primo]
964 3257 1108 3306 Primordia.

114 3322 195 3369 cundo
212 3320 275 3370 libro
291 3325 423 3370 Atomorum
440 3330 561 3379 naturam,
580 3321 652 3370 affec·
712 3317 757 3370 ¹34.
774 3325 861 3371 Rerum
872 3321 1015 3384 Simulacru]
1031 3321 1152 3384 intelligit
1167 3335 1223 3385 epe-

114 3385 202 3443 tiones,
211 3394 293 3433 motus
304 3385 409 3447 denique
421 3394 446 3434 et
457 3385 561 3434 concilia
572 3384 651 3434 absol·
685 3384 736 3434 cies
745 3402 835 3444 rerum,
845 3402 905 3449 quas
914 3387 987 3450 vulgo
998 3385 1171 3434 intentionaler
1180 3401 1223 3434 vo-

114 3459 198 3505 verat;
215 3449 241 3497 in
258 3449 338 3508 tertio,
350 3448 472 3514 principia
488 3449 583 3506 animae,
598 3449 652 3497 ani·
685 3459 750 3507 caut,
769 3450 863 3508 εἴδωλα,
879 3449 975 3510 τύπους,
993 3449 1085 3511 ὑμένας,
1102 3452 1224 3499 membra·

114 3528 228 3576 mamque
235 3513 314 3577 ipsam
323 3523 373 3562 tam
381 3513 483 3578 Corpori
490 3516 652 3576 conjunctam,
685 3514 764 3571 nulus,
782 3515 880 3563 effluvio
898 3531 930 3564 ex
950 3515 1080 3578 superficie
1099 3530 1224 3579 corporea,

114 3593 188 3642 quam
204 3594 219 3627 a
235 3579 271 3626 Co
302 3593 344 3627 ore
360 3587 497 3643 separatam
513 3578 652 3627 considera·
686 3594 740 3642 quoe
761 3594 793 3627 ex
815 3580 928 3629 omnibus
949 3580 1049 3628 omnino
1070 3580 1144 3630 rebus
1166 3597 1223 3645 per·

114 3652 199 3699 verat;
227 3651 253 3692 et
291 3643 370 3701 einde,
394 3659 417 3692 r.
442 3644 479 3691 18.
502 3643 575 3706 hujus
596 3642 653 3692 libri
704 3652 761 3692 etuo
794 3654 916 3704 emanant,
950 3653 975 3694 et
1006 3643 1101 3694 animos
1134 3645 1223 3710 impel-

113 3707 194 3773 quarti
214 3717 385 3772 argumentum
407 3707 584 3772 complectitur,
603 3706 651 3757 viz.
683 3659 746 3756 lunt.
775 3708 872 3758 Latinis
888 3717 986 3772 metro,
994 3713 1087 3773 figure,
1104 3713 1224 3774 imagines,

113 3785 169 3838 aget
185 3774 216 3822 de
233 3773 394 3831 simulachris,
406 3789 467 3836 quae,
481 3772 556 3822 veluti
573 3789 650 3822 mem·
684 3776 788 3837 effigies:
822 3789 918 3836 quorum
950 3778 1050 3830 incursu,
1084 3783 1113 3823 ut
1144 3775 1225 3839 inquit

112 3841 195 3887 branae
209 3837 360 3900 corticesque
377 3854 514 3902 corporum,
534 3853 549 3886 a
569 3853 651 3887 rerum
685 3839 772 3887 Cicero
783 3854 815 3886 ex
827 3838 943 3903 Epicuro,
957 3840 977 3887 1.
990 3839 1021 3886 de
1034 3838 1088 3887 ein.
1100 3856 1144 3888 nou
1160 3842 1225 3889 modo

112 3901 604 4016 tntfllttttttiflusstinillil?
620 3902 651 4016 ἶῐ
684 3906 1069 4032 innitenti&
1093 3969 1140 4016 ωε
1166 3969 1214 4018 ooo

112 4032 207 4081 sincera
222 3984 367 4109 lnteqraque
384 3984 524 4091 {dveniens
542 4003 603 4081 tum,
611 4048 651 4082 res
687 4035 736 4086 Quo
755 4049 815 4082 nuuc
838 4037 925 4098 insigni
944 4033 988 4096 pe'r
1006 4051 1102 4097 magnas
1121 4003 1224 4096 piaedtto

112 4097 358 4210 verasperciprmus3
376 4097 398 4146 si
414 4097 533 4157 mutilata,
546 4097 651 4156 inversa,
685 4105 760 4146 terror
784 4097 907 4147 Horriflce
922 4095 1005 4161 fertur
1025 4101 1110 4147 divine
1135 4101 1225 4147 Matris

114 4169 157 4209 aut
172 4177 228 4209 cum
248 4162 302 4211 aiis
320 4163 458 4225 coniuncta,
474 4163 533 4210 inde
550 4170 651 4210 centau-
684 4165 766 4226 imago.

114 4238 205 4283 rorum,
216 4226 350 4276 etaliorum
361 4227 387 4275 id
398 4242 477 4291 genus
487 4236 652 4276 monstrorum
718 4229 757 4276 41.
774 4227 881 4290 Nesorte
890 4226 1000 4290 Animos]
1013 4228 1071 4276 Huc
1081 4225 1160 4275 tendit
1173 4227 1222 4274 Lu·

115 4289 301 4353 phantasmatu3
324 4291 455 4354 aliquando
475 4291 550 4343 etiam
570 4291 650 4355 (nam
685 4291 784 4351 cretius,
805 4309 862 4341 nam
882 4307 915 4342 ex
934 4291 1048 4342 instituto
1067 4290 1169 4353 Epicuri
1192 4290 1224 4339 τὰ
