2872 4852
469 235 639 304 LIBER
668 238 885 308 PRIMUS.

209 390 379 468 Concedit,
395 412 501 475 neque
515 395 708 478 corporibus
723 395 823 462 finem
837 418 912 461 esse
928 399 1093 465 secandis:

143 504 191 550 sss
209 492 321 566 Quare
335 493 368 556 in
382 501 522 577 utraque
537 493 615 558 mihi
629 498 753 581 pariter
766 499 891 564 ratione
905 500 1036 565 videtur

208 593 343 671 Errare,
357 603 457 677 atque
472 593 558 672 lm,
575 618 694 681 supera
708 621 791 683 quos
807 601 947 666 diximus
962 611 1048 667 ante.

249 694 350 760 Adde
365 696 454 780 quod
468 697 629 763 imbecilla
641 700 736 764 nimis
753 700 936 767 Primordia
949 703 1056 788 fingit,

207 797 244 860 Si
258 797 442 863 Primordia
455 811 544 878 sunt,
557 800 651 866 simili
665 825 740 888 quae
754 805 893 889 praedita
907 816 1058 870 constant

206 899 348 977 Natura,
363 912 462 985 atque
477 901 558 986 ipsae
570 925 625 968 res
641 915 738 983 sunt,
761 928 921 991 aequeque
935 905 1094 986 laborant,

142 1014 190 1061 aso
204 1002 251 1067 Et
265 1013 416 1088 pereunt,
431 1026 537 1089 neque
553 1007 596 1069 ab
610 1006 711 1072 exitio
726 1029 780 1072 res
795 1006 862 1073 ulla
874 1008 1047 1074 refraenat:

205 1104 293 1168 Nam
308 1106 387 1189 quid
402 1106 436 1170 in
450 1127 612 1191 oppressu
626 1107 734 1174 valido
749 1110 882 1175 durabit
897 1120 1021 1189 eorum,

206 1206 254 1272 Ut
268 1217 405 1272 mortem
417 1207 555 1294 effugiat
568 1207 650 1276 lethi
665 1213 727 1277 sub
741 1212 894 1278 dentibus
911 1212 1014 1297 ipsis?

205 1307 309 1394 Ignis?
319 1309 759 1396 anHumortanAnralquid
765 1312 895 1377 horum?
903 1311 1228 1398 SanguenlanOssal

204 1409 274 1489 Nil,
290 1421 327 1475 ut
342 1411 469 1494 opinor,
485 1412 542 1475 ubi
555 1434 599 1476 ex
614 1434 708 1496 aequo
722 1434 776 1477 res
794 1412 941 1478 fimditus
955 1415 1057 1479 omnis

140 1525 187 1572 855
206 1510 291 1576 Tam
305 1511 449 1578 mortalis
464 1514 538 1591 erit,
553 1536 651 1597 quam
665 1536 740 1599 quae
753 1514 923 1582 manifesta
937 1516 1083 1581 videmus

204 1615 260 1679 Ex
274 1613 376 1680 oculis
390 1615 510 1679 nostris
526 1614 633 1700 aliqua
646 1617 677 1680 vi
691 1617 777 1682 victa
789 1618 908 1702 perire·

131 1771 133 1777 .
202 1717 251 1781 At
264 1738 371 1801 neque
385 1717 533 1783 recidere
547 1718 590 1782 ad
605 1717 754 1783 Nihilum
768 1741 822 1784 res
836 1741 946 1804 posse,
961 1741 1068 1805 neque
1082 1730 1193 1786 autem

203 1820 361 1884 Crescere
374 1820 417 1885 de
432 1819 558 1897 Nihilo,
574 1829 678 1885 testor
692 1841 745 1886 res
761 1831 837 1886 ante
851 1823 1018 1906 probatas.

244 1920 423 2000 Praeterea,
439 1923 591 2006 quoniam
605 1922 708 1988 Cibus
724 1933 824 2009 auget
838 1946 970 2010 corpus,
986 1923 1126 2010 alitque;

138 2034 186 2082 860
203 2022 295 2088 Scire
308 2023 395 2102 licet,
411 2025 505 2089 nobis
521 2024 646 2102 Venas,
662 2035 696 2090 et
711 2023 877 2110 Sanguen,
893 2036 928 2091 et
943 2026 1044 2104 Ossa,

200 2125 249 2190 Et
263 2125 394 2190 Nervos
409 2125 596 2210 alienigenis
612 2149 655 2191 ex
670 2128 819 2211 partibus
833 2149 925 2193 esse:

201 2227 276 2290 Sive
293 2227 394 2291 Cibos
410 2229 531 2292 omneis
547 2228 714 2292 commisto
729 2249 866 2312 corpore
882 2229 993 2292 dicent

200 2329 299 2406 Esse,
314 2338 348 2392 et
361 2328 485 2392 habere
499 2328 533 2391 in
548 2351 583 2392 se
598 2328 786 2393 Nervorum
800 2350 939 2411 corpora
952 2350 1065 2412 parva,
1101 2396 1105 2402 ,

201 2430 366 2513 Ossaque,
378 2439 416 2493 et
432 2429 560 2493 omnino
575 2429 700 2506 Venas,
716 2430 905 2515 parteisque
920 2428 1075 2506 Cruoris;
1135 2455 1138 2460 ’

136 2541 183 2591 865
200 2529 286 2610 Fiet,
301 2532 350 2596 uti
364 2530 467 2597 Cibus
483 2530 586 2597 omnis
600 2540 635 2596 et
649 2530 772 2609 aridus,
788 2541 822 2596 et
837 2529 964 2615 Liquor
978 2529 1062 2616 ipse,

146 2738 201 2791 847.
218 2738 652 2804 AddcqaodimbeeillmthTertio,
683 2747 754 2802 gunt,
772 2741 881 2803 Sanguis,
895 2755 926 2788 55
945 2741 1038 2788 usam?
1064 2739 1145 2786 Ossam
1160 2735 1226 2786 enim

113 2819 136 2852 v.
156 2805 194 2853 12.
216 2805 304 2868 arguit,
327 2805 392 2868 quod
414 2820 470 2854 cum
492 2804 653 2868 Anaxagoras
685 2814 780 2853 veteres
792 2812 935 2868 agnowunt
970 2801 1225 2860 Hisadderem,Soa·

113 2867 186 2917 vellet
197 2879 309 2919 constare
325 2869 415 2918 similia
431 2885 463 2919 ex
480 2869 608 2928 similibus,
627 2878 653 2918 et
682 2872 738 2932 guis
749 2873 801 2917 aa?
820 2870 851 2917 Os
862 2871 913 2918 555

112 2932 234 2998 principia
245 2949 298 2982 esse
310 2934 418 2996 ejusdem
429 2933 503 2999 plane
514 2949 649 2982 cumtcom·
717 2933 772 2981 856.
794 2931 874 2995 Victa]
887 2931 917 2980 B.
929 2933 1027 2982 055555.

111 2997 305 3060 ponderaturus,
313 3008 463 3061 sequeretur,
473 2997 649 3063 utoomposita,
716 2998 772 3045 859.
793 2999 920 3055 Promea,
943 2999 1049 3058 quoniam
1067 2996 1144 3053 05555,
1167 2992 1224 3056 etc]

110 3061 147 3110 sio
164 3062 238 3112 etiam
254 3062 376 3127 principia
391 3063 493 3112 interire
510 3078 598 3127 posse:
625 3071 651 3110 et
683 3062 785 3120 Quarto,
793 3077 816 3110 r.
825 3062 847 3110 9.
855 3060 972 3125 praeclare
979 3060 1102 3123 disputatr
1112 3055 1226 3108 exvariis

112 3126 179 3175 nulla
189 3136 256 3176 certe
265 3127 327 3178 ratio
339 3135 383 3185 est,
393 3142 444 3185 cur,
456 3127 478 3177 si
490 3129 567 3188 major
583 3141 649 3188 quoe·
682 3125 807 3175 alimentis
818 3141 872 3188 quae
884 3123 1043 3174 dissimilibus
1053 3138 1154 3188 prorsus
1166 3138 1224 3171 con·

111 3190 168 3240 dam
182 3190 263 3240 carnis
278 3192 360 3254 portio
374 3191 526 3256 corruptioni
544 3190 651 3241 obnoxia
683 3199 751 3239 stant
760 3188 871 3252 partibus
887 3204 991 3252 corpora
1006 3197 1091 3236 nostra
1109 3186 1224 3235 nutriun-

110 3255 151 3314 sit,
179 3271 229 3305 non
257 3255 291 3304 sit
315 3271 411 3319 quoque
434 3254 539 3304 obnoxia
561 3254 649 3314 minor,
683 3249 1223 3324 tur,undepertesnostricorporisdrss1ma

110 3335 168 3369 cum
195 3319 277 3379 etiam,
295 3320 393 3369 tametsi
417 3319 535 3368 consutas
554 3319 581 3367 in
603 3318 649 3368 ali·
682 3317 746 3367 libus
769 3329 882 3367 constare
900 3315 1019 3379 sequitur,
1037 3314 1140 3378 singulm
1158 3329 1225 3364 emm

111 3400 159 3446 qua
184 3383 293 3442 minima,
320 3399 371 3433 non
398 3392 522 3458 appareat,
549 3398 649 3444 quamo-
681 3392 772 3447 partes,
785 3382 855 3439 Ossa,
868 3376 1224 3438 metamaucensem

110 3447 247 3506 bremide,
267 3448 326 3497 dum
345 3461 401 3496 caro
420 3455 460 3505 srt,
479 3446 532 3511 pati
550 3446 650 3509 aliquid,
683 3455 709 3493 et
719 3443 878 3495 dissimilibus
889 3441 1013 3492 alimentis
1021 3441 1170 3491 nutriuntur.
1196 3442 1224 3492 Si

111 3511 252 3574 destruique
268 3526 317 3560 non
333 3509 426 3574 possit:
449 3519 475 3560 at
491 3511 513 3558 si
529 3509 652 3574 principia
683 3519 766 3559 autem
788 3509 872 3558 dicant
892 3507 940 3557 ista
960 3507 1077 3556 alimenta
1096 3505 1223 3556 continere

110 3573 650 3640 corrumpantur,inNibtlamreeident,quod
682 3573 815 3639 particulas
831 3574 978 3632 Nervorum,
996 3571 1103 3631 Ossium,
1120 3580 1166 3620 etc.
1185 3571 1222 3621 ia·

109 3641 242 3691 absurdum
257 3649 282 3688 et
297 3639 447 3704 impossibile
463 3654 517 3688 esse
532 3639 590 3687 olim
606 3639 648 3687 de·
682 3647 781 3687 teantur
800 3653 900 3687 necesse
920 3646 1028 3688 estnon
1048 3652 1101 3686 esse
1119 3635 1146 3685 in
1168 3635 1223 3685 istis

109 3714 272 3755 monstratum
284 3713 327 3754 est.
682 3702 825 3767 corporibus
838 3717 984 3765 eam,quam
1000 3699 1075 3750 finxit
1088 3700 1129 3750 An
1210 3727 1221 3738 -

143 3773 198 3818 852.
216 3767 392 3832 8555555555]
405 3767 464 3826 Alii,
478 3771 521 3818 555
535 3771 648 3817 55555555.Ι
681 3783 728 3825 ras,
747 3766 963 3817 Homoeomeriam.
996 3765 1113 3815 Diversae
1130 3774 1155 3813 et
1189 3765 1222 3814 is·

109 3835 208 3898 quidam
220 3834 284 3893 libri,
296 3837 461 3884 subeuntibus.-
482 3833 597 3883 Muretus
612 3832 647 3880 le·
681 3831 774 3881 similes
784 3841 868 3897 partes
879 3834 1021 3895 5555535555
1032 3838 1159 3893 nuncupat
1170 3829 1221 3878 Im·

108 3900 154 3964 git,
164 3902 330 3952 submotidas:
346 3906 373 3948 at
382 3901 489 3946 55555555
499 3896 580 3962 aptius
589 3913 648 3945 con·
681 3896 779 3955 cretius,
792 3912 852 3960 quas
863 3904 960 3945 retenta
972 3911 1030 3944 voce
1046 3895 1133 3943 Graeca
1148 3893 1222 3957 vulgo

109 3964 178 4078 penit
195 3981 303 4028 appream
320 3965 404 4021 555555,
424 3961 451 4011 in
467 3977 540 4012 versu
556 3976 648 4026 praece·
681 3960 896 4025 ottorogorram
913 3959 1006 4010 similes
1021 3961 1221 4022 5555555555-

127 4038 186 4077 eun.
681 4041 772 4075 camus.

143 4095 198 4142 858.
223 4095 350 4156 &egeant
374 4108 405 4140 55
429 4088 520 4152 05555]
541 4091 648 4154 Sanguis,
714 4091 768 4138 861.
789 4090 865 4139 Hunc
882 4069 980 4138 versum
996 4086 1067 4136 multi
1084 4084 1153 4160 codd.
1171 4099 1222 4158 non

110 4174 169 4206 5555
180 4162 223 4206 os?
240 4155 360 4214 Giianius,
370 4158 649 4219 Sangabontaaaeos?
681 4163 824 4219 agnoscunt,
831 4154 897 4218 quod
903 4152 1058 4203 librariorum
1064 4165 1115 4262 nep
1129 4155 1222 4212 gentroe

111 4222 136 4269 N
138 4221 227 4272 ardius.
244 4221 320 4272 codd.
339 4223 464 4284 &agninis
474 4222 506 4268 55
516 4236 571 4268 nos.-
589 4221 648 4268 855-
681 4218 852 4284 imputandum
864 4227 908 4277 est,
920 4217 990 4268 illum
1000 4215 1067 4266 enim
1077 4229 1099 4264 sr
1116 4209 1220 4261 iventii-

109 4289 189 4349 gatar's
200 4302 268 4336 onos:
286 4288 385 4348 Sanguis
397 4284 487 4347 ὁμοίως.
516 4283 601 4347 Aliqui
612 4283 648 4331 ie·
682 4293 722 4333 cat
734 4281 869 4333 Lucretius.
