2924 4860
461 246 634 313 LIBER
666 246 930 322 QUINTUS.
1186 251 1250 314 293

229 404 374 482 Auxilia,
391 415 425 469 et
440 405 544 470 socios
555 407 624 490 jam
640 415 737 489 pacto
751 405 877 470 foedere
892 404 1077 469 habebant:

230 507 436 573 Carminibus
451 529 525 571 cum
539 529 593 572 res
608 517 719 591 gestas
734 506 867 592 coepere
883 505 998 570 Poetae

228 610 396 689 Tradere3
421 631 480 674 nec
494 608 596 673 multo
611 609 693 694 priu’
710 619 786 674 sunt
801 609 974 674 Elementa
988 618 1130 693 reperta.

155 724 217 770 1441
230 711 411 797 Propterea
426 712 505 796 quid
522 714 563 776 sit
578 714 669 796 prius
685 723 793 776 actum
807 712 971 795 respicere
987 721 1067 775 aetas

228 814 355 878 Nostra
370 815 493 898 nequit,
509 815 571 878 nisi
586 837 652 899 qua
666 815 749 878 ratio
764 814 899 898 vestigia
914 823 1085 878 monstrat.

271 916 424 1002 Navigia,
441 927 539 1000 atque
555 916 640 1002 Agri
655 915 811 992 culturas,
829 915 967 992 Moenia,
986 915 1107 1001 Leges,

144 1057 149 1062 -
229 1017 343 1097 Arma,
358 1020 452 1096 Vias,
467 1018 612 1095 Vesteis,
629 1029 662 1082 et
677 1027 797 1083 caetera
812 1018 853 1082 de
869 1039 989 1102 genere
1003 1018 1132 1097 horum,

229 1121 379 1197 Praemia,
397 1121 528 1185 delicias
544 1141 674 1204 quoque
689 1120 764 1183 vitae
780 1118 926 1183 funditus
942 1121 1077 1197 omneis,

156 1236 218 1281 1450
231 1222 392 1299 Carmina,
410 1222 572 1298 Picturas,
588 1232 622 1285 et
636 1219 764 1284 daedala
780 1221 872 1305 signa
887 1220 1001 1305 polire,

230 1324 334 1401 Usus,
350 1335 384 1388 et
398 1312 552 1408 impigrae*
559 1322 652 1388 simul
669 1322 884 1407 Experientia
898 1325 1015 1388 mentis

231 1425 404 1490 Paullatim
417 1427 529 1490 docuit
543 1427 744 1511 pedetentim
756 1426 1015 1510 progredientes.

207 1526 211 1533 ’
232 1531 286 1594 Sic
301 1553 401 1594 unum
415 1530 572 1615 quicquid
587 1528 754 1614 paullatim
768 1528 931 1613 protrahit
945 1540 1025 1593 aetas

229 1635 269 1698 In
283 1635 435 1710 medium,
453 1635 599 1718 ratioque
615 1633 649 1696 in
662 1631 790 1697 luminis
805 1633 890 1696 eruit
904 1655 994 1696 oras:

157 1750 218 1797 145⁵
231 1736 385 1820 Namque
401 1735 466 1800 alid
482 1758 524 1801 ex
539 1735 602 1799 alio
617 1733 795 1800 clarescere
810 1735 908 1800 corde
923 1734 1069 1798 videmus

228 1838 380 1918 Artibus,
396 1839 436 1902 ad
455 1859 613 1902 summum
628 1837 732 1902 donec
747 1836 866 1900 venere
881 1858 1046 1900 cacumen.

142 2090 211 2135 Mare
227 2091 343 2136 velivolum
355 2090 454 2147 florebat
471 2086 554 2135 Protei
571 2086 602 2133 ad
619 2101 680 2133 oras.
732 2085 814 2133 lacent
832 2085 882 2134 illis
902 2085 963 2133 nihil
981 2101 1089 2149 unquam
1109 2087 1253 2151 displiceat:

144 2152 247 2200 Proteus
264 2152 358 2214 etipse
376 2153 446 2199 Deus
462 2151 579 2208 marinus,
596 2158 682 2212 utpote
715 2102 849 2198 hambinus
866 2151 962 2198 invenit
977 2150 1004 2198 in
1022 2151 1166 2213 quibusdam
1182 2151 1252 2199 codd.

143 2216 183 2278 qui
194 2217 288 2279 primus
298 2215 423 2278 navigasse
433 2215 553 2262 creditur:
570 2229 615 2261 orae
624 2229 682 2260 vero
715 2217 810 2262 navibus
818 2219 911 2276 pandis,
924 2225 949 2262 et
965 2215 1019 2263 istis
1030 2215 1130 2264 vocibus
1141 2232 1187 2280 ego
1199 2215 1253 2278 qui-

143 2284 229 2338 Protei,
253 2290 312 2328 sunt
333 2295 383 2327 orae
405 2278 431 2327 in
454 2278 541 2341 quibus
564 2279 681 2340 regnabat
714 2278 769 2325 dem
782 2288 918 2326 contentus.

144 2345 254 2401 Proteus,
272 2344 398 2406 inquibus
414 2343 527 2391 omnibus
544 2341 680 2403 navigatio·
748 2344 818 2390 1455.
835 2341 1251 2409 1111111111Ιὶ1,111111111;11111-

143 2425 200 2457 nem
222 2409 333 2457 floruisse
356 2408 466 2456 affirmat.
511 2406 607 2462 Quibus
629 2406 681 2454 haec
714 2405 768 2454 rite.

176 2732 255 2785 Quos
268 2747 316 2779 av.
329 2732 367 2779 56.
381 2731 445 2779 adv.
458 2728 513 2781 417.
529 2729 613 2788 solem,
632 2739 680 2778 ter·
716 2731 823 2778 Demum
844 2730 898 2793 quis
913 2729 975 2778 ferat
995 2729 1065 2778 illum
1083 2730 1174 2793 culpas,
1193 2745 1254 2792 quas

144 2811 204 2854 ram,
216 2811 291 2855 mare,
306 2805 382 2844 totam
393 2795 498 2858 denique
515 2795 599 2843 mundi
614 2811 680 2843 com·
715 2805 792 2854 vocat,
810 2795 894 2843 mundi
912 2803 1104 2853 enumerantem,
1122 2794 1183 2842 falso
1200 2809 1252 2843 om·

144 2876 231 2925 pagem
253 2877 298 2908 nec
321 2862 351 2909 ab
372 2869 462 2909 aeteruo
483 2860 567 2917 fuisse,
588 2875 633 2908 nee
655 2860 682 2908 in
714 2876 766 2917 nes,
789 2869 814 2907 et
837 2859 967 2908 vanissime
990 2860 1099 2908 effictas?
1136 2858 1253 2907 Haeccine

145 2935 264 2974 aternum
278 2926 418 2974 duraturam
435 2926 529 2982 asserit,
547 2925 572 2972 id
584 2925 683 2987 quidem
716 2941 775 2973 vero
794 2924 853 2972 vitia
867 2924 893 2971 in
910 2940 974 2972 novo
991 2933 1017 2972 et
1032 2924 1126 2972 recenti
1142 2924 1251 2972 mundo?

144 2989 192 3054 piis
204 2990 316 3039 omnibus
328 2999 353 3038 et
366 2990 431 3038 sanis
449 2989 604 3054 Philosophia
615 3006 682 3038 corn-
718 2991 747 3038 Id
755 2989 853 3052 quidem
862 2999 935 3052 negat
943 2989 997 3053 ipse
1004 2989 1141 3047 Lucretius,
1150 2989 1254 3052 ideoque

144 3070 232 3111 mune;
251 3055 316 3118 quod
327 3071 385 3103 vero
397 3054 571 3104 verisimilibus
582 3055 682 3118 quibus·
715 3055 800 3119 inepte
808 3053 930 3102 facitdum
942 3053 1009 3102 labes
1017 3054 1149 3117 ruinasque
1156 3053 1254 3102 aedilicii

145 3121 208 3177 dam,
237 3119 302 3168 veris
330 3129 411 3168 autem
445 3120 530 3169 multis
557 3120 682 3183 firmisque
715 3119 788 3182 longa
799 3128 870 3167 111111
881 3119 1030 3167 dehiscentis
1041 3119 1147 3182 imputat
1157 3117 1253 3166 artifici.

144 3184 280 3233 rationibus
298 3186 392 3248 probat,
411 3184 472 3232 illud
488 3200 547 3232 sane
568 3184 683 3232 Lucretio
748 3185 771 3230 A
790 3200 812 3231 v.
831 3182 886 3233 117.
905 3183 976 3231 adv.
996 3185 1051 3230 509.
1070 3182 1154 3231 mundi
1172 3191 1255 3231 ortum

145 3249 392 3313 propriumvidetur;
410 3249 608 3297 necmelioraun
626 3265 682 3296 uam
715 3248 837 3305 describit,
861 3263 908 3309 qua
930 3247 1094 3311 descriptione
1122 3247 1189 3294 nulla
1217 3254 1255 3294 est

146 3314 256 3377 (semper
272 3314 368 3376 excipio
385 3329 465 3362 sacras
481 3266 626 3377 scripturadl
643 3327 682 3360 ar-
716 3313 781 3376 apud
797 3312 952 3375 physiologos
963 3321 1006 3359 aut
1017 3311 1095 3373 magis
1106 3310 1255 3368 verisimilis,

146 3388 263 3441 gumenta
274 3377 392 3425 iuvenies.
428 3377 536 3440 Ideoque
548 3377 625 3440 magis
637 3377 683 3424 mi·
716 3385 758 3424 aut
768 3376 845 3438 magis
854 3384 971 3423 venusta:
988 3375 1109 3438 gravitate
1117 3389 1161 3422 sua
1169 3376 1252 3424 ierun-

147 3443 251 3490 randum
268 3450 312 3500 est,
329 3451 379 3490 tam
396 3442 540 3506 praeclarum
556 3441 683 3504 ingenium
716 3449 756 3488 tur
774 3439 856 3497 atomi,
876 3449 1032 3498 concurrunt,
1055 3439 1113 3488 inde
1132 3439 1254 3498 resiliunt,

147 3507 279 3555 inseruisse
295 3506 377 3554 futiles
393 3507 453 3554 istos
469 3522 554 3555 versus
566 3522 581 3554 a
591 3523 613 3554 v.
629 3503 681 3556 157.
716 3514 741 3552 11
756 3520 802 3568 pro
819 3503 886 3552 varia
902 3503 1018 3568 ponderis
1034 3503 1144 3566 ictusque
1159 3504 1255 3553 ratione

147 3572 179 3620 ad
203 3588 226 3620 v.
255 3572 310 3619 236.
332 3571 419 3633 quibus
442 3571 555 3619 evincere
582 3580 684 3619 conatur
715 3568 742 3618 in
753 3568 911 3618 diversaloca
922 3569 1058 3628 discedunt,
1069 3568 1152 3633 ibique
1162 3569 1253 3618 coales-

147 3637 266 3685 muudum
275 3637 341 3684 hunc
350 3653 364 3684 a
374 3637 429 3684 Deo
437 3651 486 3684 uon
495 3635 570 3685 fuisse
579 3635 683 3684 factum:
716 3644 782 3683 cunt.

147 3702 219 3766 fingit
237 3701 302 3750 enim
326 3703 407 3750 Deum
430 3717 531 3766 parcum
550 3700 624 3749 nimis
640 3716 684 3749 seu
749 3698 872 3754 Quoniam
888 3714 947 3747 vero
964 3715 979 3747 a
995 3715 1018 3747 v.
1037 3700 1092 3747 510.
1110 3699 1139 3747 ad
1157 3716 1180 3748 v.
1199 3698 1254 3752 770.

148 3768 230 3832 potius
242 3766 395 3825 malevolum,
407 3766 449 3829 qui
465 3766 527 3814 nihil
539 3765 615 3814 nostri
626 3781 683 3814 cau·
717 3780 765 3813 non
782 3779 857 3813 unam
873 3772 1013 3826 certamque
1030 3779 1128 3812 causam
1144 3774 1256 3814 motuum

147 3849 182 3891 sa,
194 3832 277 3881 omnia
288 3847 346 3880 vero
363 3832 401 3880 sui
418 3831 576 3880 emolumenti
593 3829 685 3878 intuitu
716 3829 860 3887 coelestium,
869 3829 999 3893 eclipseev,
1012 3828 1061 3877 diei
1073 3838 1098 3877 et
1109 3831 1195 3888 noctis,
1208 3839 1254 3878 etc.

148 3907 211 3962 agat
241 3897 346 3952 Qualem
356 3895 433 3959 siquis
444 3897 531 3960 pingat
542 3894 685 3958 Epicurum,
718 3909 753 3952 ea,
766 3911 813 3957 qua
825 3894 867 3942 alii
884 3894 970 3953 solent,
986 3893 1123 3957 pertinacia
1139 3894 1255 3958 assignat,

147 3963 218 4011 illum
229 3962 318 4011 dicasis
333 3961 493 4026 impudentia
510 3960 584 4008 Poeta
600 3968 684 4023 postu·
718 3959 774 4008 ideo
790 3960 936 4022 quibusdam
952 3959 1192 4019 111111111·,1111111111,Ι
1210 3975 1257 4022 ego

148 4027 217 4075 laret
260 4027 357 4075 Deinde
380 4025 497 4090 supponit
519 4040 616 4073 omnem
638 4024 686 4073 Dei
718 4040 777 4073 vero
787 4025 909 4073 contendo
920 4024 1000 4081 istam,
1011 4039 1084 4086 quam
1093 4034 1187 4080 vocant,
1198 4039 1256 4072 con-

149 4089 687 4154 1111111111111111111111111111111111111πὶ1
719 4089 834 4139 stantiam
850 4090 877 4137 in
894 4089 1017 4154 Epicureo
1035 4088 1182 4152 Physiologo
1196 4087 1255 4136 ridi-

149 4156 565 4220 (11111111111111111111111111
584 4154 686 4203 nonille
719 4154 799 4203 culam
821 4155 881 4214 iore,
904 4154 995 4218 quippe
1017 4153 1100 4200 omnia
1122 4168 1176 4199 1111
1204 4151 1258 4199 fieri

150 4235 222 4281 quem
234 4221 339 4285 percipit
347 4237 416 4270 mens
427 4222 541 4279 humana,
551 4235 623 4284 quem
634 4235 686 4267 om·
720 4219 870 4284 pronuntiat,
883 4234 962 4282 neque
972 4217 1027 4280 quis
1038 4216 1109 4264 facile
1120 4216 1258 4279 deprehen-

151 4299 195 4332 nes
217 4295 302 4347 gentes
324 4296 459 4350 agnoscunt
481 4295 506 4334 et
531 4295 685 4334 venerantur.
720 4279 1259 4345 datunameertamquecausam,cumeadem
