2872 4852
469 231 642 299 LIBER
671 231 928 299 TERTIUS.
1192 221 1265 299 tus

231 387 306 454 Nec
320 399 386 453 tam
400 389 518 456 doctus
532 413 627 475 equae
640 388 761 475 pullus,
778 397 874 475 quum
889 389 983 455 fortis
998 389 1074 474 equi
1085 389 1155 454 visi

230 489 266 553 Si
281 513 345 554 non
360 502 450 557 certa
464 515 525 557 suo
539 493 616 577 quie
631 492 764 569 semine,
781 493 980 577 seminioque
1134 485 1137 490 ⁸

166 600 213 652 765
229 591 290 656 Vis
302 591 413 658 Animi
428 595 550 678 pariter
563 595 680 660 crescit
694 617 768 660 cum
781 595 930 679 Corpore
944 605 1026 659 toto.

230 692 361 760 Scilicet
375 696 409 760 in
424 706 538 762 tenero
552 707 756 762 tenerascere
773 697 920 782 Corpore
937 697 1085 761 Mentem

229 794 444 882 Confugient3
468 799 558 883 quod
573 799 601 863 si
610 799 679 884 jam
693 798 743 876 fit,
759 797 881 864 fateare
897 821 1031 864 necesse
1045 797 1097 876 'st,

229 897 405 965 Mortalem
418 923 491 966 esse
507 899 669 979 Animam,
685 892 837 986 quoniam
850 911 974 967 mutata
989 923 1048 986 per
1063 910 1153 966 artus

229 999 418 1087 Tantopere
433 1003 550 1067 emittit
564 1003 673 1080 vitam,
691 1024 885 1086 sensumque
900 1004 1052 1087 priorem.

164 1109 212 1162 770
271 1103 388 1177 Quove
403 1105 501 1170 modo
514 1105 636 1189 poterit
651 1106 774 1189 pariter
788 1126 861 1170 cum
877 1104 1024 1189 Corpore
1039 1127 1170 1188 quoque

229 1203 429 1270 Confirmata
443 1206 588 1290 cupitum
603 1207 709 1271 aetatis
724 1222 859 1290 tangere
873 1205 987 1270 florem

229 1303 290 1370 Vis
307 1304 429 1383 Animi,
445 1307 507 1370 nisi
520 1308 582 1370 erit
596 1329 730 1372 consors
745 1308 779 1370 in
793 1308 918 1392 origine
931 1307 1057 1392 prime?

229 1404 360 1479 Quidve
376 1407 463 1472 foras
479 1408 540 1472 sibi
554 1407 624 1472 vult
636 1409 787 1473 membris
803 1409 892 1474 exire
908 1410 1072 1474 senectis?

229 1505 286 1572 An
298 1509 413 1573 metuit
427 1508 580 1575 conclusa
595 1532 725 1575 manere
740 1512 775 1574 in
789 1510 935 1596 Corpore
949 1511 1062 1596 putril

165 1619 212 1672 775
228 1609 276 1675 Et
291 1611 406 1676 domus
421 1612 526 1677 aetatis
542 1613 649 1697 spatio
663 1635 706 1678 ne
720 1612 808 1678 fessa
822 1624 951 1680 vetusto

229 1713 385 1779 Obruat?
408 1724 442 1778 at
456 1737 521 1779 non
536 1726 612 1780 sunt
629 1715 806 1782 Immortali
820 1715 886 1781 ulla
900 1715 1032 1802 pericla.

271 1815 425 1901 Denique
440 1818 602 1883 connubia
617 1818 661 1884 ud
676 1817 828 1906 Veneris,
843 1828 1024 1904 partusque
1039 1817 1181 1884 ferarum

228 1918 315 1983 Esse
329 1918 464 1985 Animas
478 1931 612 2007 praesto,
629 1920 844 1987 deridiculum
859 1944 932 1987 esse
948 1921 1098 2000 videtur3

227 2020 274 2087 Et
289 2034 438 2107 spectare
452 2021 659 2088 immortaleis
673 2022 821 2088 mortalia
835 2024 980 2088 membra

162 2134 211 2186 780
229 2123 402 2188 Innumero
417 2147 562 2201 numero,
580 2133 772 2208 certareque
787 2134 1073 2209 praeproperanter

228 2224 318 2289 Inter
334 2247 369 2290 se
384 2248 458 2309 quae
472 2227 587 2309 prima,
602 2226 834 2310 potissimaque
849 2227 1050 2290 insinuetur:

231 2327 346 2391 Sinon
361 2327 445 2391 forte
461 2328 505 2390 ite
521 2337 597 2391 sunt
613 2326 805 2392 Animarum
821 2327 947 2392 foedera
960 2336 1069 2411 pactu,

230 2428 289 2507 Ut,
306 2452 380 2513 quae
393 2429 497 2513 prima
511 2427 622 2492 volans
638 2428 816 2505 advenerit,
832 2429 1014 2493 insinuetur
1073 2512 1075 2516 ι

232 2531 352 2609 Prima,
368 2553 473 2615 neque
488 2531 573 2595 inter
589 2552 623 2594 se
639 2530 838 2595 contendant
852 2529 974 2594 viribus
988 2528 1101 2596 hilum.

176 2749 230 2802 767.
243 2747 440 2814 Corsogtent]Al.
450 2750 594 2813 confingent:
606 2750 679 2798 Lem-
713 2757 765 2798 tum
777 2751 874 2814 Corpus
890 2759 941 2800 tam
956 2750 1106 2814 impotenter
1120 2747 1251 2813 deperiret,

141 2815 221 2874 binus,
233 2819 287 2864 Non
291 2813 395 2880 fugient,
406 2814 433 2863 id
444 2824 488 2872 est,
501 2831 551 2863 non
564 2823 682 2878 poterunt
713 2823 739 2862 et
755 2814 819 2864 uotis
839 2815 890 2865 suis
909 2815 1022 2865 omuibus
1039 2816 1153 2880 optaretl
1179 2813 1252 2864 Unde

141 2896 238 2944 negare.
267 2878 680 2943 HoceuimsignificatLucretiue,
713 2878 787 2928 etiam
804 2882 914 2929 membru
932 2880 1002 2930 senio
1020 2881 1131 2929 confecto
1148 2879 1251 2943 fugeret,

142 2961 192 2994 non
203 2954 319 3010 poterunt
327 2960 416 3008 negare
425 2954 533 2994 mentem
545 2960 598 2993 esse
610 2953 679 2994 tene·
713 2953 739 2992 et
749 2945 817 2994 exire
833 2948 992 3010 properaret?
1018 2944 1168 2994 Immortalis
1184 2943 1251 2993 eninr

142 3025 194 3058 ram
216 3010 243 3059 in
266 3020 351 3059 tenero
373 3011 490 3073 Corpore,
508 3009 576 3058 verbi
587 3045 588 3048 ,
599 3025 679 3068 cause
712 3009 752 3068 sit,
764 3020 789 3059 et
800 3026 925 3073 nunquam
942 3010 1020 3059 teneri
1038 3009 1155 3074 Corporis
1172 3009 1250 3059 imbe·

141 3084 249 3124 mentem
264 3075 335 3140 pueri
352 3074 439 3123 bimuli
457 3083 501 3123 aut
519 3074 613 3149 trimuli
630 3090 680 3123 non
712 3074 847 3135 cillitatem,
860 3084 903 3123 eut
918 3074 1068 3124 senescentis
1084 3075 1181 3124 ruinam
1197 3089 1250 3123 me·

140 3149 546 3268 ddldindmtddddresiesidritedteriill,
562 3139 681 3252 edrdldlldeni
713 3148 801 3255 ω772.
822 3206 863 3252 Vir
878 3206 966 3264 Animi,
982 3204 1040 3267 etc]
1059 3204 1135 3252 Hunc
1153 3219 1251 3253 versum

141 3269 214 3317 modo
230 3270 354 3318 robustam
370 3269 396 3316 in
412 3278 498 3317 tenero
515 3269 624 3332 Corpore
642 3277 678 3316 te·
712 3268 810 3331 quidem
822 3268 891 3317 codd.
903 3283 954 3316 non
965 3277 1107 3331 agnoscunt.

142 3347 227 3381 nerum
236 3332 303 3389 lieri3
321 3348 379 3408 ergo
390 3332 500 3380 mortalis
510 3343 554 3380 est.
583 3332 680 3380 Ethaec
746 3331 801 3383 tta
818 3331 1072 3394 Membris-reuertit]
1094 3331 1134 3380 Sic
1153 3331 1196 3380 lib.
1220 3333 1251 3382 V.

142 3397 292 3454 suadentur
302 3396 393 3453 malim,
405 3394 564 3458 Nonsugt'eot,
575 3395 634 3444 ferri
644 3405 680 3444 te-
709 3411 737 3454 yv.
750 3398 805 3444 884.
830 3400 870 3444 Sic
879 3399 919 3444 uti
927 3413 1007 3458 equum
1016 3399 1100 3445 ualida
1111 3400 1172 3445 uires
1182 3403 1252 3446 atate

142 3475 200 3508 men
210 3470 291 3524 potest
307 3459 460 3523 Coosagtmtr
482 3475 539 3507 cum
556 3459 623 3507 enim
639 3459 682 3508 elii
714 3469 813 3508 senecta
823 3462 972 3522 Membraque
983 3464 1097 3522 delictum.
1115 3461 1149 3510 Et
1159 3478 1183 3510 v.
1196 3463 1251 3511 89ss

142 3525 232 3583 dicant,
245 3541 268 3574 v.
281 3524 336 3576 756.
365 3528 472 3572 Animam
483 3531 571 3572 mutato
583 3527 681 3585 Corpore
713 3527 1104 3586 Nequeproficiuotoetotesenectu.
1115 3525 1252 3584 Sallustius,

136 3587 474 3650 flectircurnoualiiutvim
482 3597 682 3651 argumentorum
717 3591 798 3637 Omnes
817 3593 899 3652 quitto
918 3599 1017 3639 senecto
1037 3594 1133 3653 Corpore
1155 3594 1254 3642 datm

143 3655 271 3714 evitarent,
283 3658 391 3702 Animum
402 3657 426 3702 in
438 3650 514 3702 te'rtero
532 3657 630 3715 Corpore
646 3662 680 3702 te·
713 3657 823 3702 militarit
836 3662 895 3702 erat.

141 3737 268 3778 oerotcem,
280 3721 415 3768 docerent?
443 3719 478 3767 Et
487 3717 535 3767 iste
545 3733 605 3767 voce
616 3721 680 3767 reili-
746 3717 802 3769 776.
819 3721 873 3767 Non
881 3718 1084 3783 aautImmortolt']
1097 3720 1254 3771 Altto‘ttturtt

141 3794 178 3834 cet
194 3801 259 3850 saepe
277 3784 355 3834 utitur
372 3784 448 3832 Poe'ta
466 3799 522 3832 cum
541 3783 681 3832 adversm
706 3784 761 3847 jara
772 3786 907 3832 Immortali.

142 3850 258 3914 effugium
270 3850 331 3900 velit
340 3849 498 3913 praecludere.
747 3847 801 3900 777.
814 3851 920 3912 Denique
926 3853 1037 3898 connubia
1046 3853 1078 3899 od
1088 3851 1252 3915 Veneriam]

175 3916 230 3967 770.
256 3919 331 3968 Quoue
350 3917 416 3962 modo
430 3917 526 3976 poterit,
544 3911 601 3976 etc]
623 3913 683 3962 Post
715 3914 864 3972 Secundum,
881 3930 904 3963 v.
922 3917 945 3962 8.
965 3915 1038 3964 docet
1050 3914 1182 3964 ridiculum
1200 3931 1254 3965 esse

141 3995 249 4045 pugnam
259 3979 361 4028 ummis
370 3979 463 4028 viribus
472 3993 608 4042 magnaque
618 3978 680 4026 Ani-
714 3979 814 4028 credere
832 3979 978 4029 Animarum
994 3980 1064 4042 quasi
1082 3996 1186 4029 examen
1205 3980 1253 4028 cir-

141 4045 177 4093 mi
192 4045 329 4094 intentione
347 4045 519 4108 depugnarem,
536 4054 561 4092 et
577 4044 680 4107 fugatos,
713 4059 835 4094 numerere
846 4045 877 4092 ed
894 4044 981 4104 coitus,
999 4055 1133 4109 partusque
1150 4044 1253 4093 Anima-

141 4110 179 4157 uti
205 4110 328 4174 opinatur,
351 4109 511 4168 adversarios,
537 4117 682 4172 argumenta
713 4109 782 4169 lium,
795 4119 820 4157 et
831 4109 862 4158 de
873 4108 1039 4159 insinuatione
1050 4110 1077 4158 in
1086 4111 1182 4172 Corpus
1190 4108 1256 4156 inter

143 4175 253 4235 quoedam
275 4174 337 4224 levis
358 4184 488 4224 armeturae
510 4183 626 4236 tanquam
649 4173 683 4221 ud
715 4191 741 4223 se
750 4183 836 4223 mutuo
847 4176 1004 4234 contendere,
1016 4174 1063 4223 nisi
1074 4175 1137 4222 forte
1149 4187 1256 4222 conven-

144 4239 251 4300 predum
261 4240 423 4302 colligendam
440 4239 538 4288 emittit
573 4238 682 4287 Primum
716 4249 767 4288 tum
780 4239 819 4297 sit,
837 4248 866 4287 ut
881 4241 961 4304 primo
978 4238 1132 4288 advenientia
1148 4236 1181 4284 eit
1196 4252 1254 4286 cou-

144 4311 234 4362 autem,
246 4320 269 4351 v.
282 4303 303 4354 7.
316 4304 418 4366 inquirit
429 4305 493 4352 unde
507 4303 597 4353 Anima
613 4303 682 4352 adul·
716 4304 777 4353 ditio
788 4303 876 4367 potior.
