2872 4852
147 219 212 281 eie
525 212 568 277 Τ.
601 191 897 275 nuenarii·

237 369 346 434 Mellis
362 367 456 452 Apes
471 368 615 450 quamvis
630 364 727 449 longe
743 364 908 429 ducuntur
923 363 1043 439 odore;

234 471 441 554 Volturiique
457 470 688 534 cadaveribus:
713 478 781 531 tum
795 467 875 530 fissa
889 464 1032 529 ferarum

169 588 216 635 6⁸5
238 572 371 657 Ungula
385 595 451 656 quo
465 570 574 635 tulerit
588 592 748 654 gressum,
764 568 924 651 promissa
939 566 1065 629 Canum
1080 566 1129 628 vis

235 675 358 752 Ducit;
381 684 415 738 et
428 673 605 736 humanum
619 671 715 754 longe
731 670 900 754 praesentit
914 668 1048 732 odorem

237 775 486 839 Romulidarum
501 774 583 837 arcis
600 782 757 848 servator,
773 770 931 835 candidus
948 768 1069 834 Anser.

282 878 336 942 Sic
352 876 421 940 aliis
437 875 517 946 alius
533 876 627 938 nidor
643 874 740 938 datus
755 874 798 936 ad
813 895 872 936 sua
886 894 1048 957 quemque

239 978 366 1042 Pabula
380 979 481 1054 ducit,
499 987 533 1040 et
547 999 566 1039 a
581 986 666 1040 tetro
680 975 804 1042 resilire
819 997 945 1039 veneno

174 1093 222 1140 690
242 1080 358 1165 Cogit3
382 1101 486 1163 eoque
500 1078 597 1142 modo
613 1087 783 1141 servantur
798 1076 892 1141 saecla
906 1076 1058 1140 ferarum.

283 1182 348 1246 Hic
362 1180 458 1245 Odor
472 1181 544 1264 ipse
558 1180 669 1263 igitur,
685 1180 792 1242 nareis
808 1179 992 1262 quicunque
1008 1177 1150 1254 lacessit,
1235 1193 1238 1202 ¹

239 1285 303 1349 Est
318 1282 380 1347 alio
394 1297 432 1346 ut
445 1284 549 1367 possit
564 1283 706 1365 permitti
719 1281 848 1365 longius
863 1278 964 1357 alter;

243 1386 310 1450 Sed
327 1395 434 1449 tamen
449 1384 539 1448 haud
556 1386 726 1468 quisquam
741 1394 807 1469 tam
821 1381 917 1466 longe
932 1381 1036 1446 fertur
1051 1404 1174 1458 eorum,

243 1489 353 1562 Quam
368 1487 513 1562 sonitus,
530 1509 627 1570 quam
642 1486 731 1562 Vox,
747 1486 840 1549 mitto
850 1486 919 1569 jam
934 1484 1054 1560 dicere,
1071 1506 1166 1567 quam
1181 1505 1236 1547 res

176 1601 223 1649 695
244 1588 330 1662 Quae
345 1587 466 1652 feriunt
481 1588 662 1652 Oculorum
676 1588 773 1664 acies,
789 1588 957 1669 visumque
971 1585 1153 1650 lacessunt:

241 1691 459 1755 Errabundus
474 1690 559 1752 enim
575 1690 668 1753 tarde
684 1690 782 1764 venit,
800 1711 836 1752 ac
852 1689 937 1772 perit
952 1697 1028 1751 ante

242 1790 414 1856 Paullatim
428 1789 531 1854 facilis
547 1790 723 1855 distractus
738 1791 772 1852 in
786 1789 884 1852 Aeris
901 1811 1016 1866 auras3

241 1895 297 1959 Ex
312 1892 378 1957 alto
393 1892 532 1976 primum
546 1893 622 1976 quia
633 1893 688 1955 vix
703 1893 859 1955 emittitur
874 1913 917 1956 ex
931 1912 979 1955 re.

241 1995 328 2059 Nam
344 1994 473 2078 penitus
489 1993 603 2070 fluere,
619 2003 717 2076 atque
733 1993 887 2057 recedere
902 1994 1001 2057 rebus
1018 1993 1137 2057 odores

177 2108 224 2160 700
243 2095 526 2182 Significatquod
542 2094 645 2159 fracta
658 2096 760 2178 magis
776 2095 924 2160 redolere
940 2095 1092 2159 videntur

243 2198 374 2275 Omnia,
389 2197 479 2281 quod
494 2198 643 2273 contrita,
658 2199 748 2282 quod
763 2199 831 2282 igni
844 2195 1078 2262 conlabefacta.

287 2300 418 2365 Deinde
434 2301 543 2364 videre
559 2300 635 2365 licet
650 2301 824 2385 majoribus
841 2322 914 2364 esse
929 2309 1075 2363 creatum

243 2403 416 2487 Principiis
431 2402 534 2480 Voci3
557 2403 708 2485 quoniam
719 2424 783 2486 per
799 2424 898 2465 saxea
913 2413 1006 2484 septa

241 2505 322 2570 Non
336 2513 496 2588 penetrat,
512 2525 577 2587 qua
592 2503 671 2567 Vox
685 2502 791 2586 volgo,
809 2503 1007 2586 Sonitusque
1023 2501 1183 2566 feruntur.

180 2619 227 2670 705
245 2606 358 2679 Quare
374 2606 471 2669 etiam
485 2605 575 2687 quod
590 2603 666 2679 olet,
683 2614 827 2667 nontam
844 2603 936 2667 facile
952 2625 1024 2668 esse
1038 2604 1165 2668 videbis

246 2707 460 2790 Investigare,
476 2707 509 2769 in
524 2728 589 2789 qua
604 2707 646 2769 sit
660 2705 792 2790 regione
806 2702 965 2769 locatum:

191 2899 246 2946 685.
265 2900 381 2946 Prcmbsc
395 2901 482 2946 Currum
495 2896 541 2961 vis]
562 2897 592 2946 ld
605 2908 641 2948 est
653 2901 694 2946 r'm-
728 2897 904 2963 principiorum
913 2897 980 2948 illius
989 2897 1071 2956 moles,
1082 2899 1139 2947 dum
1150 2896 1187 2944 illi
1199 2911 1266 2944 mea-

158 2967 243 3016 mr'sra5
260 2962 318 3009 inde
330 2963 462 3026 ἐπακτῆρες
476 2977 521 3026 pro
533 2963 695 3018 venatoribus,
730 2974 768 3011 tus
780 2979 840 3025 quos
853 2979 900 3011 vox
912 2973 1031 3028 penetrat,
1044 2964 1143 3011 odorem
1155 2977 1204 3008 non
1221 2961 1266 3008 ad-

159 3030 224 3090 apud
247 3026 431 3084 Callimachum,
455 3036 480 3074 et
501 3024 605 3086 ἐπόγειν,
632 3027 697 3090 apud
729 3027 838 3084 mittunt,
859 3027 961 3091 ideoque
982 3044 1081 3076 necesse
1101 3035 1138 3075 est
1158 3035 1186 3074 ut
1206 3025 1269 3072 odor

159 3091 318 3140 Plutarchum
334 3091 360 3139 in
373 3091 554 3155 Apophthegm.
567 3107 612 3154 pro
628 3109 697 3140 verra-
730 3092 823 3140 tardius
845 3092 943 3151 feratur,
965 3103 990 3140 et
1012 3092 1107 3140 facilius
1129 3094 1159 3139 ab
1181 3105 1268 3137 occur·

160 3159 500 3218 tumdacere,seupromittere:
517 3156 602 3204 Faber.
623 3156 695 3203 Lam·
729 3166 798 3204 rante
815 3159 870 3204 adre
887 3157 1025 3220 dissipetur.
1061 3157 1118 3204 Huc
1135 3155 1209 3204 etiam
1225 3169 1266 3201 re·

160 3222 241 3279 binus,
255 3224 320 3284 lenge
336 3230 360 3269 et
373 3238 442 3283 porro
458 3229 523 3268 tenus
540 3224 618 3278 mirra,
629 3221 668 3269 vel
685 3238 696 3269 e
729 3221 788 3269 ferri
799 3231 880 3284 potent
890 3237 970 3278 eausa,
981 3238 1031 3280 cur,
1044 3237 1099 3270 curu
1114 3219 1184 3268 facile
1198 3218 1267 3280 judi·

160 3289 281 3349 longinquo
289 3288 335 3334 loco
344 3289 543 3335 adcrescentibus:
563 3294 589 3332 at
597 3294 695 3333 venato·
729 3301 785 3334 care
793 3286 866 3334 liceat
877 3302 924 3349 qua
936 3302 967 3334 ex
977 3296 1047 3350 parte
1059 3302 1133 3334 sonus
1144 3282 1268 3339 adveniat,

160 3366 200 3398 res
210 3351 297 3398 melius
306 3366 378 3412 quam
386 3350 537 3413 grammatici
549 3349 697 3414 intelligunt,
731 3366 780 3398 non
802 3351 904 3414 perinde
927 3360 1009 3399 tamen
1037 3351 1208 3413 dignoscamus
1236 3347 1269 3394 ad

160 3429 204 3461 cur
220 3414 288 3462 cuuis
299 3415 403 3463 venatici
416 3414 453 3463 vis
469 3415 565 3463 dicatur
577 3420 696 3476 premiere.
730 3430 802 3478 quam
824 3415 894 3464 nobis
914 3426 1009 3479 partem
1030 3415 1064 3464 sit
1082 3415 1156 3463 situm
1178 3427 1269 3476 corpus

162 3478 221 3534 Alii,
232 3481 359 3538 permissor
376 3488 404 3526 ut
415 3494 437 3527 v.
450 3481 507 3528 692.
516 3484 627 3541 permitti.
731 3479 795 3543 quod
807 3481 905 3527 odorem
918 3477 1039 3527 diffundit.

194 3541 249 3591 687.
267 3545 446 3600 Romulidarum,
454 3543 511 3606 ete]
522 3546 589 3592 Nota
597 3545 699 3593 historia
764 3545 819 3592 692.
837 3548 882 3592 Est
894 3547 947 3601 alio,
960 3543 1017 3605 eta]
1035 3546 1080 3590 Est
1096 3542 1138 3590 illo
1155 3550 1180 3589 ut
1194 3544 1270 3602 pessit

161 3614 212 3660 est;
229 3605 371 3668 capitolium
383 3609 413 3655 ab
425 3609 551 3656 anseribus
567 3620 699 3668 servatum,
728 3612 834 3670 permitti
845 3612 933 3671 longius
945 3608 994 3660 ille.
1024 3606 1073 3653 Ubi
1086 3606 1151 3653 enirn
1163 3606 1194 3653 de
1206 3606 1268 3653 duo-

162 3669 349 3718 ascendentibus
361 3670 446 3719 Gallis.
732 3675 777 3720 bus
788 3672 876 3735 agitur,
888 3686 937 3718 non
949 3677 1031 3734 potest
1039 3669 1089 3717 dici
1100 3673 1160 3717 ulter
1171 3677 1206 3718 est
1218 3686 1269 3716 mu-

194 3734 250 3780 691.
272 3735 320 3780 Hic
333 3736 394 3781 Odor
410 3735 534 3798 ipsaetc]
547 3737 604 3784 Ver.
619 3738 656 3784 19.
669 3736 699 3784 de
725 3737 840 3798 jerolim-
869 3736 955 3784 Faber.

162 3806 230 3847 motu
249 3796 331 3870 odoris
354 3796 458 3856 disserit,
479 3815 583 3862 eumque
606 3800 699 3848 tardius
764 3801 820 3849 699.
838 3803 913 3861 Atque
925 3797 1042 3861 recedere]
1057 3799 1095 3846 Ita
1111 3799 1180 3846 codd.
1194 3799 1269 3845 Lam-

163 3877 256 3911 moveri
273 3875 317 3924 per
328 3861 384 3912 ae'ra
400 3877 472 3923 quarn
489 3879 583 3920 sonum,
597 3863 699 3912 distrahi
732 3864 805 3913 binus
823 3873 904 3911 mmeu
925 3863 1025 3921 mavult,
1045 3881 1073 3912 ec
1093 3866 1206 3920 decedere,
1225 3878 1271 3910 seu

164 3941 259 3989 quoque
268 3933 292 3973 et
302 3923 416 3988 dissipari
427 3925 521 3974 facilius
534 3937 558 3974 et
569 3927 641 3990 longe
653 3927 698 3976 mi·
732 3937 801 3990 utque
812 3930 926 3976 excedere.
1269 3968 1271 3974 .

164 4007 211 4039 uus
229 4004 274 4053 per
297 3991 353 4062 a'era
375 3987 476 4036 diffundi
499 3989 615 4046 affirmat;
639 4008 700 4054 quo·
766 3991 821 4043 701,
849 3994 904 4054 lgm·
926 3989 1095 4054 eealcbesecta]
1119 3992 1160 4040 Sic
1182 3990 1224 4039 lib.
1248 3991 1270 4039 1.

164 4055 231 4103 niam
240 4069 271 4101 ex
280 4052 374 4101 intimis
383 4054 492 4115 corporis
503 4053 571 4102 odori
582 4055 700 4118 partibus,
734 4056 945 4105 Conlahesactatus
956 4059 1021 4118 rigor
1032 4060 1086 4104 curi
1096 4059 1192 4104 solvitur
1203 4063 1270 4104 csta.

164 4135 208 4169 seu
228 4117 330 4180 subjecti
349 4116 515 4180 profunditate
534 4118 612 4166 effiuit
632 4119 700 4179 (nam
733 4119 846 4169 Gisauius
857 4135 915 4167 vero
927 4120 1086 4183 concalefacta.

165 4200 205 4232 res
216 4181 296 4230 odorae
305 4182 362 4230 dum
372 4181 524 4244 franguntur,
534 4193 700 4240 conteruntur,
767 4185 821 4234 703.
849 4183 915 4246 Veri]
938 4184 967 4232 ld
986 4194 1030 4241 est,
1049 4185 1181 4247 majoribus
1201 4183 1269 4247 prin,

165 4259 211 4296 etc.
230 4246 307 4310 magis
325 4245 454 4308 redolent),
474 4249 551 4308 major
569 4246 642 4295 etiam
665 4257 702 4295 est
734 4247 805 4312 cipiis
817 4263 890 4309 quam
901 4258 959 4296 sunt
971 4249 1037 4298 vocis
1048 4249 1177 4314 principia
