2872 4852
1183 183 1198 222 Ι

245 249 310 314 202
580 254 584 263 “
626 249 670 314 Τ.
701 247 973 314 LUCRETII
1032 253 1033 256 ’

333 405 484 482 Somnus,
500 405 582 489 etin
597 426 720 468 summa
736 425 855 489 corpus
866 406 955 489 jacet
969 426 1063 469 omne
1078 406 1207 490 quieto3

331 506 420 570 Tum
434 505 565 590 vigilare
581 515 688 570 tamen
703 507 809 583 nobis,
824 517 859 570 et
873 506 1018 570 membra
1031 528 1160 572 movere

331 607 458 671 Nostra
472 609 628 686 videmur,
645 619 679 672 et
694 610 727 672 in
742 610 845 673 noctis
860 608 997 694 caligine
1013 631 1100 674 caeca
1160 644 1162 647 ·

331 710 474 774 Cernere
490 733 659 775 censemus
674 711 795 788 Solem,
810 709 984 795 lumenque
1001 711 1171 776 diurnum:

265 821 314 872 460
332 810 559 896 Concluscque
575 812 647 878 loco
662 813 801 890 Coelum,
818 811 926 890 Mare,
943 811 1102 891 Flumina,
1118 813 1264 879 Monteis

332 911 477 990 Mutare,
492 923 527 977 et
541 936 671 998 campos
686 916 828 1000 pedibus
843 915 981 979 transire
996 916 1163 980 videmur:

332 1015 379 1079 Et
395 1017 519 1080 sonitus
534 1018 658 1094 andire,
675 1040 787 1082 severa
803 1017 930 1081 silentia
944 1018 1048 1082 noctis

333 1116 489 1201 Undique
504 1140 576 1183 cnm
593 1130 762 1198 constent;
784 1129 819 1184 et
833 1120 973 1183 reddere
989 1120 1076 1183 dicta
1090 1129 1246 1184 tacentes.

375 1220 504 1285 Caetera
518 1221 560 1286 de
576 1243 697 1306 genere
711 1222 775 1286 hoc
788 1222 935 1284 mirando
949 1220 1051 1285 multa
1064 1221 1222 1298 videmus,

266 1331 314 1379 465
331 1321 416 1395 Quae
430 1321 550 1386 violare
565 1320 665 1388 fidem
679 1324 774 1408 quasi
788 1323 937 1387 sensibus
953 1323 1059 1386 omnia
1074 1334 1243 1406 quaerunt;

331 1423 578 1509 Nequicqusm:
601 1426 753 1509 quoniam
768 1446 845 1509 pars
860 1424 977 1488 horum
992 1425 1130 1490 maxima
1144 1423 1226 1488 fallit

332 1524 474 1609 Propter
488 1527 639 1610 opinatus
655 1524 776 1602 Animi,
793 1548 875 1609 quos
890 1525 1040 1588 addimus
1056 1526 1130 1608 ipsi,

331 1626 398 1690 Pro
414 1627 489 1689 visis
504 1637 542 1689 ut
558 1627 633 1703 sint,
649 1649 723 1710 quse
739 1649 804 1690 non
820 1637 896 1690 sunt
911 1626 1053 1690 sensibn’
1068 1627 1147 1690 visa.

330 1727 419 1790 Nam
434 1726 513 1790 nihil
527 1729 691 1811 egregius,
707 1750 804 1810 quam
818 1749 871 1790 res
888 1749 1057 1792 secernere
1073 1738 1203 1811 apertas

266 1838 315 1891 4⁷0
333 1827 365 1893 A
380 1828 499 1903 dubiis,
516 1827 655 1893 Animus
670 1851 752 1912 quas
765 1828 860 1892 ab'se
875 1829 1023 1911 protinus
1039 1830 1141 1894 addit.

375 1931 540 2015 Denique,
557 1931 602 1994 nil
617 1931 701 1996 Sciri
715 1931 815 2015 siquis
830 1940 936 2014 putat,
952 1931 987 1994 id
1003 1954 1135 2016 quoque
1149 1934 1264 2011 nescit,

277 2107 332 2156 460.
352 2104 503 2171 conclusoque
516 2106 575 2172 loco]
593 2107 652 2167 Alii,
669 2109 781 2156 conclusi·
814 2105 843 2154 τδ
868 2107 951 2168 desitos
973 2105 1073 2166 γίνεται,
1099 2115 1143 2155 etc.
1185 2106 1219 2154 Et
1240 2106 1353 2170 apposite

243 2187 286 2233 qus
298 2175 351 2221 loco.
814 2170 930 2219 Ciceroin
937 2170 1047 2228 Lucullo,
1055 2172 1187 2234 Timagoras
1192 2173 1353 2233 Epicurusne-

275 2238 331 2286 461.
348 2236 456 2301 Mutare]
467 2237 609 2287 Notandum
618 2237 649 2286 ad
659 2236 781 2300 interpre·
811 2239 911 2299 gateihi
922 2252 1020 2296 anquam
1031 2253 1082 2283 cam
1091 2240 1166 2284 oculos
1177 2240 1279 2284 torsisset
1291 2236 1353 2298 (vid.

244 2303 310 2352 tibus
337 2302 434 2360 fuerat3
467 2303 534 2352 istud
561 2311 650 2350 matare
677 2300 782 2349 imitatio
815 2317 837 2349 v.
846 2299 915 2362 450.)
924 2302 982 2348 duas
990 2317 1018 2348 es
1030 2303 1122 2348 lucerna
1124 2304 1353 2362 flammubssessevs'·

244 2367 325 2416 Graeci
341 2365 461 2416 sermonis
471 2375 517 2425 est,
528 2368 577 2429 γῆν
591 2365 705 2427 ἀμείβειν,
721 2365 782 2414 item
814 2381 859 2424 sas,
879 2367 992 2426 opinionis
1011 2368 1070 2412 caim
1089 2372 1124 2413 est
1143 2368 1290 2424 mendacium,
1309 2383 1355 2415 noa

244 2432 326 2490 δλλην
339 2432 432 2481 ἄλλοτε
449 2431 559 2492 ἀμείβων.
588 2432 666 2488 Plato,
684 2431 781 2480 Plutar-
814 2433 935 2478 oculorum

244 2497 311 2554 chus,
322 2497 453 2554 Lucienus,
462 2506 507 2545 etc.
517 2496 578 2544 item
590 2497 655 2559 apud
669 2495 781 2542 Herodo·
848 2491 904 2544 467.
923 2495 1096 2545 Qucsaddimas
1104 2493 1162 2556 ipsi]
1173 2494 1306 2558 Opinatum
1318 2494 1355 2544 ita

244 2569 297 2610 tum
307 2561 334 2608 in
345 2560 515 2624 Terpsichore,
527 2559 571 2609 τὰς
582 2559 651 2622 θύρας
667 2557 781 2619 διμείβειν.
815 2557 932 2621 exprimit
943 2557 1066 2636 Epicurus
1076 2559 1108 2606 ad
1123 2559 1291 2607 Herodotum:
1316 2559 1352 2607 νά-

243 2628 328 2674 Faber.
357 2626 414 2673 Vid.
428 2625 489 2689 Fayi
504 2623 740 2688 interpretationem,
758 2631 782 2671 et
814 2619 986 2680 νησιςένὴμιν
1000 2623 1079 2671 αι’νσοῖς
1094 2621 1230 2683 συνημμένη
1245 2621 1291 2682 μέν
1306 2642 1354 2672 τινι

243 2688 304 2737 ride.
815 2687 967 2749 φανταστικῇ
978 2687 1081 2750 ἐπιβολῇ
1092 2684 1203 2749 διάληψιν
1214 2686 1240 2735 δὲ
1253 2686 1352 2750 ἔχουσα

277 2755 332 2801 462.
350 2755 434 2802 Severa
455 2752 561 2815 abaco]
584 2752 641 2801 Non
664 2759 717 2800 erat
738 2765 783 2799 cur
848 2751 903 2799 469.
924 2751 987 2798 Nom
1003 2755 1062 2798 nibil
1075 2751 1195 2814 egreglis]
1213 2750 1265 2800 Alii
1281 2754 1351 2800 codd.

243 2816 324 2865 locum
342 2817 408 2865 hunc
426 2817 515 2864 mutari
534 2817 609 2865 uellet
631 2815 780 2864 Lambinus:
815 2831 867 2861 ram
878 2817 938 2862 nibil
948 2819 1033 2890 agrius
1044 2824 1085 2873 est,
1098 2825 1122 2863 et
1133 2825 1212 2864 recte:
1230 2817 1275 2864 hos
1290 2818 1353 2870 duos

244 2897 291 2929 nec
301 2880 367 2928 enim
376 2890 414 2929 est
423 2888 451 2928 ut
460 2880 591 2942 quidquam
600 2877 695 2928 bomini
703 2881 782 2942 po'e'tse
814 2893 899 2926 versus
914 2878 1029 2940 rejiciunt
1045 2878 1205 2943 interpretem
1226 2880 1351 2944 improbe:

242 2945 339 3008 placeat
350 2944 427 3007 magis
438 2959 511 3006 quam
522 2958 634 2993 severum
645 2943 707 2992 illud
721 2959 779 2991 uoc-
814 2958 836 2991 v.
848 2943 903 2993 467.
914 2943 997 2991 docuit
1007 2961 1047 2992 aas
1055 2948 1140 2994 addere
1149 2949 1254 3007 opinatus
1263 2949 1352 2995 animi.-

243 3008 275 3057 tir
285 3008 425 3058 silentium:
443 3011 527 3057 Faber.
540 3007 681 3065 Lambinus,
693 3024 780 3064 scama,
813 3005 889 3069 igitur
899 3007 925 3054 in
937 3023 959 3054 v.
972 3006 1027 3058 470.
1040 3024 1085 3072 pro
1095 3013 1160 3057 abdit
1170 3010 1266 3073 legatur
1276 3014 1352 3069 addit,

243 3075 307 3136 quod
318 3072 432 3138 putidum
443 3081 488 3130 est,
500 3081 639 3120 antemna
814 3079 839 3118 et
856 3080 909 3119 tum
927 3071 1010 3119 omnia
1027 3073 1101 3136 plana
1119 3082 1192 3122 erunt
1212 3083 1237 3122 et
1254 3075 1351 3123 facilia:

275 3140 331 3186 464.
352 3140 441 3186 Cetera
452 3140 480 3185 de
488 3154 580 3200 genere,
592 3135 649 3199 eta]
662 3135 781 3184 Fallimur
812 3135 920 3184 fallimur
930 3136 956 3183 in
968 3137 1081 3185 omnibus
1092 3138 1146 3186 istis
1161 3139 1280 3203 exemplis
1297 3156 1352 3202 quae

242 3203 269 3253 in
280 3203 312 3252 iis
323 3204 395 3252 rebus
404 3202 468 3250 circa
476 3217 536 3264 quas
547 3216 633 3249 sensus
645 3209 780 3258 versantur,
812 3200 885 3248 modo
892 3201 1050 3258 enumeravit,
1058 3201 1131 3264 idque
1139 3203 1212 3251 etiam
1220 3203 1350 3261 admonitu

242 3269 269 3318 id
280 3279 374 3318 certum
385 3276 430 3326 est,
442 3265 500 3314 inde
512 3281 569 3314 vero
580 3264 678 3314 fallaces
693 3279 781 3314 sensus
813 3264 911 3312 difficile
928 3264 994 3312 enim
1010 3266 1119 3329 prolecto
1135 3277 1173 3315 est
1192 3282 1242 3316 non
1261 3268 1352 3317 addere

242 3334 298 3396 quis
309 3335 411 3397 arguett
429 3347 485 3381 cum
497 3330 578 3388 isti‚.v.
591 3328 613 3381 7.
626 3345 707 3378 rerum
718 3328 780 3377 ima·
813 3328 953 3392 opinionem
965 3329 1040 3377 animi
1052 3333 1124 3379 rebus
1139 3348 1154 3379 a
1167 3347 1240 3380 sensu
1256 3333 1351 3381 delatis.

241 3397 312 3460 gines
323 3398 454 3461 accipiunt,
466 3396 550 3459 quales
560 3394 607 3444 sibi
624 3395 779 3450 deferuntur3
846 3392 901 3444 stt.
920 3396 1031 3456 Denique,
1047 3399 1082 3442 οἰδ
1094 3399 1163 3454 Satri,
1178 3395 1235 3459 etc]
1250 3397 1307 3444 Ver·
1327 3399 1350 3446 9.

241 3477 293 3510 non
304 3472 455 3526 cognoscunt
465 3469 565 3509 naturas
575 3475 665 3518 rerum,
677 3474 727 3507 non
739 3461 780 3521 iu·
813 3457 963 3507 academicos
974 3474 1051 3507 novos
1062 3476 1164 3522 quorum
1176 3461 1291 3524 princeps
1304 3461 1352 3510 luit

242 3525 332 3583 dicant,
345 3541 423 3588 neque
435 3525 526 3588 aliquid
537 3523 708 3589 pronunciant,
724 3522 781 3572 ideo
813 3522 944 3582 Arcesilas,
968 3523 1116 3587 aggreditur,
1140 3534 1165 3573 et
1190 3535 1285 3575 veteres
1308 3526 1350 3588 qui

242 3589 325 3638 nullm
340 3590 367 3638 in
382 3589 431 3638 illis
449 3605 524 3647 error,
541 3604 626 3638 omnes
643 3598 725 3637 autem
740 3603 779 3636 er·
814 3587 938 3636 Socratem
960 3588 1058 3651 sequuti
1077 3598 1151 3638 sunt:
1180 3589 1267 3652 Siquis
1284 3590 1351 3638 euim

241 3669 310 3702 rores
321 3670 352 3702 ex
363 3654 465 3717 opinata
475 3653 552 3702 animi
568 3662 715 3701 nascuntur:
739 3666 778 3699 re·
812 3649 1039 3701 dixeritm'tu'lscirs'
1052 3670 1126 3715 posse,
1141 3653 1252 3701 idetiam
1267 3652 1350 3714 ipsum

240 3727 391 3781 presentant
408 3733 504 3778 emaus,
517 3716 611 3779 judicat
627 3716 698 3774 ratio,
715 3730 780 3780 sepe
811 3719 872 3764 nihil
880 3719 937 3765 sciri
945 3733 1010 3779 posse
1021 3717 1222 3767 nesciatnecesse
1232 3723 1277 3771 est,
1288 3713 1348 3760 alio·

241 3792 324 3830 autem
345 3791 436 3830 temere
454 3790 480 3830 et
496 3781 682 3830 inconsiderate
717 3778 780 3828 Haec
828 3779 872 3828 uia
887 3778 980 3844 aliquid
995 3781 1076 3830 sciret.
1112 3779 1174 3830 Inde
1191 3776 1348 3827 Metrodorus

240 3845 638 3910 ipseEpicurusadHerodotum.
659 3842 781 3892 Καὶσᾶσα
812 3796 889 3894 llhius
911 3846 977 3908 apud
1004 3845 1148 3894 Ciceronem
1174 3841 1201 3888 iu
1228 3839 1347 3896 Lueuu03

240 3909 286 3972 μὲν
296 3908 417 3972 φαννασία
428 3911 477 3958 εἴτε
488 3908 585 3972 διανοίᾳ,
603 3910 652 3957 εἴτε
669 3906 778 3964 αἰσθήσει
810 3911 1142 3972 manducassemus
1152 3907 1249 3967 aliquid,
1262 3922 1293 3952 aa
1309 3910 1346 3953 αι’-

241 3972 480 4034 amandemus,
491 3974 520 4022 οὐ
529 3971 575 4033 μέν
588 3991 626 4035 τοι
643 3973 776 4031 διολομβο-
810 3975 845 4022 lu'l
859 3976 965 4031 αοίααιοα,
976 3990 1004 4024 aa
1021 3975 1048 4022 td
1060 3975 1136 4034 ι’ραιιαν
1146 3971 1237 4031 quidem
1252 3973 1347 4030 nescire,

241 4038 334 4101 νομένη,
347 4037 414 4086 ἐστὶν
425 4037 523 4096 ἀληθής·
538 4037 568 4085 sl
586 4035 612 4086 dl
627 4037 719 4099 ψεῦδος,
738 4035 778 4085 καὶ
811 4045 853 4085 aut
868 4041 927 4086 scs'rs
943 4053 990 4095 aas,
1007 4053 1048 4085 acc
1058 4037 1146 4084 maino
1159 4036 1192 4082 ss't
1205 4051 1220 4082 ο
1233 4037 1239 4049 “
1253 4037 1348 4085 sidant

240 4101 504 4166 σδδιημαρσημένονέν
519 4101 554 4162 σᾷ
570 4098 779 4164 προσδοξαζομένῳ
810 4105 920 4151 madeat
953 4101 1070 4150 aeacum
1085 4096 1223 4147 admoui
1257 4099 1345 4147 omini-

240 4169 287 4221 alsl
298 4170 371 4225 ἔστιν,
384 4165 501 4224 tardata
512 4165 606 4224 κίνησιν
621 4167 647 4214 δν
662 4163 718 4226 daia
735 4165 776 4214 ab·
809 4167 856 4215 bus
880 4180 931 4214 uon
959 4173 997 4213 est
1018 4162 1056 4212 dis
1073 4160 1200 4220 mutium,
1223 4164 1265 4227 qui
1288 4163 1347 4227 quid

239 4236 291 4285 sols
312 4229 465 4292 «masmim
487 4227 533 4291 μέν
556 4248 603 4281 τινι
626 4231 779 4295 φανταστικῇ
809 4229 843 4280 sit
862 4243 954 4288 vemm,
972 4226 1031 4291 quid
1096 4241 1145 4286 um,
1165 4227 1224 4291 quid
1243 4238 1346 4287 certum,

241 4298 352 4364 δπιβολῇ,
369 4293 481 4358 διάληψιν
497 4293 523 4343 δὲ
544 4293 657 4357 ἔχουσαν,
679 4294 730 4344 καθ’
747 4293 778 4351 δν
809 4294 870 4358 quid
883 4293 1013 4351 iucerwm
1025 4290 1084 4356 quid
1095 4290 1127 4341 sit
1138 4293 1209 4353 scire,
1226 4294 1286 4358 quid
1302 4309 1346 4342 ue·
