2872 4852
439 249 611 315 LIBER
643 249 865 314 PRIMUS.

226 411 407 485 Postremo,
423 418 563 492 pereunt
577 408 708 483 imbres,
725 407 783 470 ubi
797 428 854 470 eos
869 416 963 489 pater
979 405 1101 470 AEther

182 514 221 578 In
236 513 392 598 gremium
408 511 519 575 matris
536 510 654 575 Terrai
669 511 899 594 praecipitavit:

185 616 231 679 At
246 615 357 679 nitidae
373 623 511 698 surgunt
526 613 650 698 fruges,
666 613 812 696 ramique
827 613 992 676 virescunt
1093 658 1096 663 ψ

182 716 388 794 Arboribus3
412 728 564 781 crescunt
577 718 670 801 ipsae,
686 715 834 800 foetuque
850 725 1037 798 gravantur.

118 831 166 877 255
184 820 272 885 Hinc
287 819 384 883 alitur
398 842 497 904 porro
513 830 659 885 nostrum
672 841 788 904 genus,
804 829 904 902 atque
920 817 1079 881 ferarum:

185 921 273 985 Hinc
288 921 380 985 laetas
395 922 505 986 urbeis
520 922 631 1006 pueris
647 921 765 985 florere
781 921 938 997 videmus,

184 1023 463 1107 Frundiferasque
478 1025 569 1088 novis
585 1025 699 1089 avibus
715 1045 832 1088 canere
846 1023 991 1107 undique
1007 1022 1130 1106 sylvas:

121 1121 123 1127 ’
184 1125 273 1190 Hinc
289 1124 385 1190 fessae
400 1128 544 1210 pecudes
559 1127 698 1210 pingues
712 1148 772 1210 per
786 1124 907 1210 pabula
921 1124 997 1188 laeta

185 1226 334 1312 Corpora
349 1228 537 1312 deponunt;
560 1237 595 1292 et
610 1229 753 1293 candens
768 1227 892 1292 lacteus
907 1226 1024 1290 humor

121 1341 169 1388 26⁰
188 1328 358 1394 Uberibus
373 1340 483 1394 manat
498 1331 667 1408 distentis3
690 1330 768 1394 hinc
783 1352 867 1393 nova
882 1328 990 1413 proles

186 1431 338 1496 Artubus
353 1431 489 1495 infirmis
504 1442 635 1496 teneras
649 1432 769 1496 lasciva
782 1454 843 1516 per
857 1431 978 1495 herbas

188 1534 302 1611 Ludit,
318 1533 403 1597 lacte
418 1556 507 1598 mero
521 1535 657 1597 menteis
673 1556 831 1617 percussa
846 1532 999 1601 novellas.

188 1636 291 1700 Haud
306 1635 406 1720 igitur
419 1636 551 1719 penitus
565 1647 706 1720 pereunt
721 1658 925 1720 quaecunque
941 1635 1109 1698 videntur:

188 1739 332 1813 Quando
347 1737 412 1801 alid
428 1759 471 1802 ex
487 1737 550 1803 alio
565 1739 670 1804 reficit
686 1738 828 1814 Natura,
845 1759 905 1802 nec
921 1736 1019 1801 ullam

124 1853 171 1899 265
188 1840 273 1905 Rem
289 1842 377 1925 gigni
393 1842 526 1926 patitur,
542 1843 606 1906 nisi
619 1855 723 1906 morte
738 1841 884 1925 adjutam
898 1839 1011 1904 aliena.

230 1943 331 2007 Nunc
346 1966 419 2028 age,
434 1966 487 2007 res
503 1945 655 2029 quoniam
670 1945 767 2008 docui
781 1966 846 2007 non
862 1965 959 2027 posse
975 1942 1078 2006 creari

190 2045 244 2109 De
260 2045 386 2122 Nihilo,
403 2068 510 2129 neque
524 2047 601 2110 item
616 2047 743 2130 genitas
759 2046 801 2109 ad
817 2044 877 2108 Nil
893 2045 1055 2122 revocari;

136 2252 191 2299 251.
209 2254 333 2310 Postremo,
350 2253 407 2315 eta]
422 2253 545 2308 Quoniam
562 2262 644 2301 autem
677 2263 756 2311 natur,
768 2253 835 2311 furit,
852 2253 976 2301 Catullum
992 2260 1017 2300 et
1033 2248 1172 2299 Ausonium
1189 2250 1215 2297 in

106 2316 358 2380 Respleraequesint,
371 2318 494 2392 quaedum
506 2317 643 2366 dissolvun-
676 2327 759 2382 partes
773 2327 850 2374 vocat,
866 2325 891 2364 at
907 2317 1009 2364 frustra:
1027 2319 1094 2378 Jurat
1110 2315 1216 2377 denique

107 2389 154 2439 tur,
163 2381 315 2429 itaexoculis
321 2384 481 2442 manibusque
488 2391 644 2440 evanescunt,
677 2398 704 2430 se
715 2383 766 2429 alid
775 2382 801 2429 in
814 2382 908 2429 duobus
919 2381 992 2428 MSS.
1005 2380 1106 2442 legisse;
1129 2389 1154 2426 et
1171 2380 1216 2426 hac

105 2454 133 2493 ut
142 2460 242 2509 prorsus
252 2445 332 2509 perire
342 2446 421 2494 videri
430 2455 545 2509 possum
562 2455 645 2494 mouet
677 2446 783 2495 lectione
793 2447 895 2495 fruatur.

105 2510 144 2558 his
163 2511 200 2558 15.
219 2526 240 2558 r.
258 2510 349 2558 imbres
365 2509 439 2574 ipsos,
453 2510 495 2572 qui
512 2510 537 2558 in
555 2518 644 2558 terram
711 2512 765 2559 266.
784 2509 910 2574 Adjatam]
932 2510 1029 2573 Adjata,
1051 2511 1079 2557 Β.
1101 2510 1147 2556 Na.
1167 2508 1216 2556 Gif.

105 2574 247 2623 decidentes
274 2574 381 2622 maxime
410 2584 566 2634 evanescunt,
595 2591 644 2623 nou
679 2576 733 2624 Par.
756 2577 809 2624 Nec
819 2576 926 2625 minores
934 2585 992 2623 sunt
1000 2576 1031 2623 de
1040 2576 1092 2632 hac,
1103 2589 1175 2636 quam
1187 2573 1217 2622 de

105 2639 194 2704 perire,
207 2640 250 2688 sed
264 2640 390 2688 materiam
402 2640 567 2704 suppeditare,
579 2641 644 2688 unde
677 2640 720 2688 illa
731 2641 807 2689 altera
818 2640 923 2690 lectione
936 2640 1000 2698 lites,
1012 2656 1072 2702 quas
1084 2639 1160 2688 tutius
1172 2637 1215 2686 ali-

105 2704 187 2767 fruges
199 2706 345 2766 arboresque
352 2714 480 2768 augentur,
491 2715 515 2753 et
526 2704 645 2753 fructibus
678 2706 732 2768 quis
744 2706 859 2770 negligat,
872 2721 944 2768 quam
956 2714 1093 2768 componat.

105 2778 251 2825 onerantur;
269 2769 324 2817 istis
335 2779 416 2818 autem
434 2769 545 2833 frugibus
560 2769 644 2818 fructi·
711 2772 766 2819 266.
783 2774 853 2820 Nunc
864 2769 919 2834 age]
937 2771 994 2819 Jam
1009 2785 1110 2818 verone
1127 2768 1218 2818 frustra

106 2835 200 2898 busque
216 2833 336 2893 homines,
349 2835 413 2892 ferre,
427 2850 485 2883 aves
500 2844 643 2883 vescuntur:
678 2835 821 2900 disputaret,
829 2836 887 2884 dum
898 2835 1032 2884 Memmius
1039 2850 1098 2883 suus
1105 2833 1218 2882 omnibus

105 2898 208 2961 ideoque
228 2898 330 2947 minime
347 2900 496 2948 credendum
515 2909 553 2947 eat
569 2899 644 2948 ullam
678 2916 732 2962 quae
760 2911 921 2965 proposuerat
943 2899 1093 2963 argumentis
1116 2894 1216 2958 diffidat,

104 2962 220 3012 imbrium
243 2964 385 3028 particulam
408 2964 508 3029 penitus
535 2964 644 3023 interire,
678 2965 793 3027 quoniam
811 2965 935 3030 Principia
947 2964 990 3013 illa
1001 2975 1099 3022 aeterna,
1111 2964 1216 3012 semina·

106 3028 164 3076 dum
177 3038 213 3076 tot
225 3038 345 3092 tantaeque
353 3045 393 3078 rea
403 3045 434 3077 ex
445 3029 476 3078 iis
487 3039 644 3092 reparantur:
678 3046 725 3093 que
748 3046 830 3079 rerum
853 3047 898 3094 per
915 3046 941 3078 se
964 3040 1037 3093 atqua
1056 3037 1169 3105 separata
1191 3028 1218 3076 in

65 3102 67 3113 ¹
105 3093 230 3142 concludit
241 3094 346 3158 denique
363 3097 433 3142 Nihil
448 3099 473 3142 in
490 3097 645 3143 Nihtlumre-
678 3111 777 3144 sensum
785 3111 834 3144 non
844 3096 939 3152 cadant,
948 3095 990 3143 sed
999 3109 1051 3158 prae
1060 3110 1098 3142 sur
1108 3093 1218 3142 exilitate

105 3163 171 3216 verti,
191 3175 247 3206 cum
263 3159 359 3208 Natura
370 3160 436 3208 aliud
448 3175 479 3208 ex
491 3158 539 3207 alio
558 3160 644 3217 reficit,
678 3176 776 3210 omnem
792 3160 879 3218 visum,
893 3159 967 3208 etiam
982 3159 1149 3207 acutissimum
1163 3159 1217 3206 lon-

106 3238 151 3271 nec
174 3223 266 3286 aliquid
285 3239 392 3287 unquam
415 3240 505 3272 novum
524 3225 645 3288 producit,
678 3225 778 3288 gissime
786 3225 892 3288 faginom
910 3224 978 3272 varia
986 3223 1097 3286 congerit
1106 3222 1219 3286 exempla

106 3288 166 3350 quin
189 3288 267 3336 utitur
286 3288 389 3337 materia
409 3289 509 3338 alterius
532 3289 568 3336 rei
588 3289 647 3337 olim
679 3305 762 3337 rerum
779 3304 958 3353 corporearum,
978 3304 1038 3350 quas
1056 3303 1128 3335 nemo
1147 3299 1220 3349 neget

106 3352 238 3401 dissolutae.
680 3354 793 3410 existere,
802 3354 861 3401 licet
869 3353 947 3401 videri
955 3368 1003 3400 non
1012 3351 1114 3415 possint.
1136 3351 1220 3399 Primo

140 3419 195 3465 251.
214 3416 288 3480 Ipse]
308 3417 367 3465 Sine
384 3417 453 3466 cultu
470 3418 584 3474 humano,
604 3418 648 3465 sed
684 3420 758 3475 Venti,
772 3434 793 3466 r.
809 3419 847 3464 33.
865 3419 935 3478 quua
946 3416 995 3464 vim
1008 3416 1145 3479 quicunque
1162 3431 1218 3480 per*

107 3496 157 3528 non
169 3481 222 3529 sine
234 3481 259 3528 vi
271 3480 423 3543 primigenia.
445 3481 532 3544 virgil.
545 3497 610 3545 saepe
622 3482 647 3529 iu
681 3482 796 3546 spexerit,
805 3490 832 3529 ut
839 3481 902 3529 tollit
909 3496 983 3539 mare,
991 3491 1020 3529 ut
1026 3480 1059 3528 im
1078 3480 1130 3529 ellit
1137 3495 1219 3539 nares,

107 3547 196 3608 Georg.
210 3545 339 3593 Lucretius
348 3561 397 3593 non
412 3545 493 3594 minus
505 3561 577 3610 saepe.
600 3548 646 3594 Fo-
680 3557 726 3595 etc.
743 3546 814 3594 illum
830 3561 974 3609 corporeum
989 3561 1049 3603 esse,
1060 3497 1126 3594 licet
1141 3545 1218 3609 parti·

109 3614 164 3658 ber:
181 3609 276 3658 curiose
287 3609 367 3667 nimis,
381 3625 425 3658 nec
436 3611 518 3658 forsan
529 3626 594 3659 vere.
630 3672 632 3677 y
680 3611 741 3659 cula
750 3614 802 3673 ejus
811 3610 888 3659 oculis
897 3609 964 3659 cerni
974 3626 1024 3659 non
1035 3620 1144 3675 possunt,
1158 3611 1219 3658 late·

141 3676 195 3723 256.
210 3674 305 3738 Pueris]
318 3677 426 3734 Paerdm,
439 3677 467 3723 B.
680 3675 759 3732 bitur;
792 3676 866 3739 idque
891 3675 1014 3733 libentius,
1043 3675 1064 3723 si
1091 3685 1221 3739 cognoscat

141 3743 196 3789 258.
225 3739 314 3802 Ferro]
343 3743 416 3800 Fere,
445 3740 543 3804 quidam
572 3740 646 3789 MSS.
680 3742 789 3789 Ventum
812 3741 897 3789 eodem
919 3740 992 3804 plane
1011 3741 1084 3788 modo
1106 3740 1171 3798 ferri,
1196 3749 1221 3789 et

109 3805 168 3863 Alii,
171 3804 257 3867 soetce:
275 3821 324 3854 nou
336 3804 423 3870 placet.
680 3806 767 3868 aequali
783 3806 877 3871 impetu
895 3805 1028 3870 impellere,
1047 3820 1075 3853 ac
1092 3805 1179 3869 rapida
1196 3814 1222 3852 et

141 3871 196 3919 261.
214 3870 332 3934 Artatus]
352 3874 458 3930 Artibus,
475 3880 523 3919 vet.
546 3871 605 3919 eod.
623 3880 648 3919 et
680 3870 799 3920 imbribus
806 3881 877 3919 aucta
884 3871 1051 3934 fluminaque
1059 3872 1174 3932 Carperea
1181 3886 1219 3918 es·

108 3939 217 3996 Senam,
229 3935 278 3984 Gis.
681 3952 707 3984 se
719 3952 806 3984 sensus
817 3936 864 4001 ipsi
874 3936 1028 4000 apertissime
1036 3937 1212 3984 demonstrant.

141 4002 197 4049 262.
221 4003 321 4049 Menteis
337 4000 459 4063 parturn]
479 4001 519 4049 Sic
537 4015 586 4048 ver.
610 4002 647 4049 12.
716 4001 778 4049 Ibid.
795 4004 854 4064 Age,
866 4000 915 4063 rer]
929 4001 978 4048 Alii
991 4000 1083 4063 legunt,
1100 4002 1222 4062 Nancage

108 4069 227 4115 Percussa
238 4069 308 4114 corda
320 4074 361 4114 tao
371 4070 400 4114 ri.
681 4069 721 4125 cie,
738 4070 843 4129 quoniam
859 4069 927 4114 docui
942 4068 977 4113 nil
989 4081 1055 4128 posse
1067 4064 1158 4113 creer'a':
1178 4080 1223 4126 age

141 4132 197 4179 roa
209 4129 374 4193 Aufinum.
405 4133 459 4179 Alta
471 4145 517 4194 pro
533 4132 645 4179 altasve-
681 4134 721 4188 atr,
735 4131 749 4178 i.
762 4135 923 4194 argentus.

109 4204 175 4245 teres
191 4199 348 4260 usurparunt
382 4195 496 4244 Gilanius
511 4193 607 4243 dubitat
618 4212 649 4244 an
717 4196 779 4245 lbid.
794 4195 919 4259 Quantam]
934 4199 1036 4251 Quando,
1049 4193 1098 4242 Gif.

110 4263 162 4307 alid
202 4262 295 4309 oattad
307 4260 411 4316 dicitur;
432 4261 495 4308 hanc
513 4275 572 4308 vero
590 4276 648 4309 con·
715 4261 770 4311 267.
794 4263 853 4309 Item
867 4259 972 4325 genitas]
992 4259 1050 4315 Alii,
1068 4273 1105 4306 res
1122 4258 1221 4319 genitas.

111 4335 179 4372 cume
188 4324 236 4373 iam
246 4340 295 4372 non
305 4324 397 4388 patitur
406 4324 552 4374 Lambinus:
568 4325 649 4389 indig-
682 4326 742 4383 Alii,
750 4329 831 4390 genita
842 4329 875 4374 ad
886 4328 1007 4373 Nililum:
1024 4320 1134 4385 perinde.
