2872 4852
754 216 813 288 xvi

232 398 316 466 sent,
333 399 430 471 atque
454 388 656 464 obru'issent3
681 387 723 450 ad
744 387 798 451 illa
821 410 839 450 a
856 386 1013 450 Librariis
1036 386 1124 451 illata
1136 385 1270 452 vulnera
1285 411 1338 454 ac·

231 516 399 572 cesserunt
421 504 522 569 multo
542 506 701 588 graviora,
716 507 759 569 ab
774 504 969 583 hominibuS,
993 505 1097 570 doctis
1115 507 1248 591 quidem
1262 507 1337 586 illis,

231 625 291 689 sed
312 625 386 709 plus
409 624 506 687 nimio
530 647 589 687 suo
611 624 739 708 ingenio
761 623 1005 708 indulgentibus
1030 623 1079 704 (ut
1102 647 1211 689 sumus
1234 626 1339 690 nostri

231 743 300 809 fere
315 742 389 827 plus
405 766 499 827 aequo
514 743 670 826 amantes)
689 744 839 827 imposita
861 753 959 827 atque
981 743 1113 821 inflicta,
1137 745 1256 828 quibus
1271 743 1336 822 hic,

232 861 352 946 alioqui
367 861 575 946 politissimus
592 872 689 945 atque
704 861 962 946 elegantissimus
982 861 1141 946 Scriptor,
1157 863 1203 925 ita
1216 860 1339 927 lacera-

233 994 298 1059 tuS,
319 980 500 1058 confossus,
526 981 735 1065 depravatus,
756 992 929 1066 corruptus
953 991 1014 1058 est,
1034 990 1072 1048 ut
1093 981 1148 1044 vix
1166 981 1337 1067 quisquam

233 1123 307 1165 eum
334 1099 454 1184 legere,
471 1099 525 1163 vix
551 1100 722 1184 attingere,
738 1101 792 1163 vix
817 1100 985 1184 adspicere
1010 1100 1155 1163 auderet.
1202 1098 1272 1163 Ista
1295 1100 1337 1163 de

230 1219 353 1303 primis,
369 1217 565 1294 Veronensi,
582 1217 769 1294 Parisiensi,
786 1228 849 1283 etc.
868 1217 1014 1282 Lucretii
1029 1218 1226 1282 editionibus
1240 1217 1338 1283 Lam-

232 1337 348 1401 binus:
374 1335 468 1419 lpse⁴
483 1357 559 1399 vero
574 1335 682 1400 multis
699 1335 875 1402 Codicibus
891 1359 982 1413 usus,
996 1335 1187 1400 Lucretium
1197 1337 1284 1401 omni
1295 1350 1338 1402 ex

232 1463 325 1538 parte
336 1452 545 1531 maculosum,
557 1453 745 1532 deformem,
758 1465 856 1539 atque
870 1454 1052 1520 ulcerosum
1064 1477 1181 1538 magna
1192 1477 1234 1519 ex
1243 1465 1338 1543 parte

232 1592 252 1634 a
273 1559 406 1635 maculis
421 1581 454 1636 et
476 1570 639 1636 ulceribus
654 1573 839 1650 vindicavit,
863 1584 897 1637 et
912 1573 1147 1637 commentariis
1169 1574 1338 1652 brevibus,

232 1698 418 1752 nontamen
432 1688 600 1753 inutilibus
614 1688 796 1754 illustravit.

275 1806 377 1872 Hunc
399 1807 546 1891 sequitur
568 1807 721 1873 Gifanius
743 1831 808 1872 non
830 1811 931 1894 aequis
948 1811 1119 1895 passibus3
1142 1808 1340 1874 Grammati-

231 1946 304 1990 cum
326 1925 436 2009 potius
457 1925 590 2002 dixeris,
612 1949 709 2011 quam
731 1927 990 2014 Philosophum
1013 1938 1046 1994 et
1062 1929 1096 1993 in
1110 1927 1164 1993 illo
1179 1951 1245 1993 non
1266 1927 1339 1992 dili-

228 2044 370 2127 gentiam
386 2043 445 2107 sed
462 2043 622 2127 judicium
637 2045 816 2124 desideres,
841 2045 977 2111 multos³
995 2045 1113 2110 evolvit
1133 2045 1247 2124 libros,
1262 2068 1339 2132 pro-

227 2162 313 2226 misit
327 2160 438 2240 multa,
463 2162 521 2226 sed
536 2160 616 2226 nihil
633 2161 742 2228 effecit
761 2164 939 2247 promissor
954 2164 1015 2228 iste
1039 2173 1130 2228 tanto
1150 2164 1243 2230 hiatu
1264 2165 1337 2250 dig-

230 2302 323 2360 num3
347 2291 381 2345 et
401 2281 430 2346 si
449 2280 608 2347 edidisset
625 2282 877 2361 annotationes⁸‚
901 2281 1119 2368 proculdubio
1142 2283 1337 2350 haberemus

229 2421 302 2482 quae
328 2401 431 2484 magis
458 2399 692 2484 displicerent:
727 2400 816 2465 illum
842 2403 964 2486 excipit
992 2401 1131 2481 Pareus,
1156 2402 1215 2487 qui
1235 2402 1340 2469 noluit

228 2514 361 2579 Chartae
373 2517 528 2599 periturae
543 2539 688 2601 parcere.
734 2519 900 2584 Nardius⁷
924 2522 1157 2604 sexagenarius
1175 2521 1338 2607 interpres

229 2631 270 2694 de
285 2642 386 2714 ponte
402 2632 614 2717 dejiciendus
661 2635 701 2699 In
717 2635 914 2720 Tanaquillo
926 2636 1036 2701 Fabro
1051 2639 1213 2706 excellens
1229 2643 1339 2707 erudi-

228 2749 285 2825 tio,
304 2750 474 2832 judicium,
495 2773 630 2816 acumen
650 2753 849 2818 admirabile.
895 2753 929 2818 A
951 2754 1135 2822 Gronovio⁸
1161 2760 1339 2824 multa'ex-

229 2877 362 2951 pectare
380 2870 557 2953 potuimus,
580 2871 623 2935 ab
645 2870 750 2936 Isaaci
764 2871 892 2938 Vossii⁹
914 2874 1194 2941 observationibus
1218 2879 1336 2944 omnia.

229 2987 284 3052 De
299 2986 379 3072 Fayi
394 2987 535 3052 editione
551 2989 629 3052 satis
642 2990 721 3068 dixi,
734 3000 767 3055 et
779 2991 820 3056 de
835 2990 895 3056 hac
909 3003 1033 3070 nostra,
1051 2994 1184 3081 Lector,
1196 2997 1268 3082 ipse
1280 2998 1337 3082 ju-

229 3105 363 3170 dicabia

261 3327 679 3394 ⁴LambiniEpistadLectorem.
798 3334 912 3385 Baldium
938 3337 1001 3386 libro
1030 3338 1105 3388 Sexto
1132 3341 1240 3389 Lucretii
1268 3357 1335 3405 prae·

261 3407 271 3437 ⁸
285 3408 341 3456 Vid.
355 3409 401 3473 Ep.
414 3410 507 3459 Gilanii
518 3411 549 3460 ad
561 3411 695 3460 Lectorem.
794 3415 876 3465 fixam.

261 3484 272 3515 ⁶
284 3486 376 3535 Gifanii
388 3489 467 3552 Epist.
478 3491 509 3539 ad
521 3491 589 3540 Leet.
829 3497 840 3528 ⁸
851 3498 907 3547 Vid.
922 3498 1034 3549 Salmasii
1046 3500 1125 3564 Epist

261 3564 342 3615 ⁷viu
367 3569 470 3633 Epistol.
494 3571 582 3621 Nardii
602 3573 634 3622 ad
657 3573 761 3624 Baldum
826 3578 906 3628 ⁹Vid.
919 3580 1218 3641 VossiumadCatullum,
1230 3599 1254 3647 p.
1266 3587 1322 3635 249.
