<?xml version="1.0" encoding="UTF-8"?>
<!DOCTYPE html PUBLIC "-//W3C//DTD XHTML 1.0 Transitional//EN"
    "http://www.w3.org/TR/xhtml1/DTD/xhtml1-transitional.dtd">
<html xmlns="http://www.w3.org/1999/xhtml" xml:lang="en" lang="en">
 <head>
  <title>
</title>
<meta http-equiv="Content-Type" content="text/html;charset=utf-8" />
  <meta name='ocr-system' content='tesseract 3.04.00' />
  <meta name='ocr-capabilities' content='ocr_page ocr_carea ocr_par ocr_line ocrx_word'/>
</head>
<body>
  <div class='ocr_page' id='page_1' title='image "./titilucretiicar04carugoog_0314.png"; bbox 0 0 2924 4860; ppageno 0'>
   <div class='ocr_carea' id='block_1_1' title="bbox 160 226 882 293">
    <p class='ocr_par' dir='ltr' id='par_1_1' title="bbox 160 226 882 293">
     <span class='ocr_line' id='line_1_1' title="bbox 160 226 882 293; baseline -0.001 0"><span class='ocrx_word' id='word_1_1' title='bbox 160 229 229 293; x_wconf 66' lang='grc'>291</span> <span class='ocrx_word' id='word_1_2' title='bbox 541 226 584 292; x_wconf 91' lang='grc' dir='ltr'>Τ.</span> <span class='ocrx_word' id='word_1_3' title='bbox 611 226 882 292; x_wconf 87' lang='lat' dir='ltr'>LUCRETII</span> 
     </span>
    </p>
   </div>
   <div class='ocr_carea' id='block_1_2' title="bbox 175 383 1218 2619">
    <p class='ocr_par' dir='ltr' id='par_1_2' title="bbox 175 383 1123 468">
     <span class='ocr_line' id='line_1_2' title="bbox 175 383 1123 468; baseline 0.006 -27"><span class='ocrx_word' id='word_1_4' title='bbox 175 396 237 442; x_wconf 80' lang='grc'><strong>1441</strong></span> <span class='ocrx_word' id='word_1_5' title='bbox 250 383 296 447; x_wconf 87' lang='lat' dir='ltr'>Et</span> <span class='ocrx_word' id='word_1_6' title='bbox 311 384 443 448; x_wconf 87' lang='lat' dir='ltr'>tandem</span> <span class='ocrx_word' id='word_1_7' title='bbox 457 384 542 448; x_wconf 89' lang='lat' dir='ltr'>inter</span> <span class='ocrx_word' id='word_1_8' title='bbox 556 406 612 448; x_wconf 91' lang='lat' dir='ltr'>eos</span> <span class='ocrx_word' id='word_1_9' title='bbox 628 385 831 462; x_wconf 88' lang='lat' dir='ltr'>distractum,</span> <span class='ocrx_word' id='word_1_10' title='bbox 849 384 1005 468; x_wconf 87' lang='lat' dir='ltr'>sanguine</span> <span class='ocrx_word' id='word_1_11' title='bbox 1020 383 1123 448; x_wconf 90' lang='lat' dir='ltr'>multo</span> 
     </span>
    </p>

    <p class='ocr_par' dir='ltr' id='par_1_3' title="bbox 251 485 1218 673">
     <span class='ocr_line' id='line_1_3' title="bbox 251 485 1137 571; baseline 0.003 -22"><span class='ocrx_word' id='word_1_12' title='bbox 251 485 467 570; x_wconf 89' lang='lat' dir='ltr'>Dispersisse,</span> <span class='ocrx_word' id='word_1_13' title='bbox 483 509 592 571; x_wconf 87' lang='lat' dir='ltr'>neque</span> <span class='ocrx_word' id='word_1_14' title='bbox 605 488 639 552; x_wconf 92' lang='lat' dir='ltr'>in</span> <span class='ocrx_word' id='word_1_15' title='bbox 653 487 795 552; x_wconf 91' lang='lat' dir='ltr'>fructum</span> <span class='ocrx_word' id='word_1_16' title='bbox 810 498 999 553; x_wconf 87' lang='lat' dir='ltr'>convertere</span> <span class='ocrx_word' id='word_1_17' title='bbox 1015 486 1137 571; x_wconf 81' lang='lat' dir='ltr'>quisse.</span> 
     </span>
     <span class='ocr_line' id='line_1_4' title="bbox 296 588 1218 673; baseline 0 -21"><span class='ocrx_word' id='word_1_18' title='bbox 296 588 393 653; x_wconf 91' lang='lat' dir='ltr'>Tunc</span> <span class='ocrx_word' id='word_1_19' title='bbox 407 590 506 673; x_wconf 86' lang='lat' dir='ltr'>igitur</span> <span class='ocrx_word' id='word_1_20' title='bbox 522 589 641 667; x_wconf 89' lang='lat' dir='ltr'>Pelles,</span> <span class='ocrx_word' id='word_1_21' title='bbox 657 613 743 655; x_wconf 92' lang='lat' dir='ltr'>nunc</span> <span class='ocrx_word' id='word_1_22' title='bbox 758 588 899 668; x_wconf 85' lang='lat' dir='ltr'>Aurum,</span> <span class='ocrx_word' id='word_1_23' title='bbox 915 599 949 654; x_wconf 91' lang='lat' dir='ltr'>et</span> <span class='ocrx_word' id='word_1_24' title='bbox 964 589 1118 673; x_wconf 81' lang='lat' dir='ltr'>Purpura</span> <span class='ocrx_word' id='word_1_25' title='bbox 1132 589 1218 654; x_wconf 90' lang='lat' dir='ltr'>curis</span> 
     </span>
    </p>

    <p class='ocr_par' dir='ltr' id='par_1_4' title="bbox 252 688 1067 776">
     <span class='ocr_line' id='line_1_5' title="bbox 252 688 1067 776; baseline 0 -22"><span class='ocrx_word' id='word_1_26' title='bbox 252 688 421 755; x_wconf 85' lang='lat' dir='ltr'>Exercent</span> <span class='ocrx_word' id='word_1_27' title='bbox 434 690 601 756; x_wconf 91' lang='lat' dir='ltr'>hominum</span> <span class='ocrx_word' id='word_1_28' title='bbox 614 693 723 769; x_wconf 89' lang='lat' dir='ltr'>vitam,</span> <span class='ocrx_word' id='word_1_29' title='bbox 739 691 891 776; x_wconf 90' lang='lat' dir='ltr'>belloque</span> <span class='ocrx_word' id='word_1_30' title='bbox 905 690 1042 776; x_wconf 87' lang='lat' dir='ltr'>fatigant</span> <span class='ocrx_word' id='word_1_31' title='bbox 1052 715 1067 754; x_wconf 91' lang='lat'>:·</span> 
     </span>
    </p>

    <p class='ocr_par' dir='ltr' id='par_1_5' title="bbox 254 793 1064 879">
     <span class='ocr_line' id='line_1_6' title="bbox 254 793 1064 879; baseline 0.001 -23"><span class='ocrx_word' id='word_1_32' title='bbox 254 793 332 865; x_wconf 82' lang='lat' dir='ltr'>Quo</span> <span class='ocrx_word' id='word_1_33' title='bbox 348 795 449 877; x_wconf 88' lang='lat' dir='ltr'>magis</span> <span class='ocrx_word' id='word_1_34' title='bbox 463 794 496 857; x_wconf 92' lang='lat' dir='ltr'>in</span> <span class='ocrx_word' id='word_1_35' title='bbox 510 796 604 859; x_wconf 91' lang='lat' dir='ltr'>nobis</span> <span class='ocrx_word' id='word_1_36' title='bbox 621 794 670 876; x_wconf 84' lang='lat' dir='ltr'>(ut</span> <span class='ocrx_word' id='word_1_37' title='bbox 685 794 813 879; x_wconf 90' lang='lat' dir='ltr'>opinor)</span> <span class='ocrx_word' id='word_1_38' title='bbox 830 793 926 877; x_wconf 89' lang='lat' dir='ltr'>culpa</span> <span class='ocrx_word' id='word_1_39' title='bbox 940 794 1064 857; x_wconf 84' lang='lat' dir='ltr'>residit.</span> 
     </span>
    </p>

    <p class='ocr_par' dir='ltr' id='par_1_6' title="bbox 179 895 1189 1391">
     <span class='ocr_line' id='line_1_7' title="bbox 179 895 1063 980; baseline 0.001 -21"><span class='ocrx_word' id='word_1_40' title='bbox 179 907 240 952; x_wconf 72' lang='lat'>142⁵</span> <span class='ocrx_word' id='word_1_41' title='bbox 253 895 370 980; x_wconf 83' lang='lat' dir='ltr'>Frigus</span> <span class='ocrx_word' id='word_1_42' title='bbox 386 897 471 960; x_wconf 91' lang='lat' dir='ltr'>enim</span> <span class='ocrx_word' id='word_1_43' title='bbox 485 898 591 962; x_wconf 92' lang='lat' dir='ltr'>nudos</span> <span class='ocrx_word' id='word_1_44' title='bbox 608 898 676 962; x_wconf 91' lang='lat' dir='ltr'>sine</span> <span class='ocrx_word' id='word_1_45' title='bbox 692 896 838 961; x_wconf 86' lang='lat' dir='ltr'>Pellibus</span> <span class='ocrx_word' id='word_1_46' title='bbox 854 897 1063 960; x_wconf 86' lang='lat' dir='ltr'>excruciabat</span> 
     </span>
     <span class='ocr_line' id='line_1_8' title="bbox 252 999 1009 1083; baseline -0.001 -20"><span class='ocrx_word' id='word_1_47' title='bbox 252 999 470 1083; x_wconf 86' lang='lat' dir='ltr'>Terrigenas:</span> <span class='ocrx_word' id='word_1_48' title='bbox 494 1009 529 1063; x_wconf 91' lang='lat' dir='ltr'>at</span> <span class='ocrx_word' id='word_1_49' title='bbox 543 1023 603 1064; x_wconf 91' lang='lat' dir='ltr'>nos</span> <span class='ocrx_word' id='word_1_50' title='bbox 620 999 664 1063; x_wconf 93' lang='lat' dir='ltr'>nil</span> <span class='ocrx_word' id='word_1_51' title='bbox 678 999 768 1064; x_wconf 88' lang='lat' dir='ltr'>laedit</span> <span class='ocrx_word' id='word_1_52' title='bbox 783 1010 874 1064; x_wconf 90' lang='lat' dir='ltr'>veste</span> <span class='ocrx_word' id='word_1_53' title='bbox 889 1021 1009 1062; x_wconf 50' lang='lat' dir='ltr'>carere¹</span> 
     </span>
     <span class='ocr_line' id='line_1_9' title="bbox 253 1100 1166 1187; baseline 0.001 -24"><span class='ocrx_word' id='word_1_54' title='bbox 253 1100 437 1185; x_wconf 90' lang='lat' dir='ltr'>Purpurea,</span> <span class='ocrx_word' id='word_1_55' title='bbox 454 1112 553 1185; x_wconf 92' lang='lat' dir='ltr'>atque</span> <span class='ocrx_word' id='word_1_56' title='bbox 566 1101 671 1181; x_wconf 86' lang='lat' dir='ltr'>Auro,</span> <span class='ocrx_word' id='word_1_57' title='bbox 689 1103 853 1187; x_wconf 86' lang='lat' dir='ltr'>signisque</span> <span class='ocrx_word' id='word_1_58' title='bbox 869 1102 1055 1184; x_wconf 85' lang='lat' dir='ltr'>ingentibus</span> <span class='ocrx_word' id='word_1_59' title='bbox 1070 1111 1166 1186; x_wconf 86' lang='lat' dir='ltr'>apta;</span> 
     </span>
     <span class='ocr_line' id='line_1_10' title="bbox 254 1202 1107 1288; baseline 0.001 -22"><span class='ocrx_word' id='word_1_60' title='bbox 254 1202 344 1267; x_wconf 88' lang='lat' dir='ltr'>Dum</span> <span class='ocrx_word' id='word_1_61' title='bbox 358 1203 492 1268; x_wconf 91' lang='lat' dir='ltr'>Plebeia</span> <span class='ocrx_word' id='word_1_62' title='bbox 508 1215 615 1269; x_wconf 89' lang='lat' dir='ltr'>tamen</span> <span class='ocrx_word' id='word_1_63' title='bbox 632 1205 684 1281; x_wconf 91' lang='lat' dir='ltr'>sit,</span> <span class='ocrx_word' id='word_1_64' title='bbox 701 1227 776 1288; x_wconf 88' lang='lat' dir='ltr'>quae</span> <span class='ocrx_word' id='word_1_65' title='bbox 792 1203 969 1268; x_wconf 85' lang='lat' dir='ltr'>defendere</span> <span class='ocrx_word' id='word_1_66' title='bbox 985 1205 1107 1287; x_wconf 90' lang='lat' dir='ltr'>possit:</span> 
     </span>
     <span class='ocr_line' id='line_1_11' title="bbox 253 1305 1189 1391; baseline 0.003 -23"><span class='ocrx_word' id='word_1_67' title='bbox 253 1305 346 1390; x_wconf 86' lang='lat' dir='ltr'>Ergo</span> <span class='ocrx_word' id='word_1_68' title='bbox 362 1306 526 1370; x_wconf 91' lang='lat' dir='ltr'>hominum</span> <span class='ocrx_word' id='word_1_69' title='bbox 541 1330 645 1391; x_wconf 88' lang='lat' dir='ltr'>genus</span> <span class='ocrx_word' id='word_1_70' title='bbox 661 1308 834 1383; x_wconf 89' lang='lat' dir='ltr'>incassum,</span> <span class='ocrx_word' id='word_1_71' title='bbox 850 1306 1037 1391; x_wconf 84' lang='lat' dir='ltr'>frustraque</span> <span class='ocrx_word' id='word_1_72' title='bbox 1051 1305 1189 1383; x_wconf 87' lang='lat' dir='ltr'>laborat,</span> 
     </span>
    </p>

    <p class='ocr_par' dir='ltr' id='par_1_7' title="bbox 179 1408 1066 1493">
     <span class='ocr_line' id='line_1_12' title="bbox 179 1408 1066 1493; baseline 0.009 -30"><span class='ocrx_word' id='word_1_73' title='bbox 179 1420 241 1467; x_wconf 84' lang='grc'><strong>1430</strong></span> <span class='ocrx_word' id='word_1_74' title='bbox 254 1408 391 1493; x_wconf 86' lang='lat' dir='ltr'>Semper</span> <span class='ocrx_word' id='word_1_75' title='bbox 405 1421 439 1473; x_wconf 92' lang='lat' dir='ltr'>et</span> <span class='ocrx_word' id='word_1_76' title='bbox 452 1410 485 1472; x_wconf 92' lang='lat' dir='ltr'>in</span> <span class='ocrx_word' id='word_1_77' title='bbox 502 1410 587 1474; x_wconf 91' lang='lat' dir='ltr'>curis</span> <span class='ocrx_word' id='word_1_78' title='bbox 604 1409 763 1473; x_wconf 85' lang='lat' dir='ltr'>consumit</span> <span class='ocrx_word' id='word_1_79' title='bbox 778 1410 927 1473; x_wconf 91' lang='lat' dir='ltr'>inanibus</span> <span class='ocrx_word' id='word_1_80' title='bbox 943 1432 1066 1486; x_wconf 82' lang='lat' dir='ltr'>aevum3</span> 
     </span>
    </p>

    <p class='ocr_par' dir='ltr' id='par_1_8' title="bbox 194 1511 1088 1799">
     <span class='ocr_line' id='line_1_13' title="bbox 194 1511 1082 1594; baseline -0.002 -19"><span class='ocrx_word' id='word_1_81' title='bbox 194 1586 198 1594; x_wconf 26' lang='lat' dir='ltr'><em>f</em></span> <span class='ocrx_word' id='word_1_82' title='bbox 252 1511 426 1588; x_wconf 89' lang='lat' dir='ltr'>Nimirum,</span> <span class='ocrx_word' id='word_1_83' title='bbox 442 1512 519 1594; x_wconf 92' lang='lat' dir='ltr'>quia</span> <span class='ocrx_word' id='word_1_84' title='bbox 534 1532 600 1575; x_wconf 91' lang='lat' dir='ltr'>non</span> <span class='ocrx_word' id='word_1_85' title='bbox 615 1511 776 1594; x_wconf 87' lang='lat' dir='ltr'>cognovit,</span> <span class='ocrx_word' id='word_1_86' title='bbox 793 1534 867 1594; x_wconf 72' lang='lat' dir='ltr'>quse</span> <span class='ocrx_word' id='word_1_87' title='bbox 883 1511 924 1575; x_wconf 89' lang='lat' dir='ltr'>sit</span> <span class='ocrx_word' id='word_1_88' title='bbox 938 1511 1082 1575; x_wconf 91' lang='lat' dir='ltr'>habendi</span> 
     </span>
     <span class='ocr_line' id='line_1_14' title="bbox 252 1611 1088 1697; baseline -0.002 -20"><span class='ocrx_word' id='word_1_89' title='bbox 252 1614 354 1691; x_wconf 90' lang='lat' dir='ltr'>Finis,</span> <span class='ocrx_word' id='word_1_90' title='bbox 371 1624 405 1677; x_wconf 88' lang='lat' dir='ltr'>et</span> <span class='ocrx_word' id='word_1_91' title='bbox 420 1614 548 1676; x_wconf 90' lang='lat' dir='ltr'>omnino</span> <span class='ocrx_word' id='word_1_92' title='bbox 563 1613 673 1696; x_wconf 91' lang='lat' dir='ltr'>quoad</span> <span class='ocrx_word' id='word_1_93' title='bbox 689 1623 815 1676; x_wconf 90' lang='lat' dir='ltr'>crescat</span> <span class='ocrx_word' id='word_1_94' title='bbox 830 1635 907 1676; x_wconf 87' lang='lat' dir='ltr'>vera</span> <span class='ocrx_word' id='word_1_95' title='bbox 921 1611 1088 1697; x_wconf 89' lang='lat' dir='ltr'>voluptas:</span> 
     </span>
     <span class='ocr_line' id='line_1_15' title="bbox 253 1712 1020 1799; baseline -0.003 -21"><span class='ocrx_word' id='word_1_96' title='bbox 253 1716 358 1799; x_wconf 92' lang='lat' dir='ltr'>quue</span> <span class='ocrx_word' id='word_1_97' title='bbox 374 1716 555 1778; x_wconf 80' lang='lat' dir='ltr'>minutatim</span> <span class='ocrx_word' id='word_1_98' title='bbox 568 1714 666 1777; x_wconf 93' lang='lat' dir='ltr'>vitam</span> <span class='ocrx_word' id='word_1_99' title='bbox 680 1714 831 1797; x_wconf 87' lang='lat' dir='ltr'>provexit</span> <span class='ocrx_word' id='word_1_100' title='bbox 845 1715 879 1777; x_wconf 93' lang='lat' dir='ltr'>in</span> <span class='ocrx_word' id='word_1_101' title='bbox 896 1712 1020 1790; x_wconf 90' lang='lat' dir='ltr'>Altum,</span> 
     </span>
    </p>

    <p class='ocr_par' dir='ltr' id='par_1_9' title="bbox 254 1815 1016 1902">
     <span class='ocr_line' id='line_1_16' title="bbox 254 1815 1016 1902; baseline 0 -21"><span class='ocrx_word' id='word_1_102' title='bbox 254 1819 300 1882; x_wconf 91' lang='lat' dir='ltr'>Et</span> <span class='ocrx_word' id='word_1_103' title='bbox 314 1817 391 1881; x_wconf 91' lang='lat' dir='ltr'>belli</span> <span class='ocrx_word' id='word_1_104' title='bbox 406 1838 540 1902; x_wconf 88' lang='lat' dir='ltr'>magnos</span> <span class='ocrx_word' id='word_1_105' title='bbox 556 1817 726 1881; x_wconf 90' lang='lat' dir='ltr'>commovit</span> <span class='ocrx_word' id='word_1_106' title='bbox 741 1815 889 1880; x_wconf 90' lang='lat' dir='ltr'>funditus</span> <span class='ocrx_word' id='word_1_107' title='bbox 905 1828 1016 1881; x_wconf 55' lang='lat' dir='ltr'>aestus,</span> 
     </span>
    </p>

    <p class='ocr_par' dir='ltr' id='par_1_10' title="bbox 180 1919 1155 2207">
     <span class='ocr_line' id='line_1_17' title="bbox 180 1919 1155 2004; baseline 0.004 -25"><span class='ocrx_word' id='word_1_108' title='bbox 180 1933 242 1979; x_wconf 82' lang='grc'><strong>1434</strong></span> <span class='ocrx_word' id='word_1_109' title='bbox 298 1919 346 1983; x_wconf 90' lang='grc' dir='ltr'>Α1</span> <span class='ocrx_word' id='word_1_110' title='bbox 360 1919 473 2004; x_wconf 90' lang='lat' dir='ltr'>vigiles</span> <span class='ocrx_word' id='word_1_111' title='bbox 488 1920 600 1997; x_wconf 85' lang='lat' dir='ltr'>mundi</span> <span class='ocrx_word' id='word_1_112' title='bbox 616 1942 768 2003; x_wconf 88' lang='lat' dir='ltr'>magnum</span> <span class='ocrx_word' id='word_1_113' title='bbox 784 1929 818 1982; x_wconf 89' lang='lat' dir='ltr'>et</span> <span class='ocrx_word' id='word_1_114' title='bbox 833 1919 984 1983; x_wconf 84' lang='lat' dir='ltr'>versatile</span> <span class='ocrx_word' id='word_1_115' title='bbox 1000 1919 1155 2003; x_wconf 90' lang='lat' dir='ltr'>templum</span> 
     </span>
     <span class='ocr_line' id='line_1_18' title="bbox 256 2020 1011 2087; baseline 0.001 -3"><span class='ocrx_word' id='word_1_116' title='bbox 256 2020 312 2084; x_wconf 90' lang='lat' dir='ltr'>Sol</span> <span class='ocrx_word' id='word_1_117' title='bbox 327 2032 361 2085; x_wconf 92' lang='lat' dir='ltr'>et</span> <span class='ocrx_word' id='word_1_118' title='bbox 377 2021 473 2086; x_wconf 91' lang='lat' dir='ltr'>Luna</span> <span class='ocrx_word' id='word_1_119' title='bbox 488 2046 548 2087; x_wconf 91' lang='lat' dir='ltr'>suo</span> <span class='ocrx_word' id='word_1_120' title='bbox 563 2021 739 2086; x_wconf 87' lang='lat' dir='ltr'>lustrantes</span> <span class='ocrx_word' id='word_1_121' title='bbox 754 2021 874 2085; x_wconf 89' lang='lat' dir='ltr'>lumine</span> <span class='ocrx_word' id='word_1_122' title='bbox 891 2024 1011 2087; x_wconf 91' lang='lat' dir='ltr'>circum</span> 
     </span>
     <span class='ocr_line' id='line_1_19' title="bbox 255 2123 1099 2207; baseline 0.001 -21"><span class='ocrx_word' id='word_1_123' title='bbox 255 2123 463 2189; x_wconf 89' lang='lat' dir='ltr'>Perdocuere</span> <span class='ocrx_word' id='word_1_124' title='bbox 478 2124 624 2189; x_wconf 90' lang='lat' dir='ltr'>homines</span> <span class='ocrx_word' id='word_1_125' title='bbox 640 2123 812 2188; x_wconf 90' lang='lat' dir='ltr'>Annorum</span> <span class='ocrx_word' id='word_1_126' title='bbox 826 2135 974 2207; x_wconf 88' lang='lat' dir='ltr'>tempora</span> <span class='ocrx_word' id='word_1_127' title='bbox 990 2125 1072 2187; x_wconf 89' lang='lat' dir='ltr'>verti</span> <span class='ocrx_word' id='word_1_128' title='bbox 1083 2148 1099 2187; x_wconf 92' lang='lat'>:·</span> 
     </span>
    </p>

    <p class='ocr_par' dir='ltr' id='par_1_11' title="bbox 256 2226 1084 2310">
     <span class='ocr_line' id='line_1_20' title="bbox 256 2226 1084 2310; baseline -0.001 -21"><span class='ocrx_word' id='word_1_129' title='bbox 256 2226 303 2289; x_wconf 93' lang='lat' dir='ltr'>Et</span> <span class='ocrx_word' id='word_1_130' title='bbox 317 2237 406 2290; x_wconf 89' lang='lat' dir='ltr'>certa</span> <span class='ocrx_word' id='word_1_131' title='bbox 421 2227 544 2290; x_wconf 90' lang='lat' dir='ltr'>ratione</span> <span class='ocrx_word' id='word_1_132' title='bbox 560 2227 630 2310; x_wconf 86' lang='lat' dir='ltr'>geri</span> <span class='ocrx_word' id='word_1_133' title='bbox 644 2249 724 2304; x_wconf 90' lang='lat' dir='ltr'>rem,</span> <span class='ocrx_word' id='word_1_134' title='bbox 741 2237 838 2310; x_wconf 91' lang='lat' dir='ltr'>atque</span> <span class='ocrx_word' id='word_1_135' title='bbox 855 2227 968 2290; x_wconf 89' lang='lat' dir='ltr'>ordine</span> <span class='ocrx_word' id='word_1_136' title='bbox 984 2236 1084 2290; x_wconf 89' lang='lat' dir='ltr'>certo.</span> 
     </span>
    </p>

    <p class='ocr_par' dir='ltr' id='par_1_12' title="bbox 184 2328 1093 2515">
     <span class='ocr_line' id='line_1_21' title="bbox 298 2328 1093 2413; baseline -0.003 -21"><span class='ocrx_word' id='word_1_137' title='bbox 298 2329 373 2392; x_wconf 85' lang='lat' dir='ltr'>Jam</span> <span class='ocrx_word' id='word_1_138' title='bbox 388 2328 500 2392; x_wconf 88' lang='lat' dir='ltr'>validis</span> <span class='ocrx_word' id='word_1_139' title='bbox 518 2330 602 2412; x_wconf 89' lang='lat' dir='ltr'>septi</span> <span class='ocrx_word' id='word_1_140' title='bbox 617 2329 781 2413; x_wconf 85' lang='lat' dir='ltr'>degebant</span> <span class='ocrx_word' id='word_1_141' title='bbox 796 2328 960 2392; x_wconf 89' lang='lat' dir='ltr'>Turribus</span> <span class='ocrx_word' id='word_1_142' title='bbox 976 2351 1093 2405; x_wconf 77' lang='lat' dir='ltr'>aevum,</span> 
     </span>
     <span class='ocr_line' id='line_1_22' title="bbox 184 2430 970 2515; baseline 0.005 -25"><span class='ocrx_word' id='word_1_143' title='bbox 184 2432 305 2496; x_wconf 83' lang='grc' dir='ltr'><strong>1441Ε1</strong></span> <span class='ocrx_word' id='word_1_144' title='bbox 321 2433 423 2496; x_wconf 91' lang='lat' dir='ltr'>divisa</span> <span class='ocrx_word' id='word_1_145' title='bbox 438 2432 617 2509; x_wconf 88' lang='lat' dir='ltr'>colebatur,</span> <span class='ocrx_word' id='word_1_146' title='bbox 634 2432 840 2515; x_wconf 87' lang='lat' dir='ltr'>discretaque</span> <span class='ocrx_word' id='word_1_147' title='bbox 857 2430 970 2495; x_wconf 89' lang='lat' dir='ltr'>tellus:</span> 
     </span>
    </p>

    <p class='ocr_par' dir='ltr' id='par_1_13' title="bbox 258 2534 1090 2619">
     <span class='ocr_line' id='line_1_23' title="bbox 258 2534 1090 2619; baseline -0.001 -21"><span class='ocrx_word' id='word_1_148' title='bbox 258 2534 344 2599; x_wconf 90' lang='lat' dir='ltr'>Tum</span> <span class='ocrx_word' id='word_1_149' title='bbox 361 2535 457 2600; x_wconf 90' lang='lat' dir='ltr'>Mare</span> <span class='ocrx_word' id='word_1_150' title='bbox 470 2534 641 2600; x_wconf 90' lang='lat' dir='ltr'>velivolum</span> <span class='ocrx_word' id='word_1_151' title='bbox 656 2534 795 2599; x_wconf 89' lang='lat' dir='ltr'>florebat</span> <span class='ocrx_word' id='word_1_152' title='bbox 810 2535 938 2599; x_wconf 89' lang='lat' dir='ltr'>navibu’</span> <span class='ocrx_word' id='word_1_153' title='bbox 953 2535 1090 2619; x_wconf 87' lang='lat' dir='ltr'>pandis;</span> 
     </span>
    </p>
   </div>
   <div class='ocr_carea' id='block_1_3' title="bbox 166 2775 1290 4335">
    <p class='ocr_par' dir='ltr' id='par_1_14' title="bbox 166 2775 1283 3232">
     <span class='ocr_line' id='line_1_24' title="bbox 207 2775 1282 2843; baseline -0.002 -19"><span class='ocrx_word' id='word_1_154' title='bbox 207 2779 276 2825; x_wconf 84' lang='grc'><strong>1120.</strong></span> <span class='ocrx_word' id='word_1_155' title='bbox 300 2780 458 2842; x_wconf 77' lang='lat' dir='ltr'>Distroctam]</span> <span class='ocrx_word' id='word_1_156' title='bbox 483 2780 541 2840; x_wconf 84' lang='lat' dir='ltr'>Alii,</span> <span class='ocrx_word' id='word_1_157' title='bbox 566 2785 709 2838; x_wconf 78' lang='lat' dir='ltr'>distractam,</span> <span class='ocrx_word' id='word_1_158' title='bbox 744 2775 1282 2843; x_wconf 84' lang='lat' dir='ltr'>nesannitempestatescertoordineredire,</span> 
     </span>
     <span class='ocr_line' id='line_1_25' title="bbox 173 2840 1281 2907; baseline -0.001 -19"><span class='ocrx_word' id='word_1_159' title='bbox 173 2851 267 2890; x_wconf 89' lang='lat' dir='ltr'>vestem</span> <span class='ocrx_word' id='word_1_160' title='bbox 282 2843 327 2890; x_wconf 91' lang='lat' dir='ltr'>viz.</span> <span class='ocrx_word' id='word_1_161' title='bbox 341 2854 365 2892; x_wconf 90' lang='lat' dir='ltr'>et</span> <span class='ocrx_word' id='word_1_162' title='bbox 381 2844 408 2891; x_wconf 89' lang='lat' dir='ltr'>in</span> <span class='ocrx_word' id='word_1_163' title='bbox 424 2846 536 2906; x_wconf 86' lang='lat' dir='ltr'>sequenti</span> <span class='ocrx_word' id='word_1_164' title='bbox 549 2861 621 2894; x_wconf 88' lang='lat' dir='ltr'>versu</span> <span class='ocrx_word' id='word_1_165' title='bbox 633 2848 709 2906; x_wconf 76' lang='lat' dir='ltr'>dispe-</span> <span class='ocrx_word' id='word_1_166' title='bbox 744 2861 823 2907; x_wconf 90' lang='lat' dir='ltr'>neque</span> <span class='ocrx_word' id='word_1_167' title='bbox 846 2860 904 2892; x_wconf 88' lang='lat' dir='ltr'>casu</span> <span class='ocrx_word' id='word_1_168' title='bbox 927 2845 1002 2892; x_wconf 88' lang='lat' dir='ltr'>fluere</span> <span class='ocrx_word' id='word_1_169' title='bbox 1025 2843 1124 2900; x_wconf 77' lang='lat' dir='ltr'>omnia,</span> <span class='ocrx_word' id='word_1_170' title='bbox 1137 2850 1163 2890; x_wconf 92' lang='lat' dir='ltr'>et</span> <span class='ocrx_word' id='word_1_171' title='bbox 1188 2840 1281 2889; x_wconf 88' lang='lat' dir='ltr'>turbari</span> 
     </span>
     <span class='ocr_line' id='line_1_26' title="bbox 172 2904 1281 2972; baseline -0.002 -19"><span class='ocrx_word' id='word_1_172' title='bbox 172 2910 259 2962; x_wconf 71' lang='lat' dir='ltr'>misse,-</span> <span class='ocrx_word' id='word_1_173' title='bbox 283 2916 308 2955; x_wconf 90' lang='lat' dir='ltr'>et</span> <span class='ocrx_word' id='word_1_174' title='bbox 324 2908 376 2956; x_wconf 81' lang='lat' dir='ltr'>haec</span> <span class='ocrx_word' id='word_1_175' title='bbox 393 2908 472 2966; x_wconf 89' lang='lat' dir='ltr'>lectio,</span> <span class='ocrx_word' id='word_1_176' title='bbox 490 2925 562 2971; x_wconf 87' lang='lat' dir='ltr'>quam</span> <span class='ocrx_word' id='word_1_177' title='bbox 576 2910 644 2958; x_wconf 88' lang='lat' dir='ltr'>codd.</span> <span class='ocrx_word' id='word_1_178' title='bbox 662 2918 710 2958; x_wconf 81' lang='lat' dir='ltr'>vet</span> <span class='ocrx_word' id='word_1_179' title='bbox 745 2909 813 2972; x_wconf 92' lang='lat' dir='ltr'>(nam</span> <span class='ocrx_word' id='word_1_180' title='bbox 823 2909 897 2956; x_wconf 90' lang='lat' dir='ltr'>atomi</span> <span class='ocrx_word' id='word_1_181' title='bbox 907 2909 1013 2972; x_wconf 91' lang='lat' dir='ltr'>primum</span> <span class='ocrx_word' id='word_1_182' title='bbox 1024 2907 1124 2957; x_wconf 86' lang='lat' dir='ltr'>fortuito</span> <span class='ocrx_word' id='word_1_183' title='bbox 1133 2904 1281 2954; x_wconf 88' lang='lat' dir='ltr'>convenien-</span> 
     </span>
     <span class='ocr_line' id='line_1_27' title="bbox 174 2970 1283 3038; baseline -0.002 -21"><span class='ocrx_word' id='word_1_184' title='bbox 174 2970 297 3029; x_wconf 81' lang='lat' dir='ltr'>exhibent,</span> <span class='ocrx_word' id='word_1_185' title='bbox 317 2981 342 3020; x_wconf 90' lang='lat' dir='ltr'>et</span> <span class='ocrx_word' id='word_1_186' title='bbox 364 2972 484 3022; x_wconf 88' lang='lat' dir='ltr'>Heinsius</span> <span class='ocrx_word' id='word_1_187' title='bbox 503 2975 597 3038; x_wconf 90' lang='lat' dir='ltr'>probat,</span> <span class='ocrx_word' id='word_1_188' title='bbox 615 2974 710 3022; x_wconf 85' lang='lat' dir='ltr'>admitti</span> <span class='ocrx_word' id='word_1_189' title='bbox 745 2982 789 3030; x_wconf 90' lang='lat' dir='ltr'>tes,</span> <span class='ocrx_word' id='word_1_190' title='bbox 806 2974 841 3021; x_wconf 89' lang='lat' dir='ltr'>ita</span> <span class='ocrx_word' id='word_1_191' title='bbox 855 2983 936 3021; x_wconf 92' lang='lat' dir='ltr'>motus</span> <span class='ocrx_word' id='word_1_192' title='bbox 948 2973 986 3022; x_wconf 92' lang='lat' dir='ltr'>sui</span> <span class='ocrx_word' id='word_1_193' title='bbox 1002 2973 1104 3036; x_wconf 88' lang='lat' dir='ltr'>legibus,</span> <span class='ocrx_word' id='word_1_194' title='bbox 1117 2982 1143 3020; x_wconf 85' lang='lat' dir='ltr'>et</span> <span class='ocrx_word' id='word_1_195' title='bbox 1153 2971 1177 3018; x_wconf 88' lang='lat' dir='ltr'>vi</span> <span class='ocrx_word' id='word_1_196' title='bbox 1189 2981 1283 3017; x_wconf 89' lang='lat' dir='ltr'>naturae</span> 
     </span>
     <span class='ocr_line' id='line_1_28' title="bbox 173 3035 1281 3101; baseline -0.001 -19"><span class='ocrx_word' id='word_1_197' title='bbox 173 3035 290 3097; x_wconf 89' lang='lat' dir='ltr'>potuerit,</span> <span class='ocrx_word' id='word_1_198' title='bbox 312 3037 333 3085; x_wconf 88' lang='lat' dir='ltr'>si</span> <span class='ocrx_word' id='word_1_199' title='bbox 350 3053 422 3086; x_wconf 89' lang='lat' dir='ltr'>voces</span> <span class='ocrx_word' id='word_1_200' title='bbox 442 3047 571 3101; x_wconf 85' lang='lat' dir='ltr'>sequentes</span> <span class='ocrx_word' id='word_1_201' title='bbox 590 3041 670 3100; x_wconf 83' lang='lat' dir='ltr'>Neque</span> <span class='ocrx_word' id='word_1_202' title='bbox 686 3043 711 3086; x_wconf 77' lang='grc'>14</span> <span class='ocrx_word' id='word_1_203' title='bbox 744 3038 933 3096; x_wconf 89' lang='lat' dir='ltr'>constituuntur,</span> <span class='ocrx_word' id='word_1_204' title='bbox 952 3048 979 3086; x_wconf 89' lang='lat' dir='ltr'>ut</span> <span class='ocrx_word' id='word_1_205' title='bbox 995 3038 1042 3086; x_wconf 89' lang='lat' dir='ltr'>nisi</span> <span class='ocrx_word' id='word_1_206' title='bbox 1054 3037 1135 3099; x_wconf 91' lang='lat' dir='ltr'>aliqua</span> <span class='ocrx_word' id='word_1_207' title='bbox 1152 3050 1224 3083; x_wconf 86' lang='lat' dir='ltr'>causa</span> <span class='ocrx_word' id='word_1_208' title='bbox 1237 3049 1281 3081; x_wconf 87' lang='lat' dir='ltr'>ex·</span> 
     </span>
     <span class='ocr_line' id='line_1_29' title="bbox 166 3097 1283 3167; baseline 0 -21"><span class='ocrx_word' id='word_1_209' title='bbox 166 3097 273 3161; x_wconf 84' lang='lat' dir='ltr'>fructum</span> <span class='ocrx_word' id='word_1_210' title='bbox 289 3110 416 3151; x_wconf 76' lang='lat' dir='ltr'>convertere</span> <span class='ocrx_word' id='word_1_211' title='bbox 433 3103 508 3165; x_wconf 66' lang='lat' dir='ltr'>quisse</span> <span class='ocrx_word' id='word_1_212' title='bbox 524 3104 651 3152; x_wconf 91' lang='lat' dir='ltr'>commode</span> <span class='ocrx_word' id='word_1_213' title='bbox 667 3120 711 3167; x_wconf 94' lang='lat' dir='ltr'>pa·</span> <span class='ocrx_word' id='word_1_214' title='bbox 745 3103 866 3152; x_wconf 86' lang='lat' dir='ltr'>trinsecus</span> <span class='ocrx_word' id='word_1_215' title='bbox 889 3103 1021 3151; x_wconf 88' lang='lat' dir='ltr'>adveniens</span> <span class='ocrx_word' id='word_1_216' title='bbox 1044 3101 1169 3164; x_wconf 87' lang='lat' dir='ltr'>impediat,</span> <span class='ocrx_word' id='word_1_217' title='bbox 1195 3098 1283 3147; x_wconf 90' lang='lat' dir='ltr'>iisdem</span> 
     </span>
     <span class='ocr_line' id='line_1_30' title="bbox 175 3165 1283 3232; baseline 0 -21"><span class='ocrx_word' id='word_1_218' title='bbox 175 3173 293 3214; x_wconf 86' lang='lat' dir='ltr'>terentur.</span> <span class='ocrx_word' id='word_1_219' title='bbox 745 3184 844 3232; x_wconf 88' lang='lat' dir='ltr'>semper</span> <span class='ocrx_word' id='word_1_220' title='bbox 853 3168 960 3216; x_wconf 89' lang='lat' dir='ltr'>motibus</span> <span class='ocrx_word' id='word_1_221' title='bbox 971 3167 1106 3228; x_wconf 61' lang='lat' dir='ltr'>ferentum:</span> <span class='ocrx_word' id='word_1_222' title='bbox 1120 3165 1218 3213; x_wconf 90' lang='lat' dir='ltr'>tandem</span> <span class='ocrx_word' id='word_1_223' title='bbox 1230 3179 1283 3212; x_wconf 88' lang='lat' dir='ltr'>cer-</span> 
     </span>
    </p>

    <p class='ocr_par' dir='ltr' id='par_1_15' title="bbox 174 3228 1287 4010">
     <span class='ocr_line' id='line_1_31' title="bbox 210 3228 1284 3297; baseline -0.001 -20"><span class='ocrx_word' id='word_1_224' title='bbox 210 3232 279 3278; x_wconf 82' lang='grc'><strong>1122.</strong></span> <span class='ocrx_word' id='word_1_225' title='bbox 303 3233 366 3280; x_wconf 83' lang='lat' dir='ltr'>Tunc</span> <span class='ocrx_word' id='word_1_226' title='bbox 383 3237 457 3296; x_wconf 78' lang='lat' dir='ltr'>igitur</span> <span class='ocrx_word' id='word_1_227' title='bbox 479 3233 562 3291; x_wconf 77' lang='lat' dir='ltr'>Pelles,</span> <span class='ocrx_word' id='word_1_228' title='bbox 585 3232 643 3297; x_wconf 82' lang='grc'><strong>414]</strong></span> <span class='ocrx_word' id='word_1_229' title='bbox 666 3234 713 3282; x_wconf 94' lang='grc'><strong>1114</strong></span> <span class='ocrx_word' id='word_1_230' title='bbox 745 3243 798 3282; x_wconf 89' lang='lat' dir='ltr'>turn</span> <span class='ocrx_word' id='word_1_231' title='bbox 815 3233 949 3295; x_wconf 87' lang='lat' dir='ltr'>stabileque</span> <span class='ocrx_word' id='word_1_232' title='bbox 965 3231 1064 3281; x_wconf 86' lang='lat' dir='ltr'>vivendi</span> <span class='ocrx_word' id='word_1_233' title='bbox 1082 3247 1160 3294; x_wconf 86' lang='lat' dir='ltr'>genus</span> <span class='ocrx_word' id='word_1_234' title='bbox 1176 3228 1284 3292; x_wconf 83' lang='lat' dir='ltr'>amplexi</span> 
     </span>
     <span class='ocr_line' id='line_1_32' title="bbox 175 3293 1283 3362; baseline -0.001 -20"><span class='ocrx_word' id='word_1_235' title='bbox 175 3304 258 3343; x_wconf 86' lang='lat' dir='ltr'>autem</span> <span class='ocrx_word' id='word_1_236' title='bbox 274 3312 319 3360; x_wconf 91' lang='lat' dir='ltr'>pro</span> <span class='ocrx_word' id='word_1_237' title='bbox 335 3297 400 3361; x_wconf 92' lang='lat' dir='ltr'>pelle</span> <span class='ocrx_word' id='word_1_238' title='bbox 417 3314 499 3362; x_wconf 86' lang='lat' dir='ltr'>pugna</span> <span class='ocrx_word' id='word_1_239' title='bbox 511 3309 536 3346; x_wconf 91' lang='lat' dir='ltr'>et</span> <span class='ocrx_word' id='word_1_240' title='bbox 547 3299 625 3347; x_wconf 86' lang='lat' dir='ltr'>caedes</span> <span class='ocrx_word' id='word_1_241' title='bbox 637 3315 712 3347; x_wconf 82' lang='grc'><strong>41144-</strong></span> <span class='ocrx_word' id='word_1_242' title='bbox 746 3308 816 3348; x_wconf 87' lang='lat' dir='ltr'>sunt:</span> <span class='ocrx_word' id='word_1_243' title='bbox 834 3298 892 3346; x_wconf 92' lang='lat' dir='ltr'>inde</span> <span class='ocrx_word' id='word_1_244' title='bbox 904 3298 1042 3346; x_wconf 71' lang='lat' dir='ltr'>constituta</span> <span class='ocrx_word' id='word_1_245' title='bbox 1051 3296 1200 3360; x_wconf 79' lang='lat' dir='ltr'>reipublieae,</span> <span class='ocrx_word' id='word_1_246' title='bbox 1212 3293 1283 3342; x_wconf 90' lang='lat' dir='ltr'>insti·</span> 
     </span>
     <span class='ocr_line' id='line_1_33' title="bbox 176 3359 1283 3424; baseline -0.002 -16"><span class='ocrx_word' id='word_1_247' title='bbox 176 3359 225 3408; x_wconf 85' lang='lat' dir='ltr'>sari</span> <span class='ocrx_word' id='word_1_248' title='bbox 247 3361 332 3424; x_wconf 84' lang='lat' dir='ltr'>possit,</span> <span class='ocrx_word' id='word_1_249' title='bbox 353 3379 410 3411; x_wconf 84' lang='lat' dir='ltr'>nam</span> <span class='ocrx_word' id='word_1_250' title='bbox 433 3373 490 3412; x_wconf 89' lang='lat' dir='ltr'>aute</span> <span class='ocrx_word' id='word_1_251' title='bbox 513 3373 593 3412; x_wconf 87' lang='lat' dir='ltr'>vestes</span> <span class='ocrx_word' id='word_1_252' title='bbox 616 3365 714 3413; x_wconf 86' lang='lat' dir='ltr'>textiles</span> <span class='ocrx_word' id='word_1_253' title='bbox 747 3373 800 3412; x_wconf 85' lang='lat' dir='ltr'>tuta</span> <span class='ocrx_word' id='word_1_254' title='bbox 816 3363 889 3411; x_wconf 86' lang='lat' dir='ltr'>etiam</span> <span class='ocrx_word' id='word_1_255' title='bbox 908 3363 972 3410; x_wconf 89' lang='lat' dir='ltr'>inter</span> <span class='ocrx_word' id='word_1_256' title='bbox 989 3363 1098 3410; x_wconf 87' lang='lat' dir='ltr'>diversas</span> <span class='ocrx_word' id='word_1_257' title='bbox 1114 3370 1200 3424; x_wconf 89' lang='lat' dir='ltr'>gentes</span> <span class='ocrx_word' id='word_1_258' title='bbox 1217 3374 1283 3406; x_wconf 92' lang='lat' dir='ltr'>com-</span> 
     </span>
     <span class='ocr_line' id='line_1_34' title="bbox 174 3423 1285 3492; baseline -0.001 -20"><span class='ocrx_word' id='word_1_259' title='bbox 174 3424 289 3475; x_wconf 88' lang='lat' dir='ltr'>inventas</span> <span class='ocrx_word' id='word_1_260' title='bbox 305 3427 363 3476; x_wconf 91' lang='lat' dir='ltr'>solis</span> <span class='ocrx_word' id='word_1_261' title='bbox 380 3429 484 3492; x_wconf 89' lang='lat' dir='ltr'>pellibus</span> <span class='ocrx_word' id='word_1_262' title='bbox 495 3428 658 3478; x_wconf 90' lang='lat' dir='ltr'>defendebant</span> <span class='ocrx_word' id='word_1_263' title='bbox 670 3429 712 3477; x_wconf 86' lang='lat' dir='ltr'>fri-</span> <span class='ocrx_word' id='word_1_264' title='bbox 747 3428 852 3482; x_wconf 73' lang='lat' dir='ltr'>mercias</span> <span class='ocrx_word' id='word_1_265' title='bbox 871 3436 923 3474; x_wconf 91' lang='lat' dir='ltr'>tum</span> <span class='ocrx_word' id='word_1_266' title='bbox 939 3426 1027 3475; x_wconf 85' lang='lat' dir='ltr'>litterae</span> <span class='ocrx_word' id='word_1_267' title='bbox 1043 3426 1156 3482; x_wconf 70' lang='lat' dir='ltr'>inventa,</span> <span class='ocrx_word' id='word_1_268' title='bbox 1170 3423 1221 3472; x_wconf 89' lang='lat' dir='ltr'>nati</span> <span class='ocrx_word' id='word_1_269' title='bbox 1232 3432 1285 3471; x_wconf 91' lang='lat' dir='ltr'>tum</span> 
     </span>
     <span class='ocr_line' id='line_1_35' title="bbox 175 3488 1283 3558; baseline -0.004 -19"><span class='ocrx_word' id='word_1_270' title='bbox 175 3506 235 3553; x_wconf 76' lang='lat' dir='ltr'>gus3</span> <span class='ocrx_word' id='word_1_271' title='bbox 253 3502 279 3539; x_wconf 90' lang='lat' dir='ltr'>at</span> <span class='ocrx_word' id='word_1_272' title='bbox 290 3492 345 3554; x_wconf 90' lang='lat' dir='ltr'>quis</span> <span class='ocrx_word' id='word_1_273' title='bbox 355 3492 467 3554; x_wconf 84' lang='lat' dir='ltr'>homines</span> <span class='ocrx_word' id='word_1_274' title='bbox 479 3504 580 3542; x_wconf 85' lang='lat' dir='ltr'>excuset</span> <span class='ocrx_word' id='word_1_275' title='bbox 591 3494 633 3556; x_wconf 89' lang='lat' dir='ltr'>qui</span> <span class='ocrx_word' id='word_1_276' title='bbox 644 3494 715 3542; x_wconf 90' lang='lat' dir='ltr'>bellis</span> <span class='ocrx_word' id='word_1_277' title='bbox 747 3496 825 3558; x_wconf 68' lang='lat' dir='ltr'>pottae</span> <span class='ocrx_word' id='word_1_278' title='bbox 839 3491 996 3540; x_wconf 88' lang='lat' dir='ltr'>historiarum</span> <span class='ocrx_word' id='word_1_279' title='bbox 1011 3500 1106 3555; x_wconf 88' lang='lat' dir='ltr'>patres;</span> <span class='ocrx_word' id='word_1_280' title='bbox 1125 3490 1230 3552; x_wconf 90' lang='lat' dir='ltr'>denique</span> <span class='ocrx_word' id='word_1_281' title='bbox 1245 3488 1283 3536; x_wconf 93' lang='lat' dir='ltr'>in-</span> 
     </span>
     <span class='ocr_line' id='line_1_36' title="bbox 175 3553 1285 3618; baseline -0.002 -16"><span class='ocrx_word' id='word_1_282' title='bbox 175 3565 200 3602; x_wconf 83' lang='grc'>41</span> <span class='ocrx_word' id='word_1_283' title='bbox 211 3556 305 3618; x_wconf 87' lang='lat' dir='ltr'>rapinis</span> <span class='ocrx_word' id='word_1_284' title='bbox 320 3557 425 3606; x_wconf 88' lang='lat' dir='ltr'>miscent</span> <span class='ocrx_word' id='word_1_285' title='bbox 435 3558 524 3616; x_wconf 91' lang='lat' dir='ltr'>omnia,</span> <span class='ocrx_word' id='word_1_286' title='bbox 537 3567 564 3606; x_wconf 92' lang='lat' dir='ltr'>ut</span> <span class='ocrx_word' id='word_1_287' title='bbox 575 3574 635 3606; x_wconf 86' lang='lat' dir='ltr'>auro</span> <span class='ocrx_word' id='word_1_288' title='bbox 646 3558 713 3615; x_wconf 90' lang='lat' dir='ltr'>clari,</span> <span class='ocrx_word' id='word_1_289' title='bbox 747 3568 827 3606; x_wconf 83' lang='lat' dir='ltr'>ventae</span> <span class='ocrx_word' id='word_1_290' title='bbox 850 3565 908 3604; x_wconf 89' lang='lat' dir='ltr'>sunt</span> <span class='ocrx_word' id='word_1_291' title='bbox 930 3556 984 3604; x_wconf 88' lang='lat' dir='ltr'>istae</span> <span class='ocrx_word' id='word_1_292' title='bbox 1003 3567 1075 3613; x_wconf 88' lang='lat' dir='ltr'>artes,</span> <span class='ocrx_word' id='word_1_293' title='bbox 1099 3571 1156 3603; x_wconf 86' lang='lat' dir='ltr'>narn</span> <span class='ocrx_word' id='word_1_294' title='bbox 1176 3553 1285 3602; x_wconf 91' lang='lat' dir='ltr'>omnium</span> 
     </span>
     <span class='ocr_line' id='line_1_37' title="bbox 176 3617 1286 3686; baseline -0.001 -20"><span class='ocrx_word' id='word_1_295' title='bbox 176 3628 201 3667; x_wconf 87' lang='lat' dir='ltr'>et</span> <span class='ocrx_word' id='word_1_296' title='bbox 216 3620 325 3684; x_wconf 77' lang='lat' dir='ltr'>insignes</span> <span class='ocrx_word' id='word_1_297' title='bbox 342 3638 451 3686; x_wconf 88' lang='lat' dir='ltr'>purpura</span> <span class='ocrx_word' id='word_1_298' title='bbox 462 3624 601 3686; x_wconf 76' lang='lat' dir='ltr'>fulgerent?</span> <span class='ocrx_word' id='word_1_299' title='bbox 624 3623 673 3674; x_wconf 87' lang='lat' dir='ltr'>Sed</span> <span class='ocrx_word' id='word_1_300' title='bbox 689 3623 715 3670; x_wconf 92' lang='lat' dir='ltr'>id</span> <span class='ocrx_word' id='word_1_301' title='bbox 747 3631 860 3670; x_wconf 86' lang='lat' dir='ltr'>autorum</span> <span class='ocrx_word' id='word_1_302' title='bbox 872 3621 971 3668; x_wconf 88' lang='lat' dir='ltr'>nomina</span> <span class='ocrx_word' id='word_1_303' title='bbox 981 3620 1159 3677; x_wconf 86' lang='lat' dir='ltr'>describuntur,</span> <span class='ocrx_word' id='word_1_304' title='bbox 1167 3635 1221 3681; x_wconf 82' lang='lat' dir='ltr'>quae</span> <span class='ocrx_word' id='word_1_305' title='bbox 1229 3617 1286 3666; x_wconf 80' lang='lat' dir='ltr'>vitae</span> 
     </span>
     <span class='ocr_line' id='line_1_38' title="bbox 175 3685 1277 3752; baseline -0.001 -21"><span class='ocrx_word' id='word_1_306' title='bbox 175 3694 252 3746; x_wconf 86' lang='lat' dir='ltr'>agunt</span> <span class='ocrx_word' id='word_1_307' title='bbox 261 3686 376 3748; x_wconf 85' lang='lat' dir='ltr'>quoniam</span> <span class='ocrx_word' id='word_1_308' title='bbox 387 3687 474 3736; x_wconf 84' lang='lat' dir='ltr'>insana</span> <span class='ocrx_word' id='word_1_309' title='bbox 480 3688 586 3736; x_wconf 88' lang='lat' dir='ltr'>habendi</span> <span class='ocrx_word' id='word_1_310' title='bbox 599 3687 715 3752; x_wconf 88' lang='lat' dir='ltr'>cupidine</span> <span class='ocrx_word' id='word_1_311' title='bbox 748 3695 844 3742; x_wconf 82' lang='lat' dir='ltr'>nostrae,</span> <span class='ocrx_word' id='word_1_312' title='bbox 856 3695 898 3733; x_wconf 92' lang='lat' dir='ltr'>aut</span> <span class='ocrx_word' id='word_1_313' title='bbox 911 3686 1029 3750; x_wconf 87' lang='lat' dir='ltr'>voluptati</span> <span class='ocrx_word' id='word_1_314' title='bbox 1040 3685 1189 3734; x_wconf 86' lang='lat' dir='ltr'>inserviunt:</span> <span class='ocrx_word' id='word_1_315' title='bbox 1204 3700 1226 3732; x_wconf 92' lang='lat' dir='ltr'>v.</span> <span class='ocrx_word' id='word_1_316' title='bbox 1239 3685 1277 3731; x_wconf 81' lang='lat'>22.</span> 
     </span>
     <span class='ocr_line' id='line_1_39' title="bbox 175 3750 1285 3816; baseline 0.001 -21"><span class='ocrx_word' id='word_1_317' title='bbox 175 3757 288 3811; x_wconf 81' lang='lat' dir='ltr'>aguntur,</span> <span class='ocrx_word' id='word_1_318' title='bbox 301 3760 326 3797; x_wconf 88' lang='lat' dir='ltr'>et</span> <span class='ocrx_word' id='word_1_319' title='bbox 337 3750 451 3813; x_wconf 81' lang='lat' dir='ltr'>ignorant</span> <span class='ocrx_word' id='word_1_320' title='bbox 462 3769 545 3801; x_wconf 88' lang='lat' dir='ltr'>veram</span> <span class='ocrx_word' id='word_1_321' title='bbox 556 3753 715 3816; x_wconf 87' lang='lat' dir='ltr'>voluptatem,</span> <span class='ocrx_word' id='word_1_322' title='bbox 783 3753 852 3798; x_wconf 88' lang='grc'><strong>1110.</strong></span> <span class='ocrx_word' id='word_1_323' title='bbox 870 3750 1037 3813; x_wconf 77' lang='lat' dir='ltr'>Discretaque]</span> <span class='ocrx_word' id='word_1_324' title='bbox 1050 3751 1107 3808; x_wconf 83' lang='lat' dir='ltr'>Alii,</span> <span class='ocrx_word' id='word_1_325' title='bbox 1120 3753 1285 3810; x_wconf 76' lang='lat' dir='ltr'>descriptaque.</span> 
     </span>
     <span class='ocr_line' id='line_1_40' title="bbox 176 3813 1286 3880; baseline 0 -20"><span class='ocrx_word' id='word_1_326' title='bbox 176 3828 248 3875; x_wconf 89' lang='lat' dir='ltr'>quam</span> <span class='ocrx_word' id='word_1_327' title='bbox 261 3814 383 3878; x_wconf 89' lang='lat' dir='ltr'>Epicurus</span> <span class='ocrx_word' id='word_1_328' title='bbox 394 3817 484 3875; x_wconf 87' lang='lat' dir='ltr'>docuit,</span> <span class='ocrx_word' id='word_1_329' title='bbox 498 3826 523 3865; x_wconf 89' lang='lat' dir='ltr'>et</span> <span class='ocrx_word' id='word_1_330' title='bbox 534 3833 588 3880; x_wconf 84' lang='lat' dir='ltr'>quae</span> <span class='ocrx_word' id='word_1_331' title='bbox 599 3832 649 3865; x_wconf 90' lang='lat' dir='ltr'>non</span> <span class='ocrx_word' id='word_1_332' title='bbox 665 3826 716 3864; x_wconf 86' lang='lat' dir='ltr'>tam</span> <span class='ocrx_word' id='word_1_333' title='bbox 783 3817 853 3863; x_wconf 88' lang='grc'><strong>1111.</strong></span> <span class='ocrx_word' id='word_1_334' title='bbox 870 3818 926 3863; x_wconf 88' lang='lat' dir='ltr'>Tam</span> <span class='ocrx_word' id='word_1_335' title='bbox 934 3818 1003 3864; x_wconf 86' lang='lat' dir='ltr'>Mare</span> <span class='ocrx_word' id='word_1_336' title='bbox 1012 3819 1136 3873; x_wconf 68' lang='lat' dir='ltr'>ordeolum,</span> <span class='ocrx_word' id='word_1_337' title='bbox 1148 3813 1206 3876; x_wconf 81' lang='grc'><strong>414]</strong></span> <span class='ocrx_word' id='word_1_338' title='bbox 1217 3813 1263 3860; x_wconf 86' lang='lat' dir='ltr'>Gil</span> <span class='ocrx_word' id='word_1_339' title='bbox 1275 3840 1286 3849; x_wconf 91' lang='lat'><strong>·</strong></span> 
     </span>
     <span class='ocr_line' id='line_1_41' title="bbox 176 3876 1287 3943; baseline 0 -19"><span class='ocrx_word' id='word_1_340' title='bbox 176 3876 276 3926; x_wconf 89' lang='lat' dir='ltr'>delicias</span> <span class='ocrx_word' id='word_1_341' title='bbox 292 3880 395 3942; x_wconf 90' lang='lat' dir='ltr'>appetit,</span> <span class='ocrx_word' id='word_1_342' title='bbox 407 3896 480 3943; x_wconf 89' lang='lat' dir='ltr'>quam</span> <span class='ocrx_word' id='word_1_343' title='bbox 498 3881 642 3930; x_wconf 86' lang='lat' dir='ltr'>necessariis</span> <span class='ocrx_word' id='word_1_344' title='bbox 656 3897 715 3929; x_wconf 89' lang='lat' dir='ltr'>con·</span> <span class='ocrx_word' id='word_1_345' title='bbox 748 3880 812 3939; x_wconf 91' lang='lat' dir='ltr'>nius,</span> <span class='ocrx_word' id='word_1_346' title='bbox 824 3883 882 3928; x_wconf 81' lang='lat' dir='ltr'>Tum</span> <span class='ocrx_word' id='word_1_347' title='bbox 891 3883 959 3929; x_wconf 85' lang='lat' dir='ltr'>Mare</span> <span class='ocrx_word' id='word_1_348' title='bbox 968 3880 1184 3941; x_wconf 78' lang='lat' dir='ltr'>velivolisstorcbat</span> <span class='ocrx_word' id='word_1_349' title='bbox 1192 3881 1287 3927; x_wconf 79' lang='grc'><strong>11441141</strong></span> 
     </span>
     <span class='ocr_line' id='line_1_42' title="bbox 177 3942 1287 4010; baseline 0.001 -21"><span class='ocrx_word' id='word_1_350' title='bbox 177 3951 244 3990; x_wconf 88' lang='lat' dir='ltr'>tenta</span> <span class='ocrx_word' id='word_1_351' title='bbox 254 3952 305 3991; x_wconf 86' lang='lat' dir='ltr'>est:</span> <span class='ocrx_word' id='word_1_352' title='bbox 323 3960 345 3991; x_wconf 91' lang='lat' dir='ltr'>v.</span> <span class='ocrx_word' id='word_1_353' title='bbox 363 3946 400 3992; x_wconf 86' lang='lat'>13.</span> <span class='ocrx_word' id='word_1_354' title='bbox 748 3945 825 4010; x_wconf 91' lang='lat' dir='ltr'>ponti.</span> <span class='ocrx_word' id='word_1_355' title='bbox 865 3945 969 3994; x_wconf 90' lang='lat' dir='ltr'>Vossius</span> <span class='ocrx_word' id='word_1_356' title='bbox 991 3945 1020 3994; x_wconf 87' lang='lat' dir='ltr'>ad</span> <span class='ocrx_word' id='word_1_357' title='bbox 1044 3946 1176 4002; x_wconf 89' lang='lat' dir='ltr'>Catullum,</span> <span class='ocrx_word' id='word_1_358' title='bbox 1199 3960 1223 4007; x_wconf 89' lang='lat' dir='ltr'>p.</span> <span class='ocrx_word' id='word_1_359' title='bbox 1248 3942 1287 3993; x_wconf 78' lang='lat'>77.</span> 
     </span>
    </p>

    <p class='ocr_par' dir='ltr' id='par_1_16' title="bbox 179 4009 1289 4203">
     <span class='ocr_line' id='line_1_43' title="bbox 211 4009 1289 4075; baseline 0 -21"><span class='ocrx_word' id='word_1_360' title='bbox 211 4009 281 4055; x_wconf 76' lang='lat'>1433.</span> <span class='ocrx_word' id='word_1_361' title='bbox 294 4010 316 4055; x_wconf 90' lang='lat' dir='ltr'><em>V</em></span> <span class='ocrx_word' id='word_1_362' title='bbox 314 4013 370 4056; x_wconf 79' lang='lat' dir='ltr'>itam</span> <span class='ocrx_word' id='word_1_363' title='bbox 378 4013 482 4071; x_wconf 77' lang='lat' dir='ltr'>prouexit</span> <span class='ocrx_word' id='word_1_364' title='bbox 493 4015 519 4058; x_wconf 79' lang='lat' dir='ltr'>in</span> <span class='ocrx_word' id='word_1_365' title='bbox 525 4011 619 4075; x_wconf 83' lang='lat' dir='ltr'>Altam]</span> <span class='ocrx_word' id='word_1_366' title='bbox 633 4012 714 4060; x_wconf 84' lang='lat' dir='ltr'>Meta·</span> <span class='ocrx_word' id='word_1_367' title='bbox 748 4012 800 4059; x_wconf 78' lang='lat' dir='ltr'>haec</span> <span class='ocrx_word' id='word_1_368' title='bbox 811 4010 898 4066; x_wconf 69' lang='lat' dir='ltr'>habetr</span> <span class='ocrx_word' id='word_1_369' title='bbox 919 4013 976 4059; x_wconf 82' lang='lat' dir='ltr'>Tum</span> <span class='ocrx_word' id='word_1_370' title='bbox 988 4013 1056 4059; x_wconf 86' lang='lat' dir='ltr'>Mare</span> <span class='ocrx_word' id='word_1_371' title='bbox 1067 4013 1184 4058; x_wconf 77' lang='lat' dir='ltr'>velivolum</span> <span class='ocrx_word' id='word_1_372' title='bbox 1190 4010 1289 4069; x_wconf 77' lang='lat' dir='ltr'>florebat</span> 
     </span>
     <span class='ocr_line' id='line_1_44' title="bbox 179 4072 1287 4142; baseline 0.001 -23"><span class='ocrx_word' id='word_1_373' title='bbox 179 4072 257 4135; x_wconf 89' lang='lat' dir='ltr'>phora</span> <span class='ocrx_word' id='word_1_374' title='bbox 276 4089 290 4120; x_wconf 88' lang='lat' dir='ltr'>a</span> <span class='ocrx_word' id='word_1_375' title='bbox 313 4074 492 4136; x_wconf 86' lang='lat' dir='ltr'>navigantibus,</span> <span class='ocrx_word' id='word_1_376' title='bbox 514 4091 586 4125; x_wconf 88' lang='lat' dir='ltr'>versu</span> <span class='ocrx_word' id='word_1_377' title='bbox 606 4077 717 4141; x_wconf 86' lang='lat' dir='ltr'>sequenti</span> <span class='ocrx_word' id='word_1_378' title='bbox 749 4087 851 4142; x_wconf 90' lang='lat' dir='ltr'>propter</span> <span class='ocrx_word' id='word_1_379' title='bbox 862 4077 955 4124; x_wconf 77' lang='lat' dir='ltr'>odores.</span> <span class='ocrx_word' id='word_1_380' title='bbox 980 4076 1043 4124; x_wconf 80' lang='lat' dir='ltr'>Haec</span> <span class='ocrx_word' id='word_1_381' title='bbox 1055 4085 1092 4124; x_wconf 88' lang='lat' dir='ltr'>est</span> <span class='ocrx_word' id='word_1_382' title='bbox 1103 4074 1225 4139; x_wconf 87' lang='lat' dir='ltr'>scriptura</span> <span class='ocrx_word' id='word_1_383' title='bbox 1237 4088 1287 4120; x_wconf 90' lang='lat' dir='ltr'>om·</span> 
     </span>
     <span class='ocr_line' id='line_1_45' title="bbox 180 4137 1289 4203; baseline -0.001 -17"><span class='ocrx_word' id='word_1_384' title='bbox 180 4137 262 4196; x_wconf 75' lang='lat' dir='ltr'>habes,</span> <span class='ocrx_word' id='word_1_385' title='bbox 274 4147 344 4187; x_wconf 76' lang='lat' dir='ltr'>castus</span> <span class='ocrx_word' id='word_1_386' title='bbox 356 4142 416 4187; x_wconf 79' lang='lat' dir='ltr'>belli.</span> <span class='ocrx_word' id='word_1_387' title='bbox 750 4141 826 4200; x_wconf 91' lang='lat' dir='ltr'>nium,</span> <span class='ocrx_word' id='word_1_388' title='bbox 836 4140 885 4190; x_wconf 89' lang='lat' dir='ltr'>uisi</span> <span class='ocrx_word' id='word_1_389' title='bbox 894 4140 971 4198; x_wconf 82' lang='lat' dir='ltr'>fallor,</span> <span class='ocrx_word' id='word_1_390' title='bbox 983 4140 1108 4198; x_wconf 92' lang='lat' dir='ltr'>librorum,</span> <span class='ocrx_word' id='word_1_391' title='bbox 1118 4155 1190 4203; x_wconf 86' lang='lat' dir='ltr'>quam</span> <span class='ocrx_word' id='word_1_392' title='bbox 1201 4137 1289 4186; x_wconf 82' lang='lat' dir='ltr'>merito</span> 
     </span>
    </p>

    <p class='ocr_par' dir='ltr' id='par_1_17' title="bbox 181 4202 1290 4335">
     <span class='ocr_line' id='line_1_46' title="bbox 216 4202 1289 4269; baseline 0 -19"><span class='ocrx_word' id='word_1_393' title='bbox 216 4205 284 4252; x_wconf 77' lang='lat'>1435.</span> <span class='ocrx_word' id='word_1_394' title='bbox 298 4206 331 4253; x_wconf 80' lang='lat' dir='ltr'>At</span> <span class='ocrx_word' id='word_1_395' title='bbox 342 4208 423 4268; x_wconf 75' lang='lat' dir='ltr'>vigiles</span> <span class='ocrx_word' id='word_1_396' title='bbox 431 4208 517 4264; x_wconf 76' lang='lat' dir='ltr'>mundi,</span> <span class='ocrx_word' id='word_1_397' title='bbox 527 4205 583 4269; x_wconf 82' lang='grc'><strong>414]</strong></span> <span class='ocrx_word' id='word_1_398' title='bbox 595 4206 717 4262; x_wconf 86' lang='lat' dir='ltr'>Quoniam</span> <span class='ocrx_word' id='word_1_399' title='bbox 750 4205 815 4254; x_wconf 91' lang='lat' dir='ltr'>docti</span> <span class='ocrx_word' id='word_1_400' title='bbox 832 4222 859 4254; x_wconf 91' lang='lat' dir='ltr'>se</span> <span class='ocrx_word' id='word_1_401' title='bbox 878 4219 928 4254; x_wconf 89' lang='lat' dir='ltr'>non</span> <span class='ocrx_word' id='word_1_402' title='bbox 948 4205 1087 4268; x_wconf 84' lang='lat' dir='ltr'>intelligere</span> <span class='ocrx_word' id='word_1_403' title='bbox 1104 4205 1226 4259; x_wconf 88' lang='lat' dir='ltr'>fatentur;</span> <span class='ocrx_word' id='word_1_404' title='bbox 1254 4202 1289 4251; x_wconf 90' lang='grc'>414</span> 
     </span>
     <span class='ocr_line' id='line_1_47' title="bbox 181 4267 1290 4335; baseline 0 -21"><span class='ocrx_word' id='word_1_405' title='bbox 181 4267 275 4317; x_wconf 90' lang='lat' dir='ltr'>diutina</span> <span class='ocrx_word' id='word_1_406' title='bbox 284 4270 437 4334; x_wconf 82' lang='lat' dir='ltr'>experientia</span> <span class='ocrx_word' id='word_1_407' title='bbox 445 4280 525 4320; x_wconf 87' lang='lat' dir='ltr'>certos</span> <span class='ocrx_word' id='word_1_408' title='bbox 533 4271 630 4320; x_wconf 86' lang='lat' dir='ltr'>fecisset</span> <span class='ocrx_word' id='word_1_409' title='bbox 637 4272 715 4319; x_wconf 84' lang='lat' dir='ltr'>homi·</span> <span class='ocrx_word' id='word_1_410' title='bbox 750 4271 823 4329; x_wconf 89' lang='lat' dir='ltr'>enim,</span> <span class='ocrx_word' id='word_1_411' title='bbox 840 4279 907 4335; x_wconf 89' lang='lat' dir='ltr'>puto,</span> <span class='ocrx_word' id='word_1_412' title='bbox 922 4270 1053 4334; x_wconf 84' lang='lat' dir='ltr'>scripserat</span> <span class='ocrx_word' id='word_1_413' title='bbox 1067 4269 1212 4325; x_wconf 86' lang='lat' dir='ltr'>Lucretius;</span> <span class='ocrx_word' id='word_1_414' title='bbox 1233 4270 1290 4316; x_wconf 78' lang='lat' dir='ltr'>Tam</span> 
     </span>
    </p>
   </div>
   <div class='ocr_carea' id='block_1_4' title="bbox 0 0 1493 4860">
    <p class='ocr_par' dir='ltr' id='par_1_18' title="bbox 0 0 1493 4860">
     <span class='ocr_line' id='line_1_48' title="bbox 0 0 1493 4860; baseline 0 0"><span class='ocrx_word' id='word_1_415' title='bbox 0 0 1493 4860; x_wconf 95' lang='lat' dir='ltr'> </span> 
     </span>
    </p>
   </div>
  </div>
 </body>
</html>
