2872 4852
208 226 275 290 214
576 221 634 298 T.
667 220 939 285 LUCRETII

295 377 461 461 Principio
474 375 538 442 hoc
554 377 639 454 dico,
656 398 764 441 rerum
780 375 958 440 Simulacra
973 378 1083 460 vagari

295 480 405 546 Multa
419 480 523 544 modis
537 479 646 543 multis
661 480 695 542 in
710 489 844 544 cunctas
860 479 1004 562 undique
1020 479 1142 562 parteis

232 593 280 644 730
295 582 436 659 Tenuis,
452 603 526 664 quae
541 579 634 645 facile
648 581 733 644 inter
749 603 784 644 se
795 581 979 665 junguntur
993 581 1026 643 in
1042 581 1141 656 auris,

296 683 406 748 Obvia
421 704 495 748 cum
508 683 652 760 veniunt,
668 693 706 746 ut
720 704 849 759 aranea,
865 682 1062 765 bracteaque
1078 681 1159 744 auri.

298 784 432 867 Quippe
449 783 568 848 etenim
583 782 683 847 multo
698 783 800 867 magis
815 781 887 847 haec
904 792 980 845 sunt
995 782 1106 846 tenuia
1121 792 1225 860 textu,

298 885 407 959 Quam
422 908 496 968 quae
510 884 694 970 percipiunt
709 882 846 960 Oculos,
860 884 1030 967 visumque
1044 881 1228 947 lacessuntz

298 985 453 1071 Corporis
468 986 540 1051 ha‘ec
555 986 708 1070 quoniam
721 994 895 1069 penetrant
909 1007 969 1069 per
983 1007 1068 1062 rara,
1084 986 1235 1069 cientque

233 1099 281 1150 735
295 1087 445 1153 Tenuem
459 1087 570 1153 Animi
584 1098 732 1152 naturam
746 1089 845 1164 intus,
862 1109 1057 1172 sensumque
1071 1086 1247 1151 lacessunt.

342 1190 525 1255 Centauros
540 1191 651 1274 itaque
665 1199 699 1253 et
714 1187 895 1272 Scyllarum
909 1189 1054 1253 membra
1067 1188 1225 1264 videmus,

298 1289 545 1375 Cerbereasque
560 1313 677 1356 eanum
691 1290 803 1368 facies,
819 1289 1053 1374 simulacraque
1068 1311 1191 1366 eorum,

299 1392 449 1465 Quorum
463 1403 566 1457 morte
581 1393 670 1457 obita
683 1391 779 1458 tellus
795 1390 1001 1476 amplectitur
1016 1413 1104 1455 ossa:

300 1492 407 1557 Omne
424 1516 527 1576 genus
543 1494 695 1577 quoniam
709 1495 831 1578 passim
846 1493 1015 1557 simulacra
1030 1491 1190 1568 feruutur,

235 1602 283 1655 ⁷40
298 1594 423 1660 Partim
439 1606 555 1679 sponte
571 1619 630 1660 sua
644 1618 718 1680 quae
732 1596 816 1660 fiunt
832 1595 922 1659 Aere
937 1595 971 1658 in
985 1596 1073 1678 ips03

299 1695 424 1759 Partim
438 1719 513 1779 quae
528 1698 624 1760 variis
640 1698 682 1761 ab
697 1699 796 1762 rebus
813 1718 951 1780 cumque
965 1695 1143 1772 recedunt3

300 1796 348 1860 Et
362 1819 436 1880 quae
452 1797 633 1862 consistunt
647 1821 690 1862 ex
704 1797 821 1863 horum
836 1797 922 1862 facta
936 1797 1062 1882 figuris,

298 1896 388 1961 Nam
402 1910 491 1963 certe
507 1921 549 1962 ex
562 1900 635 1963 vivo
650 1898 806 1964 Centauri
820 1921 886 1964 non
899 1899 938 1962 fit
952 1900 1076 1982 imag03

299 1998 402 2064 Nulla
416 1999 478 2064 fuit
493 2002 644 2086 quoniam
659 1999 732 2065 talis
748 2010 865 2065 natura
879 1999 1042 2065 animalis:

237 2112 284 2163 ⁷45
300 2101 426 2167 Verum
440 2103 498 2166 ubi
512 2103 598 2188 equi,
615 2114 713 2187 atque
728 2102 866 2168 hominis
882 2125 961 2167 casu
976 2102 1127 2168 convenit
1140 2103 1257 2186 imago,

300 2203 465 2269 Haerescit
480 2203 574 2269 facile
589 2204 765 2290 extemplo,
781 2205 870 2290 quod
887 2206 1027 2269 diximus
1043 2215 1130 2282 ante,

255 2316 257 2319 ’
303 2305 445 2391 Propter
461 2306 611 2371 subtilem
625 2319 785 2386 naturam,
800 2318 834 2372 et
848 2309 959 2374 tenuia
974 2316 1075 2372 texta.

347 2408 476 2473 Caetera
490 2408 532 2473 de
547 2431 667 2493 genere
682 2409 746 2475 hoc
761 2411 876 2474 eadem
889 2411 1014 2474 ratione
1030 2418 1196 2485 meantum

304 2509 390 2583 Quae
405 2533 478 2576 eum
493 2510 654 2576 mobiliter
670 2533 793 2576 summa
806 2510 937 2576 levitate
953 2510 1114 2588 feruntur,

239 2623 287 2675 750
303 2612 352 2677 Ut
366 2614 457 2697 prius
473 2613 613 2689 ostendi,
629 2611 723 2677 facile
738 2634 804 2677 uno
819 2623 997 2679 commovet
1011 2613 1079 2677 ictu

223 2700 226 2706 ’
305 2712 472 2786 Quaelibet
486 2736 552 2778 una
567 2714 707 2778 animum
721 2715 815 2779 nobis
832 2714 959 2780 subtilis
974 2715 1101 2798 imago:

302 2815 428 2880 Tenuis
443 2816 528 2879 enim
542 2838 632 2880 mens
648 2825 710 2893 est,
726 2826 760 2881 et
773 2817 852 2881 mire
867 2816 994 2882 mobilis
1010 2817 1093 2900 ipsa.

348 2915 432 2980 Haec
447 2915 519 2980 fieri
535 2916 584 2998 (ut
598 2918 753 3001 memoro)
768 2917 861 2982 facile
876 2918 952 2983 hinc
965 2939 1163 3003 cognoscere
1179 2917 1299 3000 possis,

306 3015 469 3097 Quatinus
484 3016 548 3081 hoc
564 3017 664 3082 simile
680 3028 732 3083 est
747 3018 859 3097 oculis,
875 3020 965 3106 quod
979 3030 1086 3084 mente
1101 3019 1259 3096 videmus,

241 3130 288 3182 ⁷⁵5
303 3119 416 3204 Atque
431 3118 532 3184 oculis
547 3117 640 3184 simili
654 3120 726 3184 fieri
741 3121 866 3186 ratione
881 3144 1016 3187 necesse
1031 3121 1088 3184 'stt

224 3224 226 3229 ’
305 3221 406 3287 Nunc
421 3222 520 3307 igitur
535 3223 688 3306 quoniam
702 3223 800 3288 docui
813 3246 864 3288 me
879 3224 963 3289 forte
980 3224 1110 3288 Leones

306 3324 452 3390 Cernere·
465 3347 525 3410 per
540 3323 720 3403 simulacra,
737 3326 847 3390 oculos
863 3347 1066 3418 quaecunque
1080 3323 1263 3401 lacessunt3

252 3501 307 3552 733.
324 3503 474 3567 Percipient]
493 3504 633 3564 Penetrant,
646 3516 674 3555 ut
684 3506 755 3570 aegri·
822 3504 877 3557 742.
892 3504 1037 3567 Gourirtunt]
1055 3503 1161 3559 Quidum
1177 3500 1246 3550 codd.
1260 3504 1329 3563 corfi-

219 3566 279 3614 tudo
289 3583 329 3616 me
339 3573 455 3630 percipit:
471 3568 512 3618 lib
525 3571 556 3618 V.
570 3572 625 3628 603,
638 3572 693 3618 604.
712 3574 758 3619 Est
789 3578 838 3628 urst,
858 3569 1008 3618 Lambinus:
1036 3567 1128 3616 Partim
1148 3584 1198 3631 qua
1216 3575 1331 3615 constant

219 3634 492 3693 ctiamquoqumtr'nou
572 3638 758 3698 cSolr'rabr'gur'
789 3633 989 3696 echarumsacta
1032 3635 1087 3680 urr‘r.

219 3696 284 3742 Adra
301 3695 421 3758 percipiat
436 3700 518 3746 calidis
546 3703 662 3747 erroribus
680 3701 756 3747 ardor.
823 3698 878 3750 745.
902 3700 1011 3746 Conuenit
1042 3695 1101 3753 Alii,
1117 3699 1240 3753 concurrit,
1257 3703 1283 3742 et
1302 3695 1330 3744 iu

219 3757 430 3819 Affirperffllfum·
790 3778 816 3812 re
833 3763 993 3818 uentiversu,
1005 3764 1121 3818 accrescat
1134 3776 1179 3824 pro
1189 3763 1303 3808 harescit.

252 3821 307 3873 735.
320 3825 457 3884 densumque
470 3825 596 3888 mereunt]
614 3829 758 3888 Martemque
817 3779 878 3878 ita
890 3828 1010 3886 Hoecficrr'
1023 3826 1060 3886 (ut
1069 3824 1189 3888 memoro)]
1208 3823 1238 3872 Id
1250 3832 1330 3872 totum

114 3896 117 3899 ’
220 3888 351 3942 lucarum,-
377 3886 468 3935 Faber:
489 3898 561 3936 reste.
594 3890 635 3937 Sic
655 3907 678 3939 v.
701 3892 756 3941 752.
789 3891 820 3940 de
842 3906 890 3953 quo
909 3892 960 3952 Jam
980 3889 1097 3952 quaritur
1119 3905 1164 3953 per
1182 3888 1331 3938 simulachra

222 3953 307 4001 Tenuis
322 3954 382 3999 cutm
397 3965 467 3999 mens
479 3959 520 4010 ert,
537 3960 579 4000 etc.
614 3955 648 4002 Et
660 3970 683 4003 v.
701 3954 756 4006 762.
790 3955 852 4004 effici
864 3956 1021 4013 demonstrat,
1035 3971 1057 4003 v.
1069 3957 1091 4003 8.
1110 3954 1160 4002 Res
1172 3954 1238 4002 enirn
1251 3953 1294 4000 illa
1305 3969 1329 4001 v.

221 4015 296 4065 Mens
306 4018 378 4064 ouimr'
387 4017 477 4078 vigilat,
487 4025 529 4064 etc.
789 4036 824 4083 gr.
837 4020 883 4076 leo,
893 4034 965 4083 quem
975 4018 1116 4082 cogitamus,
1129 4033 1229 4082 prorsus
1241 4017 1331 4067 similis

253 4081 308 4132 7³⁸.
323 4081 653 4144 Quorummorteobr'tmtc.]
666 4082 720 4131 Lib.
734 4085 755 4132 1.
789 4096 827 4132 est
843 4083 909 4132 leoni
925 4083 967 4131 isti
983 4099 1055 4146 quem
1072 4083 1149 4131 oculis
1166 4099 1211 4131 usu
1242 4097 1329 4131 amus:

220 4160 243 4194 ν.
256 4147 310 4203 135,
329 4145 382 4192 136.
418 4144 515 4192 Cernere
526 4149 562 4194 uti
579 4149 697 4195 uideamur
712 4165 755 4206 eor,
789 4157 815 4196 at
831 4149 888 4196 dum
907 4146 973 4196 visus
993 4163 1038 4211 per
1054 4147 1200 4195 simulachra
1235 4157 1267 4203 at,
1284 4162 1331 4209 per

220 4213 346 4272 audireque
365 4224 448 4266 coram,
469 4209 552 4257 Morta
575 4209 641 4259 obita
663 4229 757 4273 quorum
789 4213 936 4260 simulachra
953 4211 1046 4270 itidem,
1063 4228 1117 4274 quoe
1138 4227 1182 4276 par
1199 4210 1267 4259 visus
1283 4221 1329 4269 est,

221 4277 289 4325 tellus
299 4276 444 4337 amplectitur
454 4289 510 4321 ocra
788 4275 937 4338 imaginatio.
