2872 4852
200 201 262 266 162
578 200 621 266 Τ.
653 200 927 266 LUCRETII

285 357 359 421 Nec
374 368 482 421 tamen
496 368 548 422 est
562 368 600 422 ut
610 358 678 442 jam
693 356 847 441 perfectis
862 357 1066 422 insinuentur

285 458 505 542 Corporibus:
528 481 634 542 neque
650 459 735 522 enim
748 468 904 542 poterunt
919 459 1081 524 subtiliter
1096 482 1169 525 esse

221 571 268 622 740
284 560 468 638 Connexae3
493 582 599 644 neque
615 583 777 625 consensu
793 561 944 645 contagia
957 560 1049 626 fient.

329 662 481 747 Denique
497 686 555 727 cur
570 664 653 727 acris
669 662 820 729 violentia
835 664 927 727 triste
944 663 1091 728 Leonum

287 765 462 829 Seminium
477 766 641 849 sequitur3
665 764 752 829 dolu’
767 764 943 849 Volpibus,
959 776 992 829 et
1006 765 1086 850 fuga
1101 765 1215 831 Cervis

285 865 318 930 A
330 868 478 952 patribus
493 869 602 946 datur,
617 877 651 932 et
664 868 790 952 patrius
805 876 907 951 pavor
921 868 1034 932 incitat
1049 872 1163 933 artus?

287 969 335 1033 Et
344 971 413 1054 jam
428 979 547 1037 caetera
561 971 604 1035 de
618 992 739 1054 genere
754 970 829 1049 hoc,
847 992 906 1036 cur
920 971 1027 1034 omnia
1040 972 1193 1036 membris

222 1077 270 1130 745
289 1071 345 1134 Ex
360 1072 492 1136 ineunte
507 1095 577 1137 aevo
591 1073 853 1158 ingenerascunt,
869 1073 967 1157 inque
982 1084 1157 1158 genuntur‚

288 1173 324 1237 Si
338 1196 404 1238 non
418 1184 509 1240 certa
524 1199 583 1240 suo
599 1176 676 1260 quia
692 1176 812 1241 semine
829 1176 1026 1260 seminioque

211 1332 214 1337 .
287 1274 349 1340 Vis
365 1276 475 1342 Animi
490 1279 613 1363 pariter
627 1279 745 1343 crescit
760 1300 834 1343 cum
848 1299 986 1362 corpore
1001 1281 1097 1344 toto?

287 1378 388 1452 Quod
405 1381 431 1444 si
446 1379 633 1445 immortalis
648 1379 744 1458 foret,
761 1389 794 1445 et
808 1390 934 1444 mutare
951 1380 1072 1445 soleret

285 1481 444 1567 Corpora,
459 1482 622 1568 permistis
638 1484 815 1547 animantes
831 1483 975 1547 moribus
991 1493 1120 1548 essent:

155 1602 160 1607 ’
222 1593 270 1644 ⁷⁵⁰
288 1583 467 1670 Effugeret
477 1585 575 1650 Canis
592 1585 748 1670 Hyrcano
764 1585 806 1650 de
822 1587 943 1649 semine
959 1607 1047 1669 saepe

286 1685 458 1772 cornigeri
471 1688 637 1753 incursum
652 1687 760 1765 Cervi,
776 1698 994 1771 tremeretque
1008 1709 1069 1772 per
1084 1709 1179 1752 auras

286 1784 385 1852 Aeris
402 1786 571 1875 Accipiter
584 1789 713 1875 fugiens
729 1790 879 1854 veniente
895 1788 1074 1855 Columba:

286 1889 487 1976 Desipereut
502 1892 673 1970 Homines,
690 1902 843 1977 saperent
857 1891 927 1957 fera
943 1890 1039 1957 s'aecla
1053 1890 1221 1958 Ferarum.

234 2065 236 2068 Α
330 1992 415 2061 Illud
430 1996 516 2060 enim
529 1994 612 2060 falsa
625 1995 731 2061 fertur
744 1995 881 2070 ratione,
897 1995 987 2079 quod
1002 1995 1103 2072 aiunt,

221 2108 270 2161 755
288 2094 504 2163 Immortalem
519 2095 672 2161 Animam
685 2106 810 2162 mutato
826 2096 973 2182 Corpore
988 2096 1087 2162 flecti.

287 2201 389 2276 Quod
404 2211 548 2266 mutatur
562 2201 659 2277 enim,
675 2198 881 2265 dissolvitur:
904 2199 1016 2264 interit
1030 2221 1120 2284 ergo.

286 2303 512 2388 Trajiciuntur
526 2301 611 2366 enim
625 2311 749 2386 partes,
765 2310 864 2386 atque
879 2301 992 2366 ordine
1007 2301 1167 2385 migrantr

286 2407 399 2482 Quare
415 2404 548 2470 dissolvi
562 2412 697 2489 quoque
708 2405 831 2469 debent
845 2425 943 2490 posse
958 2425 1019 2488 per
1034 2412 1136 2480 artus,

286 2509 440 2592 Denique
455 2517 493 2572 ut
507 2507 669 2571 intereant
683 2529 749 2570 una
763 2528 837 2573 cum
852 2505 1000 2591 Corpore
1015 2516 1153 2571 cunctae.

221 2623 269 2674 760
289 2611 346 2675 Sin
363 2609 498 2673 Animas
512 2608 678 2673 honrinum
693 2608 803 2672 dicent
816 2608 849 2671 in
865 2607 1014 2692 Corpora
1029 2630 1157 2693 semper

288 2713 341 2777 Ire
355 2711 509 2788 humana,
525 2721 633 2776 tamen
648 2731 792 2795 quaeram
806 2731 864 2774 cur
878 2731 898 2775 e
914 2711 1053 2795 sapienti

288 2813 396 2878 Stulta
410 2823 509 2897 queat
523 2812 607 2891 fieri,
622 2834 683 2878 nec
698 2812 844 2896 prudens
861 2812 903 2877 sit
917 2835 1003 2897 puer
1015 2811 1122 2892 ullus3

235 2989 290 3041 741.
308 2991 412 3052 Denique
423 3006 465 3038 car
476 2993 537 3038 aeris
548 2991 663 3047 violentis,
680 2988 737 3053 eta]
771 2987 898 3037 Humanas
909 2988 1050 3054 immigrare
1064 2988 1144 3039 solum
1159 2988 1186 3037 iu
1202 2988 1310 3038 humana

201 3054 397 3118 Vigesimumv.
410 3056 449 3102 29.
478 3052 678 3102 SiAnimaeistae
691 3053 737 3100 im·
771 3053 888 3117 Corpora,
900 3069 944 3102 cur
955 3053 997 3103 illa
1008 3052 1106 3112 Anima,
1124 3069 1178 3129 quoe
1193 3053 1308 3102 modain

200 3119 316 3168 mortales
328 3119 400 3168 toties
416 3120 534 3168 hactenus
550 3121 740 3167 commutassent
771 3117 870 3166 homine
882 3118 965 3167 adulto
976 3119 1075 3183 sapiens
1087 3119 1155 3176 vixit,
1166 3118 1193 3167 iu
1205 3133 1308 3182 puerum

200 3183 342 3234 animalium
370 3185 479 3249 Corpora
507 3183 682 3247 (Pythagoram
714 3192 739 3231 et
771 3182 970 3247 infusadesipitl
1000 3185 1041 3232 An
1058 3184 1084 3231 in
1099 3194 1183 3232 tenero
1200 3184 1308 3247 Corpore

200 3250 330 3299 Platonem
345 3251 436 3314 urget),
453 3250 554 3298 deberet
573 3247 665 3297 semim
685 3263 738 3296 esse
770 3247 903 3296 tenerescit
920 3248 1043 3297 Animust
1068 3258 1120 3297 tum
1138 3257 1260 3304 mutatura
1284 3257 1310 3296 et

199 3314 329 3365 immutata
350 3315 492 3364 animalium
513 3313 625 3363 indoles:
655 3312 738 3376 sicque
770 3328 843 3361 nemo
854 3329 928 3362 sanus
939 3323 1032 3362 asseret
1042 3329 1095 3361 rem
1110 3322 1238 3378 tantopere
1254 3328 1308 3362 mu-

196 3381 249 3442 jam
260 3381 299 3429 leo
311 3389 376 3429 esset
386 3396 436 3429 nou
447 3381 523 3438 ferox,
536 3394 622 3429 cervus
638 3395 688 3428 non
706 3378 737 3428 ti-
771 3386 847 3427 tatam
857 3378 1020 3427 immortalem
1032 3394 1092 3427 esse.

199 3444 288 3503 midus‚
307 3446 394 3509 vulpes
414 3461 463 3494 non
486 3444 577 3503 dolosa,
597 3445 649 3507 jam
671 3443 740 3494 canis
804 3442 860 3502 741,
870 3443 925 3495 742.
940 3441 1185 3505 Triste-Seminium]
1196 3441 1308 3501 Crudele,

199 3523 299 3558 cerrum
326 3510 430 3573 fugeret,
450 3509 567 3573 accipiter
593 3510 738 3568 columbam,
772 3508 886 3565 noxium
899 3508 1026 3572 Virgilius,
1037 3508 1089 3557 Ecl
1104 3508 1155 3557 111.
1179 3506 1261 3556 Trite
1271 3510 1308 3556 la-

200 3573 272 3622 bruta
283 3583 404 3637 saperent,
418 3584 444 3623 et
457 3575 569 3623 homines
582 3573 737 3639 desiperent;
768 3590 814 3635 pas
824 3577 930 3631 stabulis,
941 3571 1155 3637 matarisfrags'bas
1165 3575 1257 3621 imbres.

200 3637 740 3766 ttlpt0tlb⁸t⁰ltbtti⁰⁴ttbttt⁸
770 3637 836 3750 ..11
838 3637 1089 3765 mimi
1104 3635 1310 3766 “tam

200 3774 275 3813 retur.
305 3735 386 3827 Siquis
398 3781 456 3814 vero
465 3766 530 3814 dicat
542 3738 688 3815 A’uimarum
698 3767 736 3814 iu·
770 3766 845 3815 habet
852 3765 945 3829 aliquid
955 3766 1037 3825 latius,
1048 3776 1073 3815 et
1084 3767 1148 3830 quod
1159 3767 1191 3816 ad
1202 3766 1310 3832 speciem

201 3829 281 3878 dolem
292 3845 342 3877 una
352 3845 409 3878 cum
417 3830 567 3893 Corporibus
578 3830 675 3887 mutari,
684 3844 737 3878 eas-
771 3830 848 3893 magia
857 3830 978 3893 pertinen
995 3840 1022 3879 at
1032 3835 1171 3895 &genantur
1181 3833 1213 3880 ad
1223 3832 1309 3895 singu·

186 3908 249 3956 ¹que
265 3895 432 3956 cujuscunque
448 3893 545 3957 generis
562 3894 619 3952 sint,
636 3894 738 3942 induere
770 3894 838 3952 laria,
850 3910 894 3943 seu
904 3893 1038 3954 individua,
1051 3906 1079 3944 ut
1089 3906 1191 3953 roceum
1208 3899 1292 3946 Faber.

201 3973 341 4016 sermore,
353 3957 395 4020 qui
411 3958 466 4006 istis
483 3957 633 4022 Corporibus
648 3973 737 4006 conve·
804 3957 859 4010 747.
878 3961 977 4021 Corpore
995 3960 1055 4023 toto]
1079 3961 1180 4010 Rectius
1202 3961 1245 4010 ille
1267 3960 1310 4025 qui

201 4023 280 4081 uiant‘,
294 4022 356 4070 nihil
370 4021 475 4086 amplius
489 4022 651 4084 requirimus:
669 4023 737 4084 quic·
770 4022 837 4087 legit.
850 4025 949 4086 Corpore
960 4041 1053 4087 qaoque,
1065 4034 1094 4074 ut
1104 4041 1127 4074 v.
1140 4026 1195 4077 770.

201 4087 260 4152 quid
272 4086 337 4137 enim
349 4087 438 4136 mutari
454 4095 543 4151 potest,
559 4086 621 4134 illud
637 4087 739 4135 mortale
804 4087 860 4138 tta
880 4091 956 4142 Quare
967 4092 1060 4138 dorbi
1076 4107 1169 4153 qaoque,
1185 4089 1242 4154 eta]
1258 4091 1310 4139 De·

201 4161 247 4212 est,
258 4167 314 4202 oum
324 4151 351 4200 iu
363 4151 430 4200 omui
441 4151 577 4200 mutatione
587 4150 621 4198 sit
631 4150 738 4214 partium
770 4152 826 4202 letis
835 4153 930 4202 duobus
937 4152 1005 4202 hisce
1013 4153 1131 4214 versibus,
1142 4155 1240 4219 integra
1247 4155 1310 4203 foret

202 4217 321 4280 trajectio,
347 4225 421 4280 atque
443 4216 500 4265 ideo
524 4214 659 4264 dissolutio.
694 4214 738 4264 Sin
770 4217 899 4277 sententia,
912 4227 938 4267 et
947 4228 1119 4282 argumentum
1130 4220 1190 4270 satis
1200 4219 1309 4286 explica·

203 4297 261 4332 vero
279 4282 383 4331 affinnet
400 4281 510 4342 Animas,
531 4279 637 4344 exempli
657 4295 737 4338 cama,
771 4290 830 4330 tum.
