2924 4860
391 769 522 857 TITI
557 769 864 855 LUCRETII
900 771 1054 856 CARI

696 996 753 1050 DE

242 1182 643 1288 RERUM
719 1180 1202 1289 NATURA

463 1464 673 1538 LIBER
711 1464 980 1538 SEXTUS.

568 1923 873 1973 ARGUMENTUM.

165 2035 242 2086 Primi
262 2038 301 2083 41.
325 2051 409 2085 versus
431 2037 560 2086 continent
582 2037 685 2101 Epicuri
706 2037 868 2086 Atheniensis
889 2037 988 2086 laudes:
1011 2037 1123 2100 sequitur
1144 2038 1175 2086 ad
1196 2055 1219 2087 v.
1237 2041 1276 2089 95.

197 2133 270 2180 quam
282 2118 312 2165 ab
321 2116 444 2180 Epicureo
454 2118 604 2181 Philosopho
616 2127 738 2181 expectes,
751 2117 889 2181 argumenti
899 2119 974 2180 hujus
986 2117 1042 2166 libn'
1054 2119 1198 2182 explicatio:
1211 2128 1236 2168 et
1247 2120 1277 2168 de

197 2198 317 2246 Meteoris
328 2198 424 2246 dicturo
440 2198 547 2261 primum
559 2206 691 2246 occurrunt
707 2198 819 2256 Touitru,
838 2198 939 2262 Fulgur,
953 2198 1065 2255 Fulmen,
1078 2199 1108 2246 de
1120 2199 1208 2261 quibus
1219 2199 1275 2247 dili·

197 2287 284 2342 genter
295 2278 416 2342 disputat;
435 2288 461 2326 et
471 2279 570 2327 demum
581 2278 641 2326 istos
652 2277 748 2327 deridet
757 2279 800 2341 qui
811 2279 929 2342 neglectis
941 2278 1021 2326 causis
1032 2279 1184 2328 naturalibus
1195 2280 1278 2343 ipsum

197 2361 285 2409 Jovem
297 2359 399 2407 fulmina
412 2359 516 2422 jaculari
528 2359 677 2419 existimant,
690 2361 721 2408 ad
733 2376 755 2409 v.
768 2362 823 2408 421.
859 2360 909 2409 His
925 2359 1081 2422 subjungitur
1094 2359 1161 2422 (nam
1179 2359 1279 2408 Prester

198 2441 308 2490 Fulmini
327 2441 418 2503 affinis)
439 2457 461 2489 v.
480 2443 518 2490 28.
548 2440 669 2490 Presteris
687 2442 768 2491 brevis
786 2441 923 2507 explicatio.
966 2441 1071 2501 Deinde,
1095 2457 1149 2490 av.
1169 2443 1224 2489 450.
1247 2440 1278 2489 ad

197 2541 220 2573 v.
234 2525 288 2572 588.
306 2523 383 2572 multa
394 2522 425 2571 de
442 2523 555 2572 Nubibus
568 2532 593 2571 et
610 2523 711 2580 Pluvia;
728 2539 807 2588 pauca
818 2525 849 2572 de
868 2523 942 2582 Iride,
956 2523 987 2571 de
1005 2522 1077 2581 Nive,
1094 2523 1183 2581 Vento,
1196 2523 1277 2570 Gran-

197 2606 263 2665 dine,
275 2605 375 2664 Pruina,
387 2614 412 2653 et
423 2605 494 2653 Gelu.
529 2604 556 2653 Si
568 2605 733 2654 Terrarmotus
744 2621 829 2654 causas
841 2605 902 2654 velis
914 2619 1069 2668 cognoscere,
1081 2619 1129 2652 av.
1142 2605 1198 2651 584.
1210 2601 1242 2650 ad
1253 2618 1276 2650 v.

198 2689 253 2738 606.
271 2689 346 2737 habes
365 2687 419 2735 fuse
442 2686 583 2751 explicatas.
618 2687 641 2734 A
658 2703 681 2735 v.
701 2687 756 2735 606.
772 2688 803 2735 ad
823 2703 844 2736 v.
864 2687 919 2735 688.
939 2687 970 2735 de
988 2685 1054 2734 Mari
1075 2685 1151 2734 Poeta
1170 2681 1276 2733 disserit.

198 2770 238 2818 Ad
250 2787 272 2818 v.
291 2768 345 2820 710.
358 2769 389 2817 de
406 2769 489 2817 AEtns
523 2768 660 2832 sequentes
677 2771 715 2818 80.
728 2786 751 2819 v.
770 2769 829 2818 Nilo
840 2769 1001 2818 destinantur.
1037 2766 1134 2816 Deinde
1148 2780 1163 2814 a
1179 2781 1202 2813 v.
1220 2764 1275 2816 740.

197 2852 229 2900 ad
241 2867 262 2900 v.
281 2852 335 2899 840.
351 2850 382 2898 de
400 2849 513 2908 Averna,
530 2849 633 2913 aliisque
650 2851 734 2898 Terrae
752 2850 876 2909 tractibus,
894 2849 1052 2908 Hominibus,
1070 2847 1163 2904 cervis,
1181 2845 1275 2903 Corvis,

198 2931 283 2996 Equis,
293 2941 338 2980 etc.
352 2929 432 2979 noxiis
442 2930 589 2994 disputatur.
607 2932 647 2980 Ad
660 2948 681 2981 v.
695 2933 750 2981 905.
763 2933 794 2980 de
807 2932 900 2991 Puteis,
911 2931 1034 2994 variisque
1046 2928 1195 2979 admirandis
1210 2929 1274 2976 Pon·

198 3015 270 3064 tibus.
305 3013 339 3061 Et
350 3013 381 3060 ad
393 3028 414 3061 v.
430 3011 499 3063 1087.
517 3013 622 3076 Magnes
633 3012 765 3076 diligenter
777 3013 920 3078 explicatur.
956 3013 1083 3061 Postremo
1095 3011 1126 3058 de
1144 3008 1239 3058 Morbis
1251 3017 1276 3056 et

198 3096 271 3145 Peste
288 3094 406 3157 quiedam,
423 3093 511 3155 quibus
527 3093 653 3156 subiungit
670 3095 807 3157 elegantem
823 3092 1014 3157 descriptionem
1035 3089 1116 3140 Pestis
1132 3090 1205 3150 illius,
1222 3104 1276 3154 quoe

199 3185 308 3240 tempore
319 3173 377 3223 belli
389 3172 590 3237 Peloponnesiaci
605 3173 715 3222 Athenas
726 3173 839 3231 vastavit,
849 3190 863 3222 e
875 3173 1019 3238 Thucydide
1031 3173 1175 3221 desumtam.

253 3359 389 3439 Pruna
405 3372 579 3458 frugiferos
595 3373 696 3439 foetus
711 3374 901 3443 mortalibus
917 3377 1014 3461 aegris

253 3474 456 3542 Dididerunt
471 3475 634 3561 quondam
650 3474 807 3562 praeclaro
822 3477 950 3542 nomine
965 3474 1126 3544 Athenae:

254 3580 301 3644 Et
316 3589 544 3644 recreaverunt
559 3581 667 3657 vitam,
684 3580 860 3665 Legesque
876 3578 1048 3665 rogdrunt:

253 3681 300 3747 Et
314 3682 427 3767 primae
442 3680 605 3746 dederunt
621 3679 735 3747 solatia
750 3679 859 3748 dulcia
873 3683 959 3760 vitae,

192 3911 221 3957 ·l.
235 3907 382 3973 Frugiferae]
394 3907 452 3966 Alii,
457 3906 608 3971 frugiparos:
626 3909 703 3956 Athe·
737 3908 810 3957 cultis
821 3907 922 3967 artibus,
933 3908 1093 3966 humanitate,
1106 3907 1223 3965 doctrina,
1241 3907 1277 3955 le·

166 3989 205 4022 me
225 3974 308 4033 tritici,
333 3973 388 4030 olei,
411 3983 455 4021 etc.
478 3972 643 4029 inventricem
669 3973 705 4021 nil
738 3974 816 4036 gibus,
829 3982 902 4036 atque
914 3974 969 4023 aliis
979 3976 1054 4022 rebus
1065 3986 1138 4037 poene
1155 3971 1275 4019 infinitis:

166 4038 252 4086 tritum
264 4038 349 4102 magis.
738 4047 764 4086 ut
786 4038 863 4087 multo
882 4037 956 4088 etiam
979 4038 1067 4087 melius
1087 4037 1118 4085 de
1137 4035 1277 4084 hominibus

199 4104 222 4149 4.
240 4105 273 4151 lit
282 4102 377 4167 prima]
389 4106 423 4152 Aa
432 4107 522 4165 prima,
538 4102 624 4151 Faber.
650 4103 706 4151 Hoo
739 4102 839 4151 meritas
856 4118 916 4162 esse,
935 4119 991 4152 cum
1013 4102 1149 4166 Epicurum
1167 4098 1275 4162 protule-

167 4180 247 4225 sensu,
260 4167 371 4217 Athenas
382 4168 482 4232 quidem
493 4167 570 4216 multa
581 4169 645 4216 bona
661 4167 705 4215 ho·
738 4168 796 4216 rint
833 4169 884 4217 Ista
905 4167 1074 4218 observatione
1092 4163 1217 4228 potuimus
1237 4176 1276 4210 ca·

167 4229 274 4279 minibus
291 4231 385 4292 iecisse,
402 4232 510 4283 inventis
526 4232 645 4296 frugibus,
663 4248 705 4282 ex·
739 4247 801 4280 rere.
