2872 4852
418 226 591 291 LIBER
618 227 896 301 QUARTUS.
1149 231 1212 295 189

127 394 172 439 145
192 382 422 465 Perpetuoque
438 383 542 447 fluant
557 386 599 448 ab
615 386 724 462 rebus,
740 383 896 469 lapsaque
912 385 1040 450 cedant}

190 484 328 567 Semper
341 485 426 548 enim
442 507 601 549 summum
615 486 776 570 quidquid
790 486 833 550 de
848 488 946 550 rebus
964 487 1120 565 abundat,

189 584 291 657 Quod
302 585 507 668 jaculentur:
531 597 565 651 et
579 587 642 650 hoc
657 585 735 650 elias
752 596 824 650 cum
840 588 988 671 pervenit
1002 588 1035 651 in
1050 610 1115 665 res,

188 685 333 764 Transit,
349 699 386 752 ut
400 689 433 751 in
449 689 560 772 primis
577 689 732 767 Vestem;
757 690 815 753 sed
831 691 864 751 in
879 711 996 773 aspera
1011 689 1111 766 Saxa,

188 788 259 852 Aut
273 789 306 851 in
320 791 488 854 materiem
503 800 540 854 ut
556 791 656 875 Ligni
670 792 835 875 pervenit3
858 791 904 854 ibi
915 791 983 874 jam

126 901 171 946 150
190 891 367 969 Scinditur,
384 903 421 955 ut
434 880 787 957 nullum'Simulacrum
802 894 941 958 reddere
956 895 1072 978 possit.

188 993 236 1055 At
251 1015 335 1070 cum,
353 992 525 1078 splendida
540 1017 613 1079 quae
628 1004 791 1071 constant,
808 996 948 1078 oppdsta
964 995 1106 1072 fuerunt,

189 1095 379 1179 Densaque,
391 1106 428 1159 ut
438 1097 593 1180 inprimis
603 1096 779 1180 Speculum
789 1097 843 1174 'st3
864 1097 943 1160 nihil
955 1098 1073 1162 accidit
1084 1097 1212 1175 horum,

189 1195 277 1259 Nam
293 1218 398 1279 neque
414 1198 461 1259 uti
476 1207 600 1260 vestem
614 1199 718 1281 possit
733 1199 882 1274 transire,
898 1220 1005 1280 neque
1020 1208 1095 1264 aute

190 1297 313 1373 Scindi,
329 1319 426 1380 quam
441 1299 583 1362 meminit
597 1298 697 1362 laevor
711 1309 869 1384 praestare
885 1299 1039 1364 salutem:

129 1413 174 1458 155
194 1400 407 1483 Quapropter
421 1399 470 1476 fit,
486 1409 524 1462 ut
537 1399 613 1464 hinc
627 1402 722 1464 nobis
738 1401 917 1465 Simulacra
932 1413 1110 1488 genantur3

192 1500 239 1564 Et
254 1502 398 1585 quamvis
415 1501 534 1577 subito,
551 1502 665 1585 quovis
680 1503 713 1565 in
728 1512 886 1585 tempore,
902 1526 1063 1588 quamque

189 1589 276 1666 Rem
291 1611 403 1666 contra
420 1601 597 1686 Speculum
611 1625 725 1687 ponas,
742 1615 879 1688 apparet
894 1603 1024 1690 Imago:

190 1703 357 1789 Perpetuo
372 1703 474 1769 fluere
489 1714 527 1767 ut
541 1727 656 1769 noscas
673 1727 691 1769 e
707 1727 844 1788 corpore
860 1729 985 1771 summo

189 1804 354 1869 Texturas
371 1828 479 1870 rerum
495 1807 632 1882 tenuem,
649 1807 841 1890 tenueisque
856 1807 990 1892 figuras.

126 1919 172 1965 160
190 1907 282 1992 Ergo
298 1906 398 1972 multa
413 1909 505 1973 brevi
521 1909 625 1992 spatio
642 1906 820 1972 Simulacra
835 1922 1011 1992 genuntur‚

191 2010 238 2074 Ut
253 2011 367 2074 merito
383 2009 470 2074 celer
485 2010 535 2072 his
551 2012 650 2074 rebus
666 2010 794 2074 dicatur
809 2012 909 2095 origo.

238 2111 285 2174 Et
300 2113 394 2195 quasi
407 2112 509 2174 multa
524 2112 614 2175 brevi
631 2113 736 2195 spatio
753 2115 950 2177 summittere
967 2114 1066 2178 debet
1086 2140 1092 2153 ν·

190 2213 331 2276 Lumina
346 2212 414 2290 Sol,
431 2222 468 2276 ut
483 2224 644 2296 perpetuo
660 2215 723 2276 sint
739 2216 844 2277 omnia
860 2215 973 2298 plena3

189 2315 243 2378 Sic
259 2337 278 2376 a
292 2317 391 2378 rebus
407 2317 484 2378 item
500 2315 592 2377 simili
607 2315 731 2378 ratione
747 2337 881 2379 necesse
898 2317 937 2379 ’st

127 2427 172 2474 165
191 2415 365 2499 Temporis
381 2417 413 2477 in
429 2426 551 2498 puncto
566 2438 674 2479 rerum
692 2414 871 2480 Simulacra
885 2416 1032 2480 ferantur

188 2516 296 2581 Multa
310 2517 415 2581 modis
430 2516 540 2581 multis
554 2518 588 2580 in
603 2528 737 2581 cunctas
753 2518 897 2601 undique
912 2519 1053 2603 parteis:

188 2618 464 2701 Quandoquidem
480 2618 656 2702 Speculum
671 2619 894 2703 queiscunque
908 2621 1106 2684 obvertimus
1122 2622 1199 2698 oris,

188 2721 257 2784 Res
273 2721 319 2784 ibi
333 2721 533 2804 respondent
550 2719 643 2784 simili
657 2720 770 2797 forma,
787 2732 885 2804 atque
901 2721 1021 2785 colore.

231 2822 407 2900 Praeterea,
423 2822 520 2886 modo
536 2845 634 2907 quom
649 2822 747 2886 fuerit
762 2821 973 2907 liquidissima
989 2821 1063 2888 coeli
1137 2888 1140 2896 ,

102 2994 188 3056 quibus
197 2992 342 3042 scinduntur
350 2991 469 3055 imagines
481 3003 506 3040 et
517 2991 639 3055 dissipan·
708 2993 761 3040 159.
781 2993 905 3056 Tartarus]
917 2993 1049 3051 Meursius,
1060 2995 1163 3040 [laterae
1172 3009 1210 3040 re·

103 3069 155 3114 tur-3
173 3059 199 3105 in
214 3058 275 3106 laeve
287 3073 352 3114 vero,
370 3067 394 3105 et
413 3057 531 3119 aequabile
552 3070 641 3120 corpus
673 3073 730 3104 rum.

100 3121 641 3248 llllntt‘sltlttltitulabit&
674 3119 1211 3249 allialitttssudlnltln‘tllit

102 3251 234 3308 Laenium,
247 3248 366 3310 ἡγένεπις
376 3253 425 3298 τῶν
436 3249 538 3298 εἰδώλων
546 3249 595 3309 ἅμα
606 3249 641 3309 aqi
673 3266 695 3298 v.
718 3249 739 3300 7.
762 3250 913 3298 illustratet
935 3251 1076 3298 confirmat:
1106 3258 1134 3296 ut
1155 3249 1212 3296 luce

102 3316 201 3375 νοήματι
219 3313 352 3373 συμβαίνει,
368 3313 408 3361 καὶ
425 3313 473 3375 γὰρ
493 3315 572 3375 ῥεῦσις
594 3313 641 3360 ἀπὸ
673 3313 746 3376 plena
758 3315 808 3361 sint
819 3313 908 3371 omnia,
920 3315 983 3362 radii
994 3330 1009 3361 a
1024 3313 1075 3361 sole
1091 3320 1214 3376 perpetuo

101 3380 146 3427 ποῦ
156 3375 272 3437 σωμάτων
284 3379 400 3434 ἐπιπολῆς
416 3377 521 3437 συνεχὴς
538 3377 640 3437 πυμβπί-
673 3377 786 3425 mittendi
799 3388 869 3433 sunt;
889 3378 941 3440 pari
953 3378 1048 3426 ratione
1063 3376 1212 3424 simulachra

102 3461 144 3499 m,
157 3440 268 3502 σώζουσα
277 3441 324 3498 τὴν
336 3440 374 3488 ἐπὶ
388 3443 432 3487 τοῦ
448 3439 587 3502 στερεμνίου
603 3439 640 3488 ol·
674 3442 773 3488 erebus
785 3440 883 3489 avolent
894 3457 993 3490 necesse
1010 3451 1055 3498 est,
1067 3457 1213 3503 quocunque

103 3525 148 3563 σιν,
170 3505 209 3554 nal
226 3504 293 3566 τάξιν
311 3507 360 3552 τῶν
378 3503 485 3564 ‘svam
506 3504 544 3551 ἐπὶ
564 3503 642 3553 πολὺν
674 3504 741 3552 enim
750 3507 862 3553 obvertas
871 3506 996 3568 speculum
1006 3515 1108 3570 apparet
1117 3505 1153 3553 rei
1165 3521 1209 3569 op-

103 3570 198 3633 χρόνον,
207 3568 228 3617 εἰ
234 3569 273 3617 nal
281 3567 358 3617 ἐνίοτε
367 3565 522 3630 συγχεομένη
532 3567 640 3631 ὑπάρχει
673 3569 760 3632 posite
776 3569 864 3632 imago,
879 3585 931 3626 nec,
948 3571 1063 3632 quamdiu
1080 3585 1120 3618 res
1136 3569 1212 3619 situm

138 3638 189 3683 152.
216 3636 285 3682 Ns‘lu’l
301 3636 387 3681 accidit
408 3632 499 3695 boram]
520 3633 640 3691 Gifanius,
674 3649 745 3682 suum
757 3642 844 3691 servat,
856 3634 903 3682 ista
914 3635 1022 3698 disparet
1033 3635 1121 3698 imago.

102 3703 171 3748 Nihil
181 3702 272 3756 occidit,
284 3698 330 3747 viz.
346 3698 415 3745 Nihil
433 3697 640 3746 Simulachrorum
708 3697 761 3750 167.
779 3702 1077 3760 Quciecunqacobecrtimue
1083 3699 1211 3762 oris]Alii‚

104 3776 154 3814 tum
164 3764 242 3828 perit:
260 3764 311 3810 haec
322 3762 419 3825 quidem
428 3761 485 3810 ferri
497 3760 580 3826 polest
590 3763 639 3811 lec·
673 3764 825 3826 Quocunque
848 3766 990 3822 ademimus,
1012 3764 1071 3812 illuc
1094 3767 1141 3812 Res
1167 3768 1213 3813 tici

103 3830 144 3888 tio,
157 3830 201 3878 sed
213 3829 289 3876 altera
300 3827 455 3891 probabilior.
673 3830 824 3889 respondean
849 3827 898 3884 alii,
917 3831 1036 3890 Spccahm
1056 3829 1212 3891 quoicunque

136 3897 189 3943 158.
214 3896 328 3954 Perpetuo
342 3892 429 3954 flucre]
454 3892 492 3940 Ea
515 3891 580 3939 euim
603 3900 641 3939 est
674 3895 809 3940 obvatimas
837 3892 911 3940 AEris.
953 3893 1088 3942 Lambinus
1116 3893 1212 3949 maluit,

102 3960 204 4024 Epicuri
222 3957 358 4012 sententias
382 3956 522 4020 imaginem,
541 3972 595 4017 quse
614 3955 640 4003 in
674 3957 835 4018 Quoicunque
844 3961 980 4006 obvertimus
989 3974 1045 4006 orae.
1072 3958 1213 4006 Aliusvero

101 4025 201 4088 speculo
220 4022 328 4072 cernitur
347 4037 396 4070 non
417 4037 469 4070 esse
488 4021 547 4082 quid
565 4036 640 4068 unum
674 4021 757 4069 nescio
765 4021 820 4083 quis
827 4022 894 4085 legit,
903 4024 1056 4085 Quocunque
1067 4025 1212 4078 abominor,

103 4098 223 4144 constans,
236 4097 338 4144 certum,
354 4086 448 4143 stabile,
466 4095 491 4133 et
507 4085 581 4142 idem,
599 4085 642 4133 sed
675 4086 769 4134 omneis
780 4089 827 4134 Rea
838 4086 883 4135 tibi
893 4091 1035 4148 respondent.

104 4152 164 4199 alias
180 4158 251 4214 at'que
268 4151 328 4199 alias
349 4151 475 4214 imagines,
492 4149 594 4198 alteram
615 4149 642 4197 in
709 4151 762 4199 169.
781 4150 906 4210 Praetcrea,
914 4155 978 4200 modo
988 4148 1141 4213 qaomsucriq
1154 4147 1212 4210 eta]

105 4215 310 4272 alteriuslocum¹
332 4216 449 4280 deinceps
469 4224 494 4263 et
516 4214 570 4264 sine
593 4214 643 4265 ulla
676 4215 759 4273 Aliud,
782 4215 826 4264 sed
848 4215 875 4264 id
898 4216 980 4264 minus
1002 4213 1111 4263 validum
1138 4227 1210 4274 argu-

106 4279 285 4342 interruptione
297 4280 462 4329 succedentes.
676 4288 786 4329 mentum
797 4296 819 4329 v.
833 4282 855 4328 8.
868 4289 998 4343 sequentes
1013 4277 1155 4333 contiacum
1171 4291 1211 4325 se·
