2872 4852
212 239 255 303 50
593 228 637 295 Τ.
669 225 940 292 LUCRETH

299 391 447 475 Corpora
461 396 622 474 perpetuo
637 383 771 453 volitare
786 382 905 448 invicta
919 401 980 467 per
994 401 1117 456 aevum

299 493 399 558 Nunc
414 513 476 576 age
491 490 636 560 summai
649 507 838 572 ecquaenam
853 485 895 550 ait
908 483 983 549 finis
998 504 1122 561 eorum,

298 593 415 660 Neene
431 594 483 672 sit,
498 591 682 658 evolvamus
692 614 710 660 a.
723 590 812 666 item,
827 587 918 673 quod
933 586 1034 651 Inane
1048 591 1216 669 repertum
1227 581 1281 661 'st‚
1351 610 1354 614 ·

301 696 368 762 Seu
382 695 486 773 loeus,
501 717 540 760 ae
556 694 708 780 spatium,
723 715 776 757 res
791 692 825 755 in
839 713 905 774 quo
920 710 1059 773 quaeque
1072 696 1246 772 genantur,

236 810 283 859 955
303 798 535 864 Pervideamus
551 808 660 862 utrum
674 795 801 859 finitum
816 793 963 858 funditus
979 792 1088 855 Omns
1236 783 1238 787 ’

301 900 450 978 Constet,
467 922 508 967 an
523 899 719 965 Immensum
733 903 846 981 pateat
860 891 968 959 valed
982 914 1088 978 usque
1103 889 1313 977 profundum.

346 1001 455 1071 Ouum
469 1001 560 1086 quod
573 1009 635 1078 est,
650 999 761 1084 igitur,
777 994 866 1061 nulia
879 995 1013 1080 regiona
1026 996 1151 1059 viarum

304 1103 448 1169 Finitum
462 1103 520 1172 ’stt
543 1123 682 1185 namque
698 1099 894 1165 Extremum
907 1097 1051 1162 debebat
1063 1095 1206 1162 habere:

304 1206 499 1272 Extremum
513 1226 613 1293 porro
627 1201 746 1270 nullius
762 1223 860 1286 posse
875 1200 1005 1265 videtur

239 1320 287 1369 960
306 1309 405 1386 Esse,
420 1307 482 1372 nisi
496 1305 582 1372 ultra
597 1306 639 1371 sit
652 1306 743 1391 quod
757 1303 861 1381 finiat,
876 1314 914 1369 ut
928 1303 1089 1380 videatur,

306 1411 383 1484 Quo
398 1432 463 1475 non
477 1408 605 1494 longius
619 1408 692 1474 hmo
708 1429 824 1472 aeneus
838 1415 956 1470 natura
970 1414 1137 1489 sequatur.

305 1513 406 1577 Nunc
421 1522 515 1580 extra
530 1511 693 1578 Summam
708 1509 860 1594 quoniam
870 1507 952 1573 nihil
964 1530 1038 1573 esse
1052 1506 1220 1572 fatendum
1233 1505 1285 1582 ’st‚

304 1614 384 1680 Non
397 1614 500 1679 habet
516 1613 728 1679 Extremum:
751 1621 842 1677 earet
855 1632 936 1696 ergo
949 1609 1027 1688 fine,
1042 1611 1215 1695 modoque.

305 1716 380 1782 Nec
395 1715 495 1781 refert
507 1715 625 1799 quibus
641 1715 776 1779 assistas
790 1713 979 1798 regionibus
994 1712 1078 1797 ejus,

241 1829 289 1880 965
307 1818 424 1903 Usque
439 1817 523 1881 adeo
537 1837 635 1901 quem
649 1817 787 1901 quisque
800 1814 909 1880 locum
921 1811 1072 1899 possidit,
1087 1812 1122 1876 in
1133 1812 1257 1878 omneis

306 1920 517 1986 Tantundem
531 1919 654 2004 parteis
668 1917 830 1985 infinitum
845 1916 953 1987 Omne
967 1914 1131 2000 relinquit.

350 2022 528 2099 Praeterea,
545 2021 651 2106 etjam
665 2019 794 2087 finitum
807 2019 1025 2085 constituatur

307 2123 415 2189 Omne
430 2123 520 2208 quod
534 2133 586 2188 est
600 2123 751 2208 spatium,
767 2123 883 2208 siquis
898 2130 1070 2207 procurrat
1084 2121 1127 2187 ad
1142 2142 1216 2187 oras

308 2225 451 2298 Ultimus
464 2234 639 2303 extremas,
650 2225 815 2311 jaciatque
830 2222 960 2290 volatile
974 2223 1085 2302 telum,

221 2439 295 2480 natur
305 2430 386 2481 Omne
397 2446 429 2480 ex
440 2431 508 2480 nulla
518 2439 589 2507 parte
601 2431 760 2489 termmatum
792 2428 854 2479 aliil
903 2425 1126 2492 naquosnegiigo

221 2510 282 2553 esse,
302 2496 416 2544 sedtum
435 2495 593 2544 multitudine
614 2486 758 2570 Corporum,
826 2492 865 2543 Ibi
902 2488 1019 2556 11555551]
1031 2495 1138 2548 Debetur
1151 2488 1238 2539 Faber.

220 2575 294 2634 quam
311 2560 397 2609 Inanis
415 2559 584 2623 magnitudine
601 2575 702 2625 prorsus
719 2559 758 2609 in·
825 2559 881 2608 959.
893 2561 1028 2607 Eatremsm
1038 2554 1184 2619 5555515]
1200 2555 1269 2603 Duos
1286 2552 1334 2602 bos

221 2623 327 2672 finitum
792 2639 878 2673 versus
892 2624 1008 2673 obscuros
1025 2637 1078 2672 esse
1090 2636 1176 2670 omnes
1187 2627 1333 2682 queruntur,

254 2690 310 2746 952,
323 2688 378 2737 959.
397 2690 500 2737 Summani
516 2705 645 2751 aequantem
660 2691 760 2749 sitfins‘a
792 2687 904 2737 nonnulli
915 2695 1056 2763 corruptos
1075 2686 1155 2734 Paber
1166 2683 1239 2743 delet,
1251 2698 1335 2746 neque

221 2769 306 2810 555555,
329 2754 408 2800 Nonae
430 2755 469 2810 att,
492 2752 630 2815 evolvamus]
658 2753 687 2801 B.
711 2753 759 2801 Na.
792 2748 1332 2828 egerednmmsisineillisintegrumes-

221 2819 315 2867 5155555
331 2818 394 2864 aaut
428 2818 531 2866 5555551
546 2834 657 2896 quaenam,
671 2818 759 2880 Fayum
792 2813 1255 2880 sanquodnobisexhibethretius,
1268 2811 1332 2877 Epi·

221 2883 274 2930 Nee
289 2884 310 2930 ai
326 2888 349 2928 te
364 2882 485 2940 noluemus,
503 2881 532 2929 B.
552 2884 612 2930 Haea
630 2885 665 2930 aie
683 2884 759 2930 volva·
793 2897 846 2938 eun
857 2889 1043 2958 argumentum
1059 2880 1086 2928 rd
1096 2878 1334 2936 iacitutretmeam

221 2962 278 3002 5555,
291 2945 406 2994 Nardiue
795 2956 828 3006 at,
848 2961 897 3022 mss
917 2946 994 3005 fallor,
1012 2961 1062 2994 non
1078 2953 1152 2995 erunt
1167 2942 1272 3008 amplius
1288 2942 1333 2990 ob·

255 3010 311 3059 956
323 3012 410 3058 Pateat
422 3013 459 3059 ael
475 3013 507 3058 nd
521 3009 604 3073 usque]
617 3013 718 3073 Potefint
731 3013 764 3061 nd
794 3011 866 3061 sauri.
901 3011 1007 3067 Qiaidam
1028 3009 1123 3074 legunt,
1141 3011 1217 3072 quoad
1235 3024 1288 3068 555,
1306 3005 1335 3055 id

223 3091 301 3138 usqae,
313 3074 430 3124 Nardiua
460 3075 760 3140 Sedraedualegendum,
793 3075 997 3139 eatultraquod

219 3147 426 3202 puteatnaateque.
826 3142 881 3190 960
899 3138 1023 3202 11155511]
1036 3138 1147 3202 Repone,
1163 3145 1230 3187 5555
1245 3139 1285 3195 sit,
1302 3150 1336 3184 ex

256 3203 311 3256 957
325 3203 436 3252 Primum
447 3212 626 3268 argumentum,
639 3220 686 3267 quo
698 3204 760 3253 Uni·
794 3222 817 3255 v.
830 3205 885 3255 962.

222 3269 289 3319 versi
304 3267 511 3328 infinitionem,v.
526 3269 761 3334 1555555551-
827 3267 1234 3348 964.Α5515155]1”5)’55,55515155.

223 3343 264 3384 cat
280 3333 367 3385 Cicero
383 3335 414 3382 de
431 3333 542 3384 Divinat.
555 3334 572 3383 L
586 3334 622 3383 11.
635 3342 693 3383 sect.
708 3336 761 3383 154.
827 3333 883 3387 967.
896 3333 1022 3392 Praeerat,
1039 3336 1060 3382 51
1069 3333 1131 3396 jam,
1146 3324 1202 3394 ate]
1221 3331 1270 3380 Pro
1288 3329 1333 3379 In·

224 3399 297 3455 Quod
320 3399 419 3449 finitum
446 3408 485 3449 eat
506 3400 581 3449 babet
606 3410 761 3449 extremum.
795 3399 890 3449 fluitare
906 3397 1158 3456 Univem'iterum.
1172 3398 1210 3445 16.
1222 3396 1272 3444 telo
1289 3411 1337 3444 555

225 3462 287 3518 Quis
308 3463 355 3511 hoc
375 3479 425 3512 non
445 3464 558 3514 dederit?
588 3465 661 3521 Quod
680 3474 762 3517 autem
794 3463 1145 3541 egregiepugmtumretiua
1180 3461 1339 3510 FetoOmne

223 3525 300 3574 habet
310 3536 447 3580 extremum
457 3529 483 3578 id
494 3529 604 3580 cernitur
615 3545 647 3579 ex
657 3529 706 3579 5115
717 3545 761 3579 ex·
795 3529 919 3588 finitum(
912 3545 941 3578 m
955 3537 1066 3579 extrema
1080 3527 1148 3576 illius
1159 3525 1276 3576 Univemi
1291 3539 1337 3575 ora

224 3590 359 3641 arimenum
382 3593 429 3642 hoo
449 3609 545 3656 quoque
566 3604 604 3644 eat
625 3595 761 3644 concedere·
794 3595 927 3644 collocetur
941 3594 974 3642 511
976 3594 1038 3656 quis,
1050 3602 1076 3641 et
1092 3593 1170 3642 telum
1180 3591 1273 3647 vibrata
1290 3597 1338 3638 aut

224 3655 291 3704 dum.
320 3655 356 3703 Aa
366 3655 431 3718 quod
442 3658 523 3707 Omne
535 3667 573 3706 est
583 3658 610 3707 sd
621 3674 672 3708 non
681 3674 762 3708 cerm
794 3658 892 3721 longum
903 3658 1010 3707 evolabit
1020 3658 1087 3706 istud
1098 3658 1182 3715 telum,
1193 3665 1236 3706 aut
1246 3653 1337 3704 abab

224 3727 309 3768 mrex
319 3719 368 3768 eho
379 3720 546 3771 exmusecua
563 3737 595 3770 ne
606 3723 652 3771 hoo
664 3722 764 3786 quidem
795 3721 1185 3797 qmsistetm.nevolat,u1tra
1200 3728 1337 3770 extrem

224 3783 523 3900 affimant
532 3786 765 3929 555555
795 3783 1338 3914 555555515555555

225 3913 352 3967 rodomm:
376 3912 455 3962 md
464 3911 509 3974 μὲν
520 3914 559 3965 nai
569 3914 658 3965 51555
669 3913 765 3977 trente
796 3915 1031 3966 manniaerainroe
1046 3925 1193 3977 ammianum,
1205 3913 1339 3964 15555555

227 3978 287 4036 ἐστι,
295 3975 383 4039 τὸγὰρ
394 3976 764 4061 rnapwntroudapordxatrb
796 3979 898 4031 instabit
906 3979 1337 4040 15555555555515555515551555.

226 4039 327 4105 bibano
270 4041 410 4105 bspo’urop
426 4038 494 4104 ἔτσρό
466 4038 633 4104 edessanus
633 4045 689 4102 1555
701 4043 765 4096 ὥστε
831 4046 886 4094 968.
901 4047 1087 4122 Omueqnodast
1102 4044 1215 4108 55511555]
1228 4044 1337 4094 Univer-

226 4105 257 4156 51
268 4103 352 4168 nte
322 4103 381 4168 ον
392 4105 465 4168 tam
476 4103 653 4222 'dam
562 4109 606 4161 515
621 4106 635 4161 5
633 4126 681 4170 ει,
693 4105 766 4170 πέρας
797 4125 859 4161 sum.
892 4109 942 4164 Qu
959 4112 1032 4160 [5555
1047 4110 1248 4174 interpretanmr,
1263 4108 1337 4174 inep-

227 4167 307 4221 51515
272 4169 379 4296 ἔχον
389 4170 485 4234 &sapon
537 4172 633 4232 515,κώ
649 4172 763 4224 515555·
797 4174 876 4230 tiunts
893 4181 922 4223 ut
932 4183 1076 4238 patatexv.
1086 4174 1142 4226 972.

831 4237 894 4288 Ibid.
917 4189 1057 4313 Proeuarot]
1083 4239 1122 4288 Ita
1145 4239 1215 4289 codd.
1238 4237 1336 4304 optimi.

227 4231 331 4364 955
339 4301 443 4368 Nam
463 4299 609 4365 mmmm]
627 4304 690 4355 Nm
711 4319 764 4365 qua.
797 4303 997 4367 5155555551.
