2872 4852
169 622 678 710 CHRISTOPHORO
729 625 1156 711 CODRINGTON

284 847 461 904 GOLLEGII
487 848 652 904 OMNIUM
678 850 896 906 ANIMARUM
924 850 1043 917 80010,

434 1036 651 1110 ΤΗΟΜΑ8
685 1039 897 1112 CREECH

335 1247 511 1302 EJUSDEM
533 1248 711 1304 COLLEGH
732 1249 864 1305 SOCIUS
884 1250 950 1304 8.Ρ.
961 1250 997 1304 1).

568 1493 765 1506 -n-——n

114 1680 238 1769 Quam
261 1697 327 1761 otio
345 1696 413 1783 jam
436 1706 523 1778 utor,
548 1708 718 1786 occupato,
740 1700 891 1786 requiris,
915 1722 956 1764 an
980 1699 1088 1779 inerti,
1110 1710 1144 1764 et
1169 1719 1220 1764 re-

113 1816 228 1896 misso;
252 1818 427 1902 inquirenti
442 1818 498 1903 qui
513 1821 713 1904 respondeat
726 1818 870 1884 libellum
885 1819 1008 1904 accipe,
1024 1842 1090 1903 non
1110 1817 1220 1883 multis

113 1937 243 2020 quidem
265 1938 392 2023 vigiliis,
415 1949 450 2003 et
471 1940 538 2004 acri
561 1940 742 2004 studiorum
764 1938 956 2016 intentione,
982 1938 1090 2023 aliqua
1113 1938 1222 2001 ta'men

112 2054 278 2140 diligentia
293 2056 514 2123 elaboratum:
542 2081 648 2144 neque
671 2059 757 2124 enim
779 2058 822 2122 ad
850 2058 897 2121 Te
921 2057 1151 2142 elegantissimi
1173 2056 1221 2120 in-

112 2176 199 2260 genii
213 2176 316 2241 virum
331 2177 415 2241 mitti
429 2176 562 2263 aliquod
577 2179 688 2256 debet,
704 2176 795 2263 quod
816 2175 996 2260 impolitum
1018 2176 1111 2239 nimis
1136 2175 1222 2239 foret

113 2304 147 2358 et
161 2294 264 2373 ruder
289 2295 432 2380 Lepore,
448 2295 504 2373 Vi,
520 2305 554 2360 et
569 2293 730 2361 Acumine
749 2296 835 2360 omni
858 2295 1060 2358 destitutum.
1107 2292 1221 2365 Quan-

112 2433 210 2495 quam
224 2413 304 2497 quid
319 2412 491 2498 diligenter
505 2414 627 2479 factum
642 2413 792 2478 videatur
813 2412 899 2489 Tibi,
913 2411 969 2496 qui
984 2413 1017 2475 in
1033 2410 1165 2488 Critiea,
1187 2419 1222 2474 et

113 2530 338 2617 Philosophia,
355 2542 512 2618 quantum
527 2555 587 2619 per
602 2540 732 2598 aetatem
748 2541 834 2595 tuam
850 2529 972 2594 homini
989 2529 1076 2607 lieet,
1098 2529 1133 2592 in
1155 2528 1220 2594 Po-

112 2652 198 2716 'e'tica
213 2674 313 2736 supra
327 2651 542 2729 annosvales,
554 2653 616 2717 nisi
628 2653 729 2717 utaris
745 2673 784 2715 ea
798 2649 1019 2714 moderatione
1035 2648 1142 2726 animi,
1155 2670 1220 2733 qua

112 2781 185 2836 tuas
208 2769 315 2836 Dotes
339 2773 510 2850 festinare,
534 2779 568 2836 et
590 2771 644 2836 illa
666 2770 879 2856 benignitate,
903 2791 968 2854 qua
990 2789 1080 2833 meas
1101 2768 1220 2854 Nugae

12 2939 14 2942 v
113 2913 186 2955 esse
202 2890 324 2976 aliquid
339 2901 456 2976 putare
473 2889 582 2956 soles?

155 3008 256 3092 Multi
279 3009 425 3094 quidem¹
451 3010 634 3074 attribuunt
662 3008 818 3074 Lucretio
845 3029 956 3072 omnes
981 3007 1117 3070 virtutes
1146 3026 1220 3089 quae

112 3128 268 3212 optimum
284 3127 433 3206 Poetam,
447 3138 481 3192 et
495 3128 841 3197 consummatissimum
853 3124 1091 3210 Philosophum
1106 3146 1221 3189 ornare

112 3257 271 3330 possunt3
297 3269 364 3311 suae
380 3246 523 3332 opinioni
537 3245 611 3330 plus
628 3247 706 3310 satis
726 3243 945 3330 indulgentes,
968 3245 1104 3328 ejusque
1127 3242 1220 3306 famae

111 3362 221 3426 forsan
236 3365 329 3428 nimis
344 3364 494 3448 benigni:
520 3365 579 3428 sed
594 3364 689 3427 istam
707 3360 976 3438 benevolentiam,
999 3371 1064 3444 qua
1086 3381 1152 3423 non
1173 3359 1221 3422 in·

113 3480 215 3565 diget,
231 3483 279 3545 vir
294 3483 394 3547 erecti
404 3483 552 3567 justique
567 3481 664 3546 animi
679 3489 884 3566 aspernatur,
898 3489 1070 3545 contentus
1093 3479 1131 3543 iis
1154 3501 1221 3545 me⁴

109 3602 194 3680 ritis,
210 3625 284 3687 quae
299 3601 407 3668 Vetus
424 3601 619 3666 Criticorum
635 3600 741 3678 GenS,
756 3600 954 3692 integerrimi
964 3600 1106 3685 judices,
1122 3622 1222 3684 agno·

112 3730 239 3798 verunt,
267 3730 301 3785 et
327 3744 386 3785 suo
414 3719 649 3786 confirmarunt
670 3719 807 3806 judicio.
852 3718 940 3783 Nam
966 3719 999 3782 in
1026 3718 1080 3783 illo
1109 3717 1223 3783 Artem

112 3839 269 3919 Tullius²,
281 3840 425 3906 Sublime
436 3864 565 3906 carmen
577 3838 745 3917 Ovidius³,
759 3836 995 3912 Quintilianus*
1006 3839 1223 3924 Elegantiam

144 4075 306 4135 ¹Lambinus‚
318 4077 439 4137 Gifaniur,
452 4078 538 4137 Faber,
551 4077 600 4126 alii.
682 4079 760 4126 artis:
792 4074 834 4124 alii
859 4075 952 4139 legunt,
981 4077 1040 4124 Sunt
1068 4076 1112 4122 lita
1137 4074 1223 4130 multis,

143 4155 154 4186 ²
186 4157 289 4222 Epistol.
321 4158 353 4207 ad
387 4159 506 4218 Fratrem,
540 4158 581 4207 lib.
613 4159 649 4207 II.
683 4149 726 4226 aie.

111 4253 149 4302 ep.
169 4240 206 4286 ll.
240 4241 345 4289 Lucretii
361 4242 471 4291 Poimata
487 4258 530 4289 non
546 4244 651 4290 suatim
716 4237 849 4287 ³Am.lib.
863 4238 883 4285 Ι.
896 4237 927 4286 el.
942 4239 979 4285 15.

111 4321 189 4367 multia
211 4323 334 4370 luminibus
358 4324 454 4386 Ingenii,
476 4325 554 4370 multa
575 4331 649 4372 tamen
715 4317 820 4367 *lnstit
833 4319 901 4367 Orat.
914 4317 955 4367 lib.
969 4318 1000 4366 X.
1013 4331 1065 4379 cap.
1081 4316 1100 4361 l.
