2872 4852
219 231 285 296 270
600 229 647 293 T.
673 226 947 294 LUCRETII

306 385 416 450 Multa
431 386 500 450 sine
515 407 571 449 ore
585 379 692 462 etiam,
711 385 779 449 sine
795 384 885 449 voltu
900 405 987 448 caeca
1002 395 1145 468 reperta,

241 501 290 548 840
304 488 490 572 Vinctaque
504 489 724 552 membrorum
738 509 799 571 per
814 496 918 551 totum
933 508 1053 570 corpus
1069 486 1224 551 adhaesu:

305 590 380 654 Nec
399 590 506 655 facere
522 601 559 654 ut
575 600 711 674 possent
726 590 916 673 quicquam;
940 610 1000 652 nec
1017 589 1135 653 cedere
1150 612 1329 674 quoquam,

306 692 380 757 Nec
396 693 497 757 vitare
513 692 641 770 malum,
659 714 719 757 nec
735 713 862 756 sumere
878 691 967 775 quod
982 689 1068 754 foret
1083 714 1174 756 usus.

307 794 436 859 Caetera
450 795 492 858 de
507 817 626 879 genere
641 794 704 859 hoc
719 805 875 871 monstra,
891 815 929 857 ac
943 803 1096 877 portenta
1111 794 1262 859 creabat:

306 895 554 981 Nequicquam3
577 896 729 980 quoniam
743 893 873 959 Natura
888 894 1065 959 absterruit
1079 908 1231 960 auctum:

243 1009 289 1056 84⁵
305 998 380 1062 Nec
394 1009 532 1082 potuere
544 998 690 1081 cupitum
703 997 807 1061 aetatis
825 1008 957 1080 tangere
973 996 1098 1075 florem,

305 1101 380 1165 Nec
395 1103 539 1186 reperire
555 1101 673 1178 cibum,
689 1122 748 1164 neo
759 1100 855 1184 jungi
872 1122 931 1183 per
945 1098 1087 1164 Veneris
1102 1121 1166 1164 res·

307 1203 416 1268 Multa
429 1204 576 1268 videmus
591 1204 677 1267 enirn
691 1205 791 1268 rebus
807 1224 1000 1267 concurrere
1016 1202 1150 1280 debere,

306 1305 354 1370 Ut
369 1308 583 1390 propagando
599 1305 724 1390 possint
739 1306 922 1390 producere
940 1304 1045 1370 saecla.

305 1407 433 1472 Pabula
446 1408 585 1492 primurn
598 1418 636 1471 ut
653 1408 727 1485 sint,
743 1405 896 1492 genitalia
911 1407 1029 1471 deinde
1044 1429 1105 1490 per
1120 1418 1210 1471 artus

240 1522 289 1569 550
305 1510 435 1574 Semina
448 1533 514 1594 qua
528 1511 655 1595 possint
669 1510 820 1575 membris
835 1531 966 1573 manare
983 1510 1143 1573 remissis:

304 1613 517 1696 Foeminaque
532 1625 568 1676 ut
582 1614 725 1677 maribus
741 1613 895 1697 conjungi
910 1612 1024 1695 possit,
1040 1611 1228 1676 habendum

306 1713 426 1778 Mutua
441 1715 533 1799 queis
549 1726 681 1779 nectant
696 1717 780 1779 inter
796 1737 831 1779 se
846 1714 978 1798 gaudia,
992 1714 1150 1797 utrisque.

349 1814 523 1900 Multaque
538 1827 606 1879 turn
620 1816 780 1884 interiisse
796 1816 1007 1881 Animantum
1018 1816 1114 1881 saecla
1125 1838 1259 1881 necesse
1272 1816 1329 1880 'stz

304 1916 378 1981 Nec
394 1919 540 2002 potuisse
556 1919 770 2003 propagando
785 1920 968 2003 procudere
983 1919 1118 2003 prolem.

240 2029 287 2076 855
304 2016 392 2082 Nam
406 2042 610 2104 quaecunque
625 2019 715 2084 vides
729 2020 816 2084 vesci
830 2018 982 2084 vitalibus
997 2022 1095 2097 auris,
1118 2048 1120 2052 ’

303 2117 374 2184 Aut
389 2121 509 2199 Dolus,
526 2133 582 2185 aut
594 2121 721 2199 Virtus,
738 2133 795 2186 aut
811 2123 952 2206 denique
968 2122 1135 2187 Mobilitas
1151 2133 1203 2187 est

304 2223 360 2286 Ex
374 2224 506 2288 ineunte
521 2247 590 2289 aevo
605 2247 708 2309 genus
725 2226 758 2288 id
775 2235 880 2288 tutata
895 2247 1083 2288 reservans:

302 2324 476 2410 Multaque
493 2337 578 2404 sunt,
595 2329 689 2391 nobis
705 2351 747 2391 ex
763 2326 914 2391 Utilitate
931 2349 989 2390 sua
1004 2350 1078 2411 quae

304 2429 537 2493 Commendata
551 2440 682 2494 manent
697 2429 809 2494 tutelae
825 2430 945 2493 tradita
959 2439 1091 2494 nostrae.

237 2545 285 2594 050
301 2531 476 2618 Principio,
493 2555 596 2617 genus
611 2556 685 2597 acre
702 2533 861 2610 Leonum,
880 2555 1029 2617 saevaque
1047 2532 1142 2597 saecla

302 2635 427 2699 Tutata
442 2637 481 2699 'st
496 2635 623 2712 Virtus,
640 2634 780 2719 Vulpeis
797 2635 916 2713 Dolus,
932 2646 965 2699 et
981 2634 1074 2718 Fuga
1089 2635 1223 2701 Cervos.
1245 2713 1247 2717 Ι

303 2734 351 2800 At
364 2734 541 2800 levisomna
557 2735 684 2799 Canum
698 2736 766 2800 fido
779 2760 851 2800 curn
866 2748 999 2822 pectore
1016 2738 1127 2814 corda,

303 2838 351 2901 Et
365 2859 469 2921 genus
486 2860 591 2915 omne,
606 2838 696 2922 quod
712 2849 762 2901 est
777 2839 809 2904 V
812 2839 936 2902 eterino
953 2840 1073 2902 semine
1088 2849 1228 2922 partum,

305 2938 542 3022 Lanigeraeque
559 2939 651 3002 simul
666 2941 822 3024 pecudes,
840 2951 873 3003 et
888 2941 1018 3006 Bucera
1034 2940 1139 3019 saecla,

240 3051 287 3100 055
303 3041 423 3105 Omnia
439 3052 514 3105 suut
530 3040 708 3105 Hominum
724 3041 834 3105 tutelae
849 3042 979 3120 tradita,
997 3043 1141 3107 Memmi.

302 3144 390 3207 Nam
406 3143 523 3228 cupide
540 3143 653 3228 fugere
668 3144 782 3220 Feras,
798 3167 977 3231 pacemque
993 3157 1113 3210 secutae

304 3247 399 3325 Sunt,
416 3259 449 3312 et
464 3245 555 3331 larga
571 3269 630 3310 suo
647 3247 715 3311 sine
730 3245 851 3331 pabula
865 3258 961 3332 parta
975 3248 1105 3312 labore:

303 3351 389 3424 Quae
406 3352 519 3415 damus
537 3350 694 3414 Utilitatis
708 3371 819 3414 eorum
835 3352 968 3434 praemia
982 3373 1091 3414 causa.

303 3451 362 3529 At,
378 3454 469 3537 queis
485 3453 530 3516 nil
544 3453 661 3516 horum
676 3454 790 3517 tribuit
804 3452 945 3530 Natura,
962 3476 1021 3516 nec
1036 3454 1109 3537 ipsa

238 3561 286 3614 870
302 3553 426 3637 Sponte
442 3579 500 3619 sua
515 3566 649 3639 possent
665 3566 701 3618 ut
716 3556 834 3631 vivere,
850 3577 910 3620 nec
926 3556 1004 3619 dare
1020 3555 1114 3619 nobis

303 3654 485 3720 Utilitatem
499 3655 648 3741 aliquam,
665 3677 766 3738 quare
781 3666 967 3738 pateremur
982 3679 1095 3720 eorum

248 3852 303 3900 839.
323 3855 402 3901 Multa
417 3858 466 3903 sine
485 3853 536 3916 ore]
556 3855 615 3912 Alii,
635 3861 705 3913 muta,
728 3865 753 3902 et
818 3854 872 3902 856.
895 3855 1027 3918 Mobilitas]
1049 3857 1105 3904 Ver.
1127 3856 1182 3904 861.
1194 3853 1275 3920 fuga,-
1299 3869 1328 3907 et

214 3916 349 3966 venustius
785 3919 840 3980 quis
850 3919 912 3967 ferat
924 3921 1019 3969 Barthii
1033 3924 1168 3970 Nobilitas?

248 3984 303 4029 844.
316 3981 463 4044 Absterruit]
481 3982 585 4039 Nonius,
602 3983 628 4030 in
640 3998 699 4031 voce
711 3986 750 4031 de-
817 3985 871 4031 863.
887 3987 1082 4035 Veterinosems'ne
1087 3984 1194 4049 portum]
1206 3987 1330 4037 veterina

214 4050 284 4095 rusci.
317 4049 437 4095 Parasito:
453 4050 532 4105 amovi,
549 4050 648 4095 lenonem
664 4051 752 4096 (edibus
785 4049 899 4097 animalia
923 4050 1038 4098 dicuntur
1061 4051 1142 4100 omnia
1166 4067 1220 4114 quoe
1244 4055 1329 4102 velere

213 4111 340 4161 absterrui.
784 4114 843 4176 quid
854 4113 957 4175 possint.

247 4177 301 4225 85⁰.
322 4175 385 4239 Qua]
403 4175 462 4234 Alii,
479 4192 536 4238 qua.
572 4176 606 4223 Et
622 4189 693 4224 versu
710 4192 749 4224 se·
817 4177 872 4228 871.
889 4177 978 4240 Quare]
997 4179 1101 4243 Propter
1112 4196 1184 4243 quam
1201 4195 1262 4238 rem,
1280 4196 1329 4231 seu

213 4241 305 4304 quenti,
316 4244 408 4290 Habere
418 4245 502 4290 Mutuo
512 4243 575 4303 queis
586 4248 679 4288 metant
690 4245 750 4289 inter
783 4253 884 4307 propter
895 4257 967 4304 quarn
980 4243 1118 4302 utilitatem,
1130 4261 1187 4293 nam
1200 4262 1272 4307 quare
1284 4245 1328 4295 hic

212 4309 335 4370 rogandis
346 4315 447 4371 uterque.
782 4322 832 4354 nou
854 4306 997 4369 interrogat,
1020 4309 1064 4356 sed
1085 4309 1236 4358 enuntiando
1259 4311 1327 4358 rele-
