2872 4852
224 241 292 308 304
609 241 651 305 T.
684 238 956 307 LUCRETll

314 395 433 473 Multa,
449 406 621 480 rotantque
637 398 724 462 cavis
738 397 898 460 flammam
913 395 1099 461 fornacibus
1115 398 1215 472 intus,

313 499 430 564 Donec
445 497 570 563 divolsa
585 499 747 564 fulserunt
761 501 848 565 nube
864 500 1001 565 corusci.

356 601 432 666 Hac
446 602 544 666 etiam
557 601 596 666 fit
610 603 659 666 nti
674 603 715 668 de
731 624 830 667 causa
844 600 971 666 mobilis
986 600 1040 665 ille

314 702 456 768 Devolet
471 704 504 767 in
519 715 638 768 terram
653 704 767 788 liquidi
781 693 871 768 color
886 726 1005 768 aureus
1021 704 1117 788 ignis,
1227 782 1228 785 Ἴ

249 817 296 862 205
312 803 443 868 Semina
457 805 546 888 quod
562 805 691 870 Nubeis
707 806 795 890 ipsas
809 804 971 889 permulta
984 827 1118 870 necesse
1131 806 1174 871 'st

312 905 402 990 Ignis
417 907 558 986 habere3
582 908 702 972 etenim
717 929 790 971 cum
804 919 881 971 sunt
896 906 1032 971 humore
1049 908 1117 972 sine
1133 907 1210 985 ullo,

312 1007 494 1073 Flammeus
508 1020 561 1074 est
576 1008 766 1093 plerumque
782 1005 870 1073 colos
885 1019 918 1072 et
932 1007 1122 1092 splendidus
1139 1009 1230 1074 ollis:

313 1110 448 1196 Quippe
461 1112 580 1175 etenim
596 1110 681 1175 Solis
694 1111 737 1175 de
752 1109 872 1175 lumine
886 1108 988 1175 multa
1002 1132 1136 1175 necesse
1152 1112 1192 1176 'st

311 1211 504 1296 Concipere,
519 1223 556 1277 ut
570 1214 684 1277 merito
699 1214 850 1289 rubeant,
865 1213 1033 1296 igneisque
1047 1212 1258 1296 profundant,

248 1328 296 1375 210
311 1315 422 1380 Hasce
436 1316 535 1400 igitur
549 1338 624 1381 oum
638 1315 766 1380 Ventus
782 1337 882 1400 agens
898 1316 1058 1379 contrusit
1071 1315 1106 1379 in
1120 1339 1220 1384 unum

313 1416 580 1502 compressitque
592 1417 699 1482 locum
713 1417 845 1500 cogens,
858 1438 1019 1500 expressa
1034 1416 1238 1500 profundunt

313 1518 455 1597 Semina,
471 1543 545 1603 quae
560 1519 682 1584 faciunt
697 1519 834 1584 flammae
850 1517 977 1604 fulgere
992 1518 1128 1585 colores.

355 1619 466 1706 Fulgit
480 1622 568 1698 item,
584 1644 658 1687 oum
672 1632 842 1686 rarescunt
856 1643 987 1706 quoque
1004 1621 1128 1686 Nubila
1142 1619 1225 1687 coeli.

312 1722 400 1786 Nam
414 1745 488 1789 cum
503 1723 631 1788 Ventus
646 1746 702 1788 eas
717 1723 831 1788 leviter
846 1724 971 1789 diducit
985 1724 1124 1800 eunteiS,

246 1837 294 1883 215
311 1824 545 1909 Dissolvitque,
560 1827 679 1890 cadant
691 1824 827 1911 ingratis
841 1825 896 1891 illa
909 1847 1046 1892 necesse
1058 1826 1099 1890 'st

311 1927 453 2004 Semina,
469 1950 543 2010 quae
558 1925 681 1991 faciunt
696 1926 874 2011 fulgorem:
899 1938 967 1993 tum
983 1928 1051 1992 sine
1067 1937 1152 1991 tetro

311 2028 467 2106 Terrore,
484 2040 517 2093 et
533 2029 649 2094 Sonitu
665 2027 771 2114 fulgit,
786 2029 941 2113 nulloque
956 2028 1108 2094 tumultu.

355 2131 457 2205 Quod
473 2141 634 2215 superest,
651 2130 738 2215 quali
751 2142 869 2196 natura
883 2132 1023 2216 praedita
1037 2140 1187 2196 constent

310 2231 469 2310 Fulmina,
484 2232 651 2298 declarant
663 2234 760 2311 ictus,
774 2244 809 2298 et
822 2234 931 2299 inusta
946 2255 1067 2317 vapore

246 2346 293 2393 220
309 2336 420 2420 Signa,
437 2346 588 2421 notaeque
603 2337 730 2420 grav-eis
745 2333 893 2399 halantes
909 2333 1050 2398 Sulfuris
1066 2357 1180 2399 auras:

309 2438 399 2522 Ignis
409 2440 496 2503 enim
512 2450 587 2504 sunt
601 2438 685 2517 haec,
701 2461 767 2503 non
782 2438 884 2503 Venti
900 2438 1002 2521 signa,
1019 2459 1124 2522 neque
1140 2438 1269 2506 Imbris,

353 2539 530 2618 Praeterea,
546 2563 606 2626 per
622 2564 657 2606 se
672 2541 856 2607 accendunt
869 2563 1002 2625 quoque
1018 2551 1104 2604 tecta
1120 2541 1302 2618 domorum,

310 2644 356 2707 Et
371 2643 468 2708 celeri
483 2644 611 2708 flamma
624 2644 832 2708 dominantur
847 2643 880 2707 in
895 2643 1021 2708 aedibus
1037 2643 1129 2727 ipsis.

309 2744 409 2810 Hunc
424 2747 485 2811 tibi
500 2746 652 2810 subtilem
667 2768 741 2810 cum
755 2747 866 2830 primis
882 2747 1012 2831 ignibus
1028 2746 1136 2830 ignem

245 2859 292 2905 225
309 2846 488 2911 Constituit
502 2858 619 2912 natura
634 2848 776 2925 minutis,
793 2848 1031 2932 mobilibusque

309 2947 521 3032 Corporibus,
537 2950 590 3013 cui
604 2948 650 3013 nil
665 2950 794 3014 omnino
810 2950 969 3015 obsistere
982 2950 1105 3035 possit:

308 3048 443 3114 Transit
457 3050 542 3115 enim
556 3050 661 3115 valide
677 3049 813 3115 Fulmen
828 3073 888 3136 per
904 3061 998 3136 septa
1012 3053 1192 3128 domorum,

255 3287 309 3335 203.
320 3286 376 3336 Hac
388 3289 494 3348 etiamfit
504 3291 547 3345 uti,
559 3286 616 3351 etc]
635 3287 692 3336 Non
705 3297 759 3335 tan·
793 3286 861 3334 nullo
873 3295 955 3334 autem
967 3285 1059 3334 tonitru
1070 3284 1182 3349 percellit
1193 3300 1270 3333 aures.

222 3358 275 3400 tum
285 3351 351 3415 ignis
367 3351 393 3400 in
405 3353 511 3400 nubibus
522 3352 708 3401 circumrotatus
719 3368 759 3401 ac-
826 3353 881 3399 215.
890 3350 1009 3413 Ingrata]
1019 3350 1086 3398 Velit
1096 3349 1166 3406 nolit,
1176 3365 1232 3397 nam
1244 3348 1331 3399 diduc-

221 3417 293 3464 cendi
307 3426 396 3481 potest,
409 3417 451 3466 sed
468 3417 528 3481 ipsoe
540 3419 617 3466 nubes
628 3417 706 3465 multa
721 3417 758 3479 ig·
793 3415 825 3464 tis
842 3416 947 3464 nubibus
968 3431 1067 3464 necesse
1087 3424 1124 3464 est
1142 3414 1249 3462 inclusas
1266 3413 1333 3477 ignis

219 3480 258 3528 nis
273 3482 424 3545 corpuscula,
445 3481 497 3530 sive
514 3497 529 3529 a
548 3482 607 3539 sole,
628 3491 657 3529 ut
676 3481 760 3530 docuit
792 3480 910 3530 scintillas
921 3495 1058 3543 erumpere.

222 3544 391 3609 Empedocles,
409 3546 461 3595 sive
474 3546 572 3594 aliunde
584 3562 640 3594 acce
659 3555 683 3594 ta
700 3561 758 3595 con·
826 3547 880 3592 218.
901 3547 967 3596 Quod
982 3551 1093 3606 superest,
1109 3545 1179 3605 quali,
1192 3542 1249 3605 eta]
1264 3543 1332 3593 Cum

221 3608 317 3664 tinent;
334 3609 360 3656 id
372 3610 438 3658 enim
446 3610 589 3675 splendidus
599 3621 624 3658 et
650 3626 760 3658 ammeus
792 3609 884 3658 fulmen
897 3619 953 3658 urat
969 3625 1009 3658 res
1022 3618 1105 3666 tactas,
1117 3623 1173 3655 cum
1190 3607 1275 3656 domos
1289 3607 1332 3656 in·

221 3672 287 3720 color
303 3674 454 3734 quarundam
473 3675 576 3723 nubium
592 3675 758 3730 demonstrat;
792 3676 887 3730 cendat‚
908 3685 953 3721 etc
973 3673 1096 3721 neminem
1115 3672 1197 3721 videas
1215 3671 1258 3734 qui
1277 3675 1333 3733 ejm

220 3735 269 3784 ista
280 3746 361 3784 autem
378 3739 522 3801 corpuscula
533 3755 548 3788 a
558 3749 639 3798 vento,
651 3739 758 3803 compel-
792 3748 904 3787 naturam
916 3738 1013 3801 igneum
1026 3753 1079 3786 esse
1091 3737 1230 3786 diffiteatur.
1257 3737 1333 3791 Quod

220 3799 287 3849 lente
304 3810 330 3848 et
346 3803 522 3864 comprimente
542 3806 627 3861 nubes,
643 3819 760 3867 expressa
792 3813 874 3852 autem
890 3803 997 3867 parietes
1015 3811 1136 3867 penetrat,
1154 3801 1219 3864 quod
1235 3816 1332 3860 aurum,

220 3865 303 3928 fulgur
315 3865 431 3923 efficiunt,
442 3883 464 3914 v.
479 3869 516 3915 11.
791 3883 832 3926 aes,
844 3867 939 3930 reliqua
947 3869 1045 3916 metella
1056 3866 1189 3929 liquefacit,
1198 3866 1264 3928 quod
1272 3881 1332 3915 vase

255 3931 309 3978 213.
323 3932 405 3993 Fulgit
415 3934 476 3988 item,
488 3930 546 3993 eta]
560 3931 637 3979 Modo
646 3931 710 3979 dixit
721 3948 759 3980 se·
793 3932 889 3995 integro
901 3933 1015 3981 exhaurit
1029 3932 1157 3995 liquorem,
1174 3931 1213 3980 vel
1230 3929 1289 3979 facit
1304 3939 1333 3979 ut

222 3994 289 4046 mina
300 3993 371 4057 ignis,
384 3994 588 4057 quaeinnubibus
596 3996 759 4056 continentur,
793 3998 882 4054 effluat,
905 3997 931 4045 id
954 3997 1052 4059 quidem
1080 3995 1175 4061 pernici
1197 3995 1282 4052 motui,
1307 4005 1333 4044 et

134 4115 136 4119 ¹
219 4059 248 4108 ni
259 4068 284 4109 et
300 4059 394 4123 impetu
410 4059 479 4108 venti
490 4060 610 4123 exprimi;
625 4063 684 4121 jam,
701 4077 723 4108 v.
737 4064 759 4109 5.
792 4060 921 4110 subtilitati
930 4060 997 4110 illius
1007 4061 1072 4124 ignis
1083 4060 1273 4110 attribuendum.

221 4125 280 4175 licet
296 4139 345 4172 non
358 4124 538 4188 exprimuntur,
556 4133 637 4171 tamen
654 4125 760 4176 diductis
826 4127 880 4174 219.
902 4128 985 4175 lausto
1004 4143 1094 4188 vapore,
1112 4124 1169 4188 etc]
1191 4125 1241 4174 Res
1260 4133 1333 4175 tactae

222 4200 248 4238 et
263 4189 385 4238 distractis
401 4188 502 4237 nubium
518 4188 629 4252 partibus
645 4188 759 4240 decidant
791 4189 894 4238 fulmine
905 4199 966 4238 ustae
977 4190 1099 4249 videntur,
1112 4200 1137 4239 et
1148 4189 1197 4238 illis
1208 4189 1269 4238 odor
1278 4190 1331 4239 oul-

220 4271 322 4304 necesse
330 4264 374 4312 est,
386 4263 458 4317 atque
467 4253 524 4302 inde
534 4253 589 4301 lene
596 4252 657 4301 illud
666 4262 691 4301 ct
698 4256 730 4302 mi
735 4267 757 4304 te
791 4256 907 4318 phureru.

219 4313 310 4382 fulgur,
323 4320 387 4383 quod
404 4318 496 4369 lumine
511 4316 593 4366 oculos
604 4318 756 4382 perstringit,
823 4320 877 4366 222.
892 4318 939 4367 Per
950 4318 987 4381 ra]
1000 4314 1092 4369 Melius
1103 4335 1176 4382 quum
1187 4335 1254 4382 rape.
