2872 4852
224 258 269 319 36
568 297 570 303 -
607 248 650 318 Τ.
683 249 955 318 LUCRETII

313 412 421 496 lgneis
436 412 469 474 in
485 420 573 474 coetu
588 410 720 494 stingui,
734 409 925 492 mutareque
941 421 1079 493 corpus3

313 511 444 578 Scilicet
458 534 501 576 ex
514 511 581 576 ¹ulla
597 511 703 575 facere
720 511 754 574 id
769 511 798 574 si
813 520 907 593 parte
922 521 1108 593 reparcent,

314 614 454 679 Occidet
469 615 510 678 ad
525 613 674 676 Nihilum
689 613 838 677 nimirum
852 610 998 676 funditus
1015 611 1128 676 Ardor

249 726 297 778 670
317 717 445 792 Omnis,
461 726 552 780 etex
566 715 681 780 Nihilo
696 714 777 780 fient
791 737 994 799 quaecunque
1009 726 1172 781 creantur.

312 818 402 882 Nam
417 818 636 902 quodcunque
652 818 718 881 suis
734 826 893 881 mutatum
907 817 1028 881 finibus
1043 818 1122 894 exit,

314 922 477 985 Continuo
491 920 556 984 hoc
570 940 656 982 mors
672 929 724 983 est
738 919 834 997 illius,
850 920 940 1004 quod
955 920 1017 983 fuit
1032 931 1125 984 ante:

315 1021 458 1086 Proinde
474 1020 596 1103 aliquid
612 1043 766 1104 superare
782 1033 918 1085 necesse
933 1021 972 1084 ’st
986 1020 1145 1085 incolume
1161 1020 1227 1098 olli,

314 1124 370 1189 Ne
385 1125 444 1187 tibi
458 1145 511 1187 res
527 1123 664 1187 redeant
678 1123 719 1186 ad
736 1121 850 1186 Nilum
864 1122 1011 1186 funditus
1028 1145 1151 1201 omnes,

248 1236 296 1288 ott
315 1226 369 1291 De
384 1224 562 1308 Nihiloque
578 1234 692 1288 renata
706 1225 845 1288 virescat
860 1225 954 1309 copia
968 1246 1087 1290 rerum.

356 1328 457 1393 Nunc
472 1328 582 1412 igitur,
598 1326 749 1409 quoniam
766 1327 944 1390 certissima
959 1348 1097 1411 corpora
1112 1328 1261 1411 quaedam

314 1431 410 1506 Sunt,
427 1452 501 1513 quae
517 1430 711 1493 'conservant
724 1438 874 1492 naturam
887 1449 1018 1513 'semper
1033 1430 1190 1507 eandem,-

314 1532 465 1605 Quorum
479 1532 582 1607 abitu,
598 1541 654 1594 aut
669 1531 771 1607 aditu,
787 1541 977 1614 mutatoque
993 1531 1118 1609 ordine,
1133 1542 1259 1597 mutant

313 1633 477 1697 Naturam
491 1654 557 1710 res,
573 1641 606 1696 et
621 1641 814 1697 convertunt
826 1654 964 1715 corpora
979 1655 1067 1710 sese3

249 1749 297 1794 680
316 1735 407 1799 Scire
422 1733 497 1798 licet
512 1756 577 1796 non
592 1754 664 1796 esse
680 1733 752 1796 haec
767 1733 870 1817 Ignea
885 1755 1023 1818 corpora
1037 1756 1156 1799 rerum.

314 1836 373 1902 Nil
388 1835 525 1900 referret
540 1836 626 1899 enim
640 1835 790 1918 quaedam
807 1836 979 1912 decedere,
996 1837 1097 1912 abire,

314 1938 427 2023 Atque
443 1938 505 2002 alia
521 1937 666 2013 attribui,
682 1937 865 2020 mutarique
881 1938 995 2002 ordine
1011 1939 1172 2021 quaedam,

314 2041 350 2104 Si
362 2052 472 2105 tamen*
485 2038 626 2104 Ardoris
641 2049 791 2103 naturam
805 2049 923 2104 cuncta
937 2051 1104 2104 tenerent:

314 2144 402 2227 Ignis
418 2143 504 2207 enim
518 2142 604 2206 foret
619 2142 821 2218 omnimodis,
837 2143 1056 2226 quodcunque
1069 2153 1228 2207 crearent.

249 2258 296 2304 685
314 2247 450 2322 Verum,
462 2256 499 2310 ut
510 2245 637 2331 opinor,
650 2245 695 2307 ita
707 2243 760 2307 ’stt
783 2254 859 2307 sunt
869 2245 1020 2328 quaedam
1030 2245 1189 2329 Corpora,
1202 2268 1340 2329 quorum

227 2457 294 2507 abire
307 2457 395 2521 Ignem
407 2458 433 2507 in
443 2457 571 2508 Nihilum:
588 2457 645 2521 quia
656 2473 696 2506 res
707 2456 765 2506 sim·
832 2455 887 2508 678.
906 2459 1006 2505 Proinde
1015 2457 1106 2518 aliquid
1114 2471 1230 2518 superare,
1239 2453 1296 2517 etn]
1306 2454 1338 2501 V.

226 2520 285 2584 plex
308 2536 333 2570 et
355 2523 502 2581 inconcreta,
526 2523 596 2586 quale
619 2523 691 2570 debet
713 2537 766 2570 esse
802 2522 838 2569 18.
850 2520 982 2577 concludit,
994 2521 1015 2569 si
1027 2521 1136 2570 extincto
1149 2521 1211 2584 lgna
1227 2517 1340 2582 genemi

226 2585 288 2633 illud
304 2586 459 2644 elementum,
477 2587 498 2635 ei
517 2587 597 2650 prima
617 2587 723 2648 quidem,
742 2594 768 2633 et
799 2585 924 2648 quidpiam
943 2584 1040 2642 debeat,
1058 2584 1222 2633 necessarium
1240 2592 1340 2632 esseut

226 2649 300 2697 unica
307 2665 390 2698 rerum
400 2651 514 2698 materies
524 2651 606 2707 fuerit,
614 2649 705 2698 mutari
716 2665 767 2697 non
799 2649 906 2712 supersit
925 2649 1017 2712 aliquid
1037 2648 1102 2712 quod
1121 2648 1248 2712 deperdita
1270 2646 1339 2711 Ignis

226 2722 314 2776 potest,
327 2714 386 2776 quin
401 2715 500 2763 omnino
517 2723 608 2777 pereat
644 2715 709 2761 Nam
725 2729 765 2761 res
798 2713 917 2761 formarei
923 2713 995 2762 istius
1003 2714 1234 2777 generataeformam
1240 2712 1338 2761 induat:

226 2777 325 2838 quidem
336 2778 471 2842 composita
481 2778 516 2826 sic
529 2778 618 2826 mutari
632 2787 720 2842 potest,
738 2786 767 2826 ut
798 2778 955 2842 perspicuum
965 2786 1002 2826 est
1013 2788 1095 2827 autem
1106 2779 1153 2827 hoc
1164 2793 1218 2826 esse
1228 2791 1338 2826 commu·

226 2841 342 2889 desinens
354 2843 482 2904 essequod
495 2852 554 2899 erat,
571 2842 694 2904 relinquat
709 2858 764 2906 par·
798 2858 855 2891 nem
866 2843 1001 2900 materiam,
1013 2858 1087 2906 quam
1101 2843 1230 2891 Lucretius
1245 2857 1337 2906 suppo·

227 2914 277 2953 tem
286 2907 450 2969 superstitem,
460 2921 521 2970 quae,
531 2906 608 2954 veteri
617 2915 682 2954 statu
692 2906 766 2954 amis·
799 2907 837 2955 nit
859 2923 912 2956 esee
934 2907 1078 2972 incorrupta
1100 2907 1258 2971 Corpuscula,
1280 2921 1339 2969 quae

224 2985 261 3027 so,
274 2985 364 3018 novum
377 2972 475 3027 subeat;
493 2985 578 3019 nerum
591 2971 655 3034 quod
671 2971 764 3019 incom-
798 2971 941 3034 adjectione,
964 2973 1122 3030 detractione,
1149 2971 1339 3035 transpositione

225 3033 333 3096 positum
351 3044 395 3092 est,
407 3049 520 3084 naturam
536 3051 604 3084 suam
623 3036 765 3099 deperdere,
798 3037 837 3084 eui
849 3035 923 3093 varia,
935 3051 1000 3084 nunc
1012 3037 1113 3085 formam
1126 3037 1202 3100 Ignis,
1215 3052 1281 3084 nunc
1292 3035 1337 3083 ali2

226 3098 286 3160 quin
298 3099 372 3162 plane
383 3100 496 3157 intereat,
507 3115 556 3147 non
568 3109 655 3164 potest
799 3104 868 3163 qu'us
880 3101 943 3148 alius
956 3101 993 3149 rei
1010 3101 1126 3150 exhibere
1144 3101 1231 3149 valeat.
1265 3101 1338 3156 Quod

262 3163 323 3211 lbid.
336 3163 442 3227 Potesne]
451 3166 527 3213 Posse.
537 3164 647 3212 Lucilius
653 3164 679 3212 in
685 3163 727 3212 lib.
734 3164 764 3211 V.
799 3175 880 3213 autem
892 3165 935 3213 illa
946 3166 1023 3228 Ignea
1031 3181 1062 3214 ex
1071 3174 1158 3214 natura
1167 3181 1212 3214 sua
1220 3181 1271 3213 non
1279 3165 1337 3222 sint,

226 3229 288 3276 Nam
299 3232 320 3276 si
331 3231 392 3290 qnod
402 3233 461 3277 satia
471 3236 506 3276 est
516 3232 601 3276 bonini
611 3231 706 3276 11111111
716 3246 765 3276 ease
797 3230 885 3278 merito
897 3231 978 3293 arguit
992 3246 1024 3278 ex
1040 3247 1076 3287 eo,
1094 3230 1158 3293 quod
1174 3230 1273 3287 additio,
1292 3230 1336 3277 de·

222 3301 330 3354 potasset,
343 3297 395 3342 Hoc
405 3302 444 3342 rat
454 3301 505 3342 erat
512 3312 521 3349 ,-
538 3310 598 3340 nnnc
608 3297 764 3341 eumbacnon
799 3295 892 3351 tractio,
912 3295 1071 3357 transpositio
1094 3295 1155 3342 nibil
1177 3302 1337 3358 operaretur3

225 3365 268 3414 eat,
277 3359 317 3419 qul
328 3361 435 3407 credimu’
445 3375 515 3421 porro
526 3360 629 3406 Divitias
641 3360 701 3406 allas
712 3362 765 3405 ani·
797 3374 853 3406 cum
865 3374 897 3406 ex
908 3358 962 3434 ipsa
975 3359 1044 3422 Ignis
1052 3367 1140 3407 natura
1146 3369 1289 3407 remanente
1298 3359 1337 3406 in·

226 3439 286 3468 mam
297 3423 329 3470 nt
339 3427 429 3484 explere
439 3427 544 3482 potesse?
747 3436 748 3439 ’
797 3423 886 3471 columi
899 3423 961 3471 mhil
972 3423 1025 3472 fieri
1037 3433 1127 3488 prater
1142 3426 1230 3487 Ignem
1246 3431 1336 3488 posset.

259 3485 313 3535 667.
340 3486 445 3550 Stingni]
471 3487 529 3546 Alii,
552 3491 656 3552 stringi:
685 3487 763 3552 impe·
798 3488 896 3537 Deinde
923 3489 1072 3536 sententiam
1094 3488 1197 3552 Epicuri
1219 3487 1335 3551 exponit;

225 3549 280 3596 rite.
797 3553 908 3616 quaedam
929 3553 973 3601 viz.
994 3553 1146 3617 Corpuscula
1165 3552 1233 3601 nulla
1249 3553 1336 3608 forma,

260 3614 323 3662 lbid.
335 3615 485 3678 Matnreqne]
494 3615 553 3674 Alii,
560 3633 711 3678 massamque,
718 3616 735 3664 i.
743 3632 763 3665 e.
797 3632 869 3680 quam
881 3631 968 3665 sensus
977 3617 1105 3681 percipere
1113 3617 1217 3674 valeant,
1227 3615 1337 3680 praedita,

224 3680 324 3726 solidare
336 3690 361 3726 et
371 3683 543 3742 constringere:
560 3690 585 3728 at
601 3688 691 3728 mutare
707 3696 763 3744 pro-
797 3696 879 3728 rerum
891 3695 945 3728 esse
956 3680 1085 3744 principia,
1097 3690 1123 3727 et
1139 3696 1171 3728 ex
1183 3680 1215 3728 iis
1233 3680 1336 3730 diversi·

225 3741 293 3790 babit
303 3742 345 3804 qui
357 3758 379 3791 v.
392 3744 447 3793 671.
459 3743 526 3806 legit
797 3744 869 3792 mode
880 3743 1024 3792 coeuntibus
1035 3755 1085 3792 tam
1099 3744 1180 3806 Ignes,
1192 3759 1265 3807 quam
1277 3744 1336 3793 reli·

258 3807 313 3854 668.
330 3805 473 3868 Reparcent]
484 3806 543 3864 Alii,
553 3815 676 3868 reportent.
703 3807 763 3866 Alii,
797 3823 844 3871 qua
856 3807 938 3856 omnia
949 3808 1015 3856 oriri.

222 3878 345 3932 receptent,
371 3872 506 3932 Reparcent,
516 3871 599 3926 codd3
619 3887 713 3933 reparer
720 3887 764 3919 au·
831 3873 887 3929 681,
899 3873 955 3919 682.
972 3874 1054 3929 Abire,
1065 3875 1142 3935 Atque
1158 3872 1220 3935 alin]
1232 3873 1284 3921 Alii
1300 3874 1337 3922 le·

224 3942 274 3982 tem
295 3934 398 3984 eandem
417 3935 492 3983 habet
511 3935 562 3983 vim
581 3946 683 3998 propter
702 3935 764 3983 illud
796 3944 865 4000 gunt,
877 3938 958 3994 Adire,
971 3940 1048 3999 Atque
1059 3940 1112 3985 alio.

224 4015 295 4047 auum
306 4015 339 4056 re,
351 4015 424 4061 quam
436 3998 513 4047 multa
529 3998 576 4048 alia
588 4001 663 4049 verba
678 4008 706 4048 ut
725 4017 762 4048 re·
828 4001 884 4048 683.
902 4003 929 4048 a·
939 4000 1027 4063 tamen]
1042 4002 1080 4049 lta
1092 4002 1227 4051 Lambinus
1238 4017 1270 4050 ex
1280 4003 1336 4066 qui·

225 4065 278 4120 lino,
290 4067 375 4126 refigm·
392 4078 450 4111 nam
461 4066 534 4111 telino
550 4079 600 4111 non
616 4072 654 4112 eat
673 4064 762 4112 iterum
795 4065 897 4114 busdam
904 4064 973 4112 codd
979 4065 1031 4113 arii
1039 4066 1109 4115 codd.
1115 4070 1141 4115 81
1148 4075 1253 4122 tantum
1269 4067 1336 4115 unde

224 4127 282 4185 lino,
295 4127 337 4176 sed
349 4127 375 4176 id
383 4127 447 4190 quod
459 4137 512 4175 erat
521 4127 593 4175 litum
607 4128 721 4191 detergo:
738 4138 764 4177 at
796 4129 846 4186 alii,
855 4132 885 4177 Si
896 4131 995 4188 tandem,
1007 4129 1112 4180 libenter
1123 4131 1215 4195 legunt.

224 4192 390 4254 Latineparco
400 4194 512 4240 indicere
527 4191 650 4254 significat
664 4195 715 4241 nolo
725 4196 761 4241 dn·-
829 4194 885 4241 684.
905 4194 1055 4258 Onninodt'a]
1071 4196 1177 4250 Quidam
1188 4204 1273 4244 amant
1287 4213 1334 4244 on·

198 4260 204 4266 '
224 4273 291 4311 cerm
308 4257 389 4319 itaque
400 4254 578 4319 repcreosaoere
594 4256 717 4319 significat
733 4261 762 4306 11-
795 4260 914 4306 nimndas:
931 4257 1021 4321 aliique
1031 4264 1150 4309 rainadus
1158 4276 1207 4309 non
1221 4260 1336 4323 1131111111-

225 4321 380 4383 benterscer'o,
392 4331 434 4370 aut
445 4320 504 4384 quid
516 4320 571 4368 tale.
795 4322 854 4369 dum
868 4331 977 4370 censent.
