2872 4852
158 238 224 303 320
544 236 586 302 T.
617 236 884 303 LUCRETH

243 391 437 476 Incorrupta
452 390 522 456 iore
537 403 669 458 aeternae
683 377 836 458 mandata
852 391 965 457 saluti:

243 492 399 558 Attamen
414 494 577 560 interdum
592 517 738 580 praesens
754 495 801 559 vis
816 495 889 579 ipsa
903 493 1017 580 pericli

244 595 399 659 Subditat
413 595 501 661 hunc
517 595 680 661 stimulum
693 596 834 681 quadam
849 596 891 660 de
906 605 1001 680 parte
1017 596 1153 676 timoris,

242 697 298 762 Ne
311 697 451 782 pedibus
468 699 585 782 raptim
601 697 716 763 Tellus
733 700 901 763 subtracta
916 697 1040 762 feratur

178 811 226 858 605
242 797 280 862 In
295 799 495 876 barathrum,
511 821 684 883 rerumque
701 809 856 882 sequatur
869 800 1001 884 prodita
1015 800 1149 864 Summa

244 900 418 978 Funditus,
434 912 469 966 et
483 901 542 964 fiat
557 900 677 965 Mundi
691 899 826 965 confusa
840 902 944 965 ruina.

284 1003 384 1067 Nunc
398 1004 481 1068 ratio
495 1003 679 1080 reddunda,
695 1024 833 1088 augmen
848 1025 907 1068 cur
921 1003 1045 1068 nesciat
1059 1003 1205 1090 AEquor.

242 1103 418 1190 Principio,
434 1106 531 1170 Mare
544 1106 702 1171 mirantur
714 1128 781 1170 non
794 1105 934 1171 reddere
949 1106 1054 1190 majus

242 1205 415 1285 Naturam,
432 1229 498 1291 quo
513 1206 614 1271 tantu’
630 1207 703 1271 fuat
715 1207 874 1271 decursus
889 1228 1057 1291 aquarum,

178 1320 226 1368 61⁰
242 1308 361 1372 Omnia
376 1331 442 1393 quo
457 1308 586 1373 veniant
601 1331 643 1373 ex
658 1309 744 1372 omni
758 1307 907 1372 Flumina
921 1318 1032 1392 parte:

242 1409 343 1475 Adde
357 1433 457 1495 vagos
472 1411 614 1487 imbreis,
632 1420 907 1494 tempestatesque
923 1408 1097 1487 volantem,

243 1512 451 1598 Omnia'quae
466 1514 577 1588 maria,
593 1535 631 1576 ac
646 1522 751 1576 terras
767 1522 1001 1597 sparguntque,
1017 1511 1201 1596 rigantque.

240 1611 341 1678 Adde
358 1638 434 1679 suos
449 1614 584 1679 fonteis:
608 1624 716 1679 tamen
731 1614 774 1678 ad
790 1613 895 1677 Maris
911 1613 1016 1678 onmia
1031 1635 1188 1677 summam

241 1714 358 1779 Guttai
372 1718 427 1780 vix
438 1717 540 1780 instar
555 1726 651 1781 erunt
665 1717 760 1780 unius
776 1716 819 1780 ad
834 1738 992 1800 augmen:

175 1829 223 1876 615
240 1816 318 1890 Quo
332 1818 437 1882 minus
453 1828 505 1882 est
517 1819 644 1894 mirum,
661 1816 758 1881 Mare
772 1839 837 1880 non
853 1837 1029 1901 augescere
1043 1838 1208 1900 magnum.

264 1979 266 1983 ,
283 1918 461 1996 Praeterea,
476 1941 625 2003 magnam
640 1916 698 1981 Sol
711 1929 837 2003 partem
851 1917 995 1983 detrahit
1009 1928 1109 1981 aestu:

241 2021 375 2105 Quippe
386 2021 532 2085 videmus
547 2019 632 2083 enim
647 2020 766 2084 vesteis
781 2019 918 2084 humore
932 2018 1111 2083 madenteis

240 2122 418 2186 Exsiccare
434 2122 500 2185 suis
514 2121 613 2184 radiis
628 2121 819 2210 ardentibus
836 2120 965 2186 Solem:

239 2220 287 2288 At
302 2222 424 2308 Pelage
439 2221 551 2301 multa,
568 2233 602 2287 et
614 2221 679 2286 late
693 2224 860 2296 substrata
874 2223 1031 2287 videmus.

174 2335 223 2383 620
237 2324 382 2390 Proinde
396 2324 473 2389 licet
488 2319 633 2407 quamvis
648 2346 689 2388 ex
704 2346 770 2387 uno
785 2345 916 2407 quoque
930 2322 1002 2388 loco
1018 2321 1076 2387 Sol

237 2426 395 2491 Humoris
410 2448 542 2510 parvam
556 2425 680 2491 delibet
694 2427 736 2490 ab
751 2447 882 2510 aequore
897 2434 1041 2509 partem:

239 2527 391 2613 Largiter
405 2528 438 2592 in
452 2538 544 2593 tanto
560 2528 666 2611 spatio
681 2538 789 2614 tamen
803 2526 930 2591 auferet
944 2526 1052 2589 undis.

280 2629 369 2693 Tum
382 2651 482 2713 porro
497 2627 599 2694 Venti
613 2650 762 2712 magnam
777 2649 907 2712 quoque
924 2627 1037 2692 tollere
1052 2635 1178 2711 partem

236 2728 393 2794 Humoris
408 2739 547 2814 possunt
561 2739 727 2794 verrentes
743 2751 876 2812 aequora
888 2729 996 2813 ponti:
1099 2806 1102 2810 ἡ

172 2840 220 2888 sat
236 2829 312 2893 Una
326 2816 421 2895 nocte
436 2832 503 2894 vias
519 2831 670 2915 quoniam
684 2852 833 2914 persaepe
848 2829 995 2894 videmus

161 2976 164 2980 -
236 2931 371 3007 Siocari,
386 2929 555 3014 mollisque
570 2930 630 2993 luti
642 2952 851 2995 concrescere
866 2941 1005 2999 crustas.

279 3031 457 3109 Praeterea,
474 3031 570 3095 docui
585 3029 720 3095 multum
736 3053 866 3116 quoque
881 3030 994 3096 tollere
1009 3029 1139 3096 Nubeis

236 3132 417 3198 Humorem
431 3153 548 3216 magno
560 3141 753 3216 conceptum
767 3154 809 3196 ex
824 3153 954 3216 aequore
970 3131 1081 3215 ponti:

235 3234 284 3300 Et
297 3236 417 3320 passim
433 3245 502 3300 toto
517 3244 676 3299 terrarum
692 3255 846 3320 spargere
861 3233 895 3296 in
910 3234 1002 3311 orbe,

149 3451 224 3502 totius
233 3452 357 3517 compagis
365 3453 549 3503 dissolutionem
557 3461 582 3501 et
589 3450 684 3502 ruinam
719 3451 761 3509 tio,
769 3467 790 3501 v.
798 3453 821 3501 4.
831 3452 934 3501 multum
944 3451 1012 3502 venti
1019 3451 1138 3500 auferunt.
1153 3452 1259 3514 Quarto,

151 3516 245 3565 timent
718 3532 741 3563 v.
754 3517 777 3563 4.
790 3517 867 3565 nubes
877 3516 983 3581 rapiunt.
1018 3516 1139 3579 Denique,
1150 3532 1173 3565 v.
1187 3518 1209 3564 8.
1227 3526 1261 3567 ut

184 3579 247 3629 lbiu
260 3579 360 3629 Proinde
375 3584 435 3638 licet,
448 3579 561 3643 quamvis]
579 3580 686 3630 Proinde
718 3579 787 3628 fluvii
803 3580 830 3628 in
841 3595 908 3628 mare
920 3581 1058 3638 decurrunt,
1075 3579 1112 3629 ita
1127 3596 1172 3644 per
1183 3588 1273 3630 tertre-

150 3643 313 3705 quamtumvis
324 3644 397 3692 licet:
414 3648 547 3693 Lambinus.
717 3652 812 3692 meatus
828 3645 859 3700 ad
875 3645 955 3693 fontes
971 3659 1029 3693 suos
1044 3645 1200 3701 relabuntun
1219 3643 1258 3694 ita

183 3706 238 3756 607.
249 3708 517 3766 Noncrottoreddaodo,
526 3706 583 3769 etc]
592 3708 683 3762 Quam·
717 3707 746 3755 fit
761 3707 870 3757 humoris
885 3709 993 3771 ejusdem
1010 3708 1133 3766 circuitus,
1150 3708 1258 3772 ideoque

150 3771 233 3818 obrem
243 3785 275 3817 ert
286 3779 328 3827 tot,
341 3779 511 3835 tantommque
519 3771 647 3820 fluminum
657 3771 684 3822 in
717 3771 818 3821 minime
829 3772 967 3821 mirandum
976 3773 1041 3836 quod
1052 3788 1136 3836 oequor
1147 3787 1197 3820 non
1209 3788 1257 3824 au·

149 3849 216 3883 mare
233 3833 405 3882 exoneratione
421 3850 488 3883 mare
504 3851 553 3883 non
568 3835 682 3892 exundet,
715 3845 795 3899 getur.

148 3899 412 3950 tivenonexcrescatt
438 3899 580 3963 Respondet
591 3899 681 3948 Lucre·
748 3901 804 3949 609.
829 3903 878 3953 Quo
900 3903 974 3951 tontu'
990 3899 1060 3964 suot]
1084 3900 1143 3960 Alii,
1162 3917 1207 3963 quo
1222 3904 1259 3964 fit

150 3961 207 4020 tius,
232 3976 252 4009 v.
273 3963 295 4009 8.
340 3961 391 4009 Ista
408 3978 497 4025 vorago
518 3961 545 4010 in
566 3977 637 4024 quam
655 3963 685 4012 fit
716 3971 801 4013 tantos.

149 4025 278 4079 fluminum
289 4023 374 4073 effusio
391 4034 440 4074 tam
455 4035 524 4074 vasta
535 4035 579 4083 est,
591 4035 619 4074 ut
630 4042 681 4076 om·
749 4029 804 4076 619.
821 4027 919 4092 Peloge]
940 4029 992 4078 Lib.
1007 4030 1038 4077 V.
1055 4044 1077 4077 v.
1097 4029 1136 4077 86.
1155 4029 1259 4091 Propter

150 4090 296 4141 nisillorum
304 4089 419 4138 decursus
429 4104 480 4137 una
490 4105 546 4137 cum
557 4089 682 4151 imbribus,
716 4096 857 4141 Atloatoeam
890 4095 963 4150 littus,
997 4093 1135 4157 Pelageque
1167 4109 1256 4143 moero.

150 4155 216 4213 nive,
235 4153 360 4218 grandine,
378 4162 424 4202 etc.
441 4153 483 4201 vix
500 4169 573 4202 unam
589 4164 684 4217 guttam
717 4157 818 4206 Frustra
832 4155 908 4220 igitur
918 4155 955 4204 illi
966 4167 1031 4216 tunt,
1043 4157 1086 4220 qui
1101 4157 1194 4222 legunt,
1206 4159 1256 4208 re-

150 4219 278 4269 infundere
289 4218 407 4268 videatur.
437 4217 541 4276 Deinde,
553 4233 576 4266 v.
590 4217 612 4268 7.
624 4219 684 4269 sole
716 4223 856 4285 togimalto.

149 4284 212 4353 muri
222 4283 272 4340 alto
282 4283 386 4334 multum
396 4282 506 4333 humoris
516 4281 605 4332 evehit
623 4283 683 4332 Ter·
776 4334 778 4339 ,
