2872 4852
216 238 263 299 12.
296 265 331 306 ,·
572 232 639 299 ζΤ.
672 230 946 300 LUCRETII

302 391 468 456 Laetificos
483 401 625 475 nequeat
639 391 739 456 foetus
756 375 955 461 summittere
971 390 1088 469 tellus;

239 507 286 553 195
303 478 377 558 Nec
391 516 489 579 porro
505 505 631 560 secreta
645 496 718 559 cibo
733 505 849 558 natura
863 495 1061 558 animantum

304 596 493 681 Propagare
508 619 611 681 genus
627 597 742 681 possit,
759 597 920 680 vitamque
936 597 1039 660 tueri:

304 698 352 763 Ut
366 701 475 784 potius
490 698 598 763 multis
613 699 793 764 communia
809 698 957 782 Corpora
971 700 1071 762 rebus

304 801 413 866 Multa
427 811 523 887 putes
540 826 623 880 esse,
640 813 677 867 ut
692 803 800 867 verbis
817 801 989 865 Elementa
1003 801 1161 877 videmus,

305 904 413 978 Quam
429 905 497 968 sine
514 903 686 988 Principiis
701 904 797 968 ullam
812 925 880 968 rem
896 904 1037 968 existere
1052 925 1161 987 posse.

240 1020 288 1066 200
350 1007 515 1091 Denique,
533 1030 591 1071 cur
607 1007 767 1071 Homines
784 1016 890 1070 tantos
907 1016 1023 1070 natura
1038 1028 1154 1089 parare

305 1109 384 1172 Non
398 1110 516 1194 potuit,
532 1110 672 1195 pedibus
688 1111 744 1194 qui
759 1120 895 1194 pontum
910 1131 970 1193 per
984 1109 1068 1171 vada
1083 1118 1219 1192 possent

304 1211 472 1289 Transire,
489 1222 523 1276 et
536 1233 671 1297 magnos
685 1215 835 1278 manibus
851 1211 1005 1276 divellere
1021 1211 1171 1286 monteiS,

304 1313 476 1399 Multaque
492 1315 630 1378 vivendo
644 1313 752 1378 vitalia
767 1316 895 1379 vincere
912 1312 1025 1378 saecla:

304 1417 341 1481 Si
355 1441 419 1482 non
436 1417 595 1484 Materies
610 1420 687 1504 quia
701 1420 800 1482 rebus
813 1418 945 1482 reddita
960 1426 1050 1482 certa
1064 1417 1104 1480 ’st

240 1532 287 1578 205
306 1521 505 1606 Gignundis,
523 1544 541 1585 e
556 1544 622 1605 qua
636 1531 764 1585 constat
779 1522 858 1605 quid
873 1521 979 1605 possit
994 1519 1092 1582 oriri?

304 1623 375 1687 Nm
391 1624 490 1707 igitur
504 1623 577 1687 fieri
592 1624 633 1687 de
650 1624 742 1687 Nmo
758 1645 856 1707 posse
872 1622 1040 1686 fatendum
1054 1622 1113 1684 'stt

306 1725 435 1789 Semine
451 1727 583 1809 quando
598 1749 680 1810 opus
696 1735 747 1789 est
762 1727 872 1802 rebus,
889 1748 955 1809 quo
971 1747 1110 1809 quaeque
1125 1734 1244 1788 creatae

307 1827 404 1890 Aeris
419 1829 453 1890 in
467 1838 595 1892 teneras
611 1828 738 1912 possint
753 1827 929 1912 proferrier
945 1849 1051 1890 auras

350 1930 532 2008 Postremo,
549 1932 700 2014 quoniam
716 1928 851 1994 Incultis
868 1939 1026 2013 praestare
1041 1929 1186 1992 videmus

241 2054 290 2099 210
309 2031 406 2097 Culta
419 2031 501 2109 loca,
519 2044 552 2097 et
566 2033 714 2098 manibus
730 2030 878 2096 meliores
894 2032 1034 2096 reddere
1048 2031 1167 2109 foetus3

171 2121 173 2128 ,
307 2136 393 2199 Esse
407 2134 557 2199 videlicet
571 2136 604 2198 in
615 2135 710 2199 terris
726 2134 909 2198 Primordia
924 2158 1043 2211 rerum,

308 2238 393 2312 Quae
409 2261 479 2315 nos,
496 2237 665 2302 foecundas
680 2247 845 2301 vertentes
860 2261 990 2302 vomere
1005 2236 1130 2322 glebas,

306 2340 490 2427 Terraique
506 2341 608 2406 solum
625 2341 825 2425 subigentes,
844 2342 944 2406 cimus
961 2342 1003 2405 ad
1019 2350 1121 2405 ortus,

220 2558 310 2614 vivere,
323 2558 377 2620 quis
389 2568 438 2606 tam
451 2559 549 2623 ineptus
564 2567 602 2607 est
619 2559 660 2620 qui
676 2559 760 2606 credat
826 2561 880 2607 209.
917 2558 1040 2614 Postremo,
1068 2556 1125 2620 etc]
1154 2558 1339 2604 Observaverat

221 2622 346 2670 Animalia
360 2623 400 2670 vel
416 2623 499 2684 fruges
517 2639 530 2669 0
549 2626 631 2670 Nihilo
649 2623 759 2685 produci,
793 2624 869 2670 Poeta
885 2624 986 2684 Fruges,
999 2622 1113 2677 Arbores,
1133 2622 1273 2682 Floresque,
1286 2629 1336 2669 etc.

220 2700 276 2732 cum
288 2685 369 2733 videat
379 2687 509 2733 Materiam
523 2695 548 2733 et
558 2687 721 2749 producendis
735 2696 760 2734 et
792 2687 899 2733 humana
916 2684 1038 2733 industria
1054 2685 1167 2734 meliores
1186 2695 1210 2734 et
1227 2685 1337 2734 latiores

221 2748 315 2796 alendis
322 2751 394 2797 rebus
401 2750 514 2798 omnibus
521 2765 574 2798 esse
581 2752 757 2798 necessariam?
792 2750 853 2807 fieri,
866 2750 971 2811 indeque
980 2765 1003 2796 v.
1015 2748 1054 2796 nis
1065 2750 1085 2800 7.
1099 2751 1179 2813 arguit
1189 2751 1241 2798 haec
1250 2749 1338 2799 omnia

222 2814 277 2860 Imo
293 2813 375 2877 potius
392 2814 586 2862 concludendum
603 2823 647 2870 est,
666 2815 766 2863 semina·
793 2831 806 2863 0
819 2814 952 2862 latentibus
964 2813 1106 2875 quibusdam
1118 2815 1252 2863 seminibus
1264 2814 1336 2864 oriri.

222 2893 275 2927 esse
292 2879 402 2940 quaedam
420 2894 433 2925 e
449 2878 536 2940 quibus
553 2895 600 2936 res,
617 2888 645 2926 ut
660 2895 731 2928 voces
746 2896 759 2927 0
793 2878 859 2933 Quid
873 2878 938 2926 enim
955 2879 1082 2943 prodesset
1098 2879 1166 2928 labor
1180 2880 1200 2928 si
1215 2895 1229 2927 e
1246 2879 1344 2928 Nihilo·

220 2941 305 2999 literis,
318 2953 502 3006 componantur.
792 2944 1003 3018 producerentur?
1029 2945 1113 2993 Vanus
1131 2944 1241 3008 profecto
1259 2954 1336 3002 esset,

254 3009 309 3055 200.
326 3010 431 3068 Denique
445 3024 494 3062 cur,
511 3007 568 3070 010]
586 3009 681 3057 Rursus
699 3025 720 3057 v.
736 3010 758 3057 9.
792 3007 935 3070 inritusque:
949 3008 1338 3072 010111111110000101001Ν11111

220 3071 302 3134 arguit
324 3087 337 3119 0
366 3073 458 3120 Rerum
483 3072 630 3121 naturalium
658 3073 760 3121 definita
792 3073 894 3121 coleret:
919 3073 968 3122 imo
985 3073 1047 3121 nihil
1058 3073 1161 3138 impedit
1174 3074 1232 3136 quin
1249 3073 1336 3136 fruges

220 3135 389 3199 magnitudine
406 3147 431 3184 et
447 3137 582 3185 duratione.
619 3138 645 3185 Si
663 3137 728 3185 enim
746 3154 760 3186 e
793 3137 904 3185 eNihilo
915 3139 1045 3202 productas
1053 3149 1140 3202 sponte
1149 3155 1193 3187 sua
1201 3139 1337 3200 quotannis

221 3200 307 3250 Nihilo
329 3201 450 3249 Homines
469 3218 491 3249 v.
512 3217 535 3264 g.
559 3203 759 3265 producerentur,
792 3202 905 3250 meliores
918 3214 943 3251 et
953 3203 1058 3252 laetiores
1070 3203 1138 3252 nasci
1151 3203 1295 3252 videremus.

219 3267 285 3314 unde
294 3276 434 3314 constanter
445 3275 493 3314 tam
504 3266 588 3330 pusilli
598 3277 623 3314 01
634 3267 758 3315 imbelles?
826 3268 880 3314 210.
893 3267 1010 3330 Reddere]
1023 3271 1132 3326 Reddier,
1145 3268 1232 3316 Gitet
1244 3269 1285 3316 Pa.
1300 3284 1335 3317 ex

220 3332 292 3380 Unde
304 3331 385 3380 brevis
395 3331 452 3387 rita,
462 3341 596 3394 caeteraque
606 3332 707 3380 humani
715 3348 758 3394 ge·
791 3335 936 3394 conjectura.
971 3336 1054 3391 Reddi,
1067 3333 1208 3382 Lambinus.
1238 3334 1333 3382 Docet-

219 3397 287 3444 neris
299 3405 324 3444 et
333 3396 487 3445 incommoda
503 3405 528 3445 et
539 3396 614 3445 vitia?
633 3398 688 3445 dam
700 3413 759 3445 vero
792 3413 838 3459 que
862 3400 993 3462 Legendum
1015 3403 1049 3447 110
1071 3416 1118 3447 esre
1140 3402 1207 3446 libris
1229 3401 1334 3449 0010111110

219 3477 233 3508 0
256 3460 330 3508 certis
355 3461 489 3509 seminibus
517 3470 631 3525 certaque
657 3462 759 3510 materia
790 3464 1335 3525 10010000111001101101000101000011001

218 3525 287 3573 nasci
305 3525 427 3573 llomines
438 3526 559 3583 admittas,
573 3538 597 3575 ct
613 3528 665 3575 haec
677 3527 759 3575 omnia
790 3527 817 3575 in
829 3530 941 3578 omnibus
952 3528 1021 3577 libris
1032 3528 1090 3577 ferri
1103 3544 1151 3576 non
1163 3544 1241 3592 posse.
1262 3530 1332 3578 Dum

218 3589 355 3638 necessaria
372 3590 444 3653 plane
456 3601 536 3649 erunt,
548 3600 573 3638 et
584 3591 707 3656 explicatu
720 3592 756 3639 fa·
790 3609 847 3640 vero
862 3593 988 3642 innocenti
1005 3593 1181 3655 immeritaeque
1196 3593 1250 3641 voci
1266 3594 1331 3643 iras-

216 3653 280 3702 cilia.
789 3667 865 3714 catur,
877 3671 992 3713 veterem,
1005 3673 1077 3718 quam
1090 3673 1174 3706 omnes
1184 3658 1241 3706 libri
1252 3658 1332 3722 assig-

251 3721 306 3767 201.
319 3721 464 3781 Pontumper
472 3720 544 3784 cade]
556 3720 688 3769 Salmasius
697 3720 757 3785 legit
789 3731 856 3778 nant,
869 3723 951 3769 sedem
968 3721 1092 3783 possideat
1107 3726 1209 3771 reddere.
1243 3722 1332 3786 Aliqui

215 3792 294 3846 pontu,
311 3783 327 3831 i.
346 3800 366 3832 e.
384 3783 480 3842 πόντου,
497 3796 526 3834 01
542 3786 606 3834 idem
628 3786 756 3834 Lucretius
789 3785 845 3833 libri
858 3789 945 3834 dicier:
964 3787 1063 3834 Parcus.

214 3851 304 3912 pelage,
322 3849 338 3896 i.
351 3865 372 3896 e.
390 3847 487 3910 πελάγη
503 3851 568 3898 dixit
583 3851 624 3897 lib.
637 3852 667 3898 V.
680 3867 702 3898 v.
716 3852 754 3899 36.
822 3849 1076 3913 1110000110001]
1093 3851 1134 3900 Sic
1146 3868 1210 3917 sape
1223 3853 1329 3913 Ennius,

216 3922 242 3961 et
259 3914 275 3961 l.
295 3913 339 3961 VI.
358 3930 379 3962 v.
394 3915 448 3961 619.
461 3925 487 3962 at
497 3917 588 3964 rectius
606 3915 692 3972 Faber,
706 3916 756 3963 noli
790 3915 869 3963 Plaut.
882 3925 907 3964 et
918 3915 986 3962 Tert.
999 3926 1024 3962 et
1035 3916 1123 3964 Salust.
1157 3917 1328 3980 1011011010-

215 3978 281 4026 hunc
292 3978 372 4026 locum
384 3978 419 4026 ita
430 3979 587 4042 interpretari
597 3980 665 4042 quasi
677 3979 754 4028 dixis·
788 3997 846 4037 rum,
858 3982 964 4029 videlicet
980 3982 1004 4026 10
1024 3982 1096 4028 Terra
1111 3986 1215 4043 reperiri,
1227 3991 1270 4030 010.
1283 3999 1329 4032 ne·

215 4053 253 4091 set
262 4060 305 4105 per
313 4047 379 4104 ponti
389 4046 456 4091 eade.
490 4045 562 4098 Quod
580 4044 645 4092 enim
660 4045 754 4092 Salma-
788 4060 835 4107 que
847 4044 913 4092 enim
925 4043 990 4106 quod
1001 4044 1130 4106 aliquando
1144 4047 1240 4110 putavit
1252 4049 1328 4097 Lam-

215 4107 267 4156 0100
278 4109 343 4156 hunc
352 4123 450 4156 versum
459 4109 618 4172 depravatum
628 4109 755 4170 judicavit,
788 4109 860 4157 binus
875 4125 888 4156 r
920 4108 954 4157 eti
970 4108 1043 4156 debet
1055 4109 1101 4158 tet
1117 4114 1195 4159 κοινοῦ
1203 4111 1329 4173 fatendam

215 4189 264 4221 non
277 4173 332 4220 ideo
344 4172 439 4220 facilius
451 4173 604 4221 crediderim.
788 4181 829 4222 est.
864 4174 896 4221 Vi
914 4210 920 4222 .
933 4173 974 4221 lib.
990 4173 1025 4220 ll.
1039 4190 1060 4221 v.
1073 4175 1128 4222 468.

247 4240 302 4287 203.
323 4237 430 4300 Vincere]
446 4239 533 4296 Vivere,
548 4239 639 4301 Fayus:
658 4255 706 4287 vox
716 4238 754 4286 ni·
821 4239 875 4285 213.
892 4241 1017 4299 Terraique
1028 4237 1111 4299 001100]
1130 4242 1231 4288 Terram.
1267 4242 1327 4292 Fes-

214 4303 267 4352 bili.
789 4313 828 4351 tus
845 4303 978 4366 Pompeius
994 4306 1065 4351 selum
1080 4303 1187 4352 Terram.
1222 4306 1327 4366 Ennius,
