2872 4852
208 239 275 311 220
573 235 636 301 ·T.
662 235 933 316 LUCRETII

298 392 379 459 lnde
396 390 558 482 Voluntas
572 391 628 470 fit,
652 414 759 477 neque
775 392 859 456 enim
874 391 982 456 facere
998 390 1110 474 incipit
1125 390 1222 454 ullam

298 494 384 559 Rem
399 494 581 579 quisquam,
598 516 696 577 quam
711 492 811 557 Mens
825 493 979 577 providit,
994 492 1074 576 quid
1090 490 1178 570 velit,
1195 503 1281 556 ante.

296 594 355 672 At,
372 595 460 680 quod
476 595 639 679 providet,
655 595 739 659 illius
754 595 802 658 rei
816 604 944 658 constat
959 594 1082 678 Imago.

298 698 392 783 Ergo
406 695 545 761 Animus
562 719 635 761 curn
652 719 722 762 sese
737 698 782 760 ita
797 706 986 773 commovet,
1003 707 1040 759 ut
1054 695 1131 760 velit
1146 697 1205 773 ire,

233 813 280 860 88⁵
300 799 403 884 lnque
418 798 523 882 gredi,
539 797 614 862 ferit
628 797 804 882 extemplo,
820 821 893 882 quae
909 799 941 861 in
957 797 1106 882 Corpore
1121 808 1191 861 toto

298 902 364 965 Per
377 902 533 977 membra,
550 910 647 984 atque
662 910 764 976 artus
780 898 912 962 Animai
926 900 1040 963 dissita
1054 900 1101 962 vis
1117 909 1167 963 est
1180 924 1187 962 :
1225 966 1227 971 ,

298 1004 345 1067 Et
360 1002 453 1067 facile
468 1002 509 1066 'st
524 1001 624 1079 factu,
641 1002 792 1085 quoniam
808 1002 982 1085 conjuncta
996 1010 1136 1065 tenetur.

298 1104 379 1168 lnde
394 1126 433 1167 ea
448 1125 609 1188 proporro
625 1102 754 1186 Corpus
770 1101 856 1178 ferit,
873 1112 971 1185 atque
986 1102 1032 1164 ita
1047 1112 1116 1165 tota

299 1204 472 1270 Paullatim
485 1203 586 1269 moles
601 1205 817 1289 protruditur,
835 1213 933 1286 atque
948 1213 1106 1268 movetur.

235 1320 283 1367 890
342 1308 518 1384 Praeterea,
535 1317 603 1371 tum
617 1306 753 1370 rarescit
768 1326 898 1388 quoque
914 1304 1055 1388 Corpus,
1071 1314 1104 1369 et
1121 1305 1203 1381 Ae'r,

297 1408 428 1474 Scilicet
443 1419 480 1472 ut
494 1409 595 1472 debet
610 1408 666 1492 qui
681 1429 809 1490 semper
823 1405 949 1470 mobilis
965 1416 1085 1482 exstat,

299 1511 365 1576 Per
379 1509 543 1595 patefacta
559 1510 657 1586 venit,
672 1517 889 1593 penetratque
904 1506 1061 1570 foramina
1077 1507 1186 1592 largus
1201 1535 1208 1586 3

299 1612 346 1676 Et
361 1611 561 1696 dispergitur
576 1611 619 1674 ad
633 1610 755 1694 parteis
771 1610 816 1672 ita
829 1632 976 1694 quasque
991 1611 1130 1673 minutas

298 1713 473 1797 Corporis:
496 1711 572 1775 hinc
587 1712 686 1794 igitur
701 1711 800 1773 rebus
815 1709 853 1773 fit
868 1711 1021 1794 utrinque
1037 1711 1177 1788 duabuS,

234 1828 281 1876 895
299 1814 429 1898 Corpus
445 1813 503 1890 uti,
518 1824 555 1877 ut
570 1813 674 1876 Navis
690 1811 780 1889 velis,
796 1822 970 1895 ventoque,
987 1811 1121 1877 feratur.
1208 1887 1211 1892 Ι

340 1915 415 1980 Nec
430 1925 539 1979 tamen
553 1912 633 1977 illud
649 1915 681 1976 in
696 1911 747 1976 his
763 1915 862 1977 rebus
878 1913 1023 1978 mirabile
1038 1924 1176 1992 constat,

298 2016 442 2081 Tantula
456 2017 545 2101 quod
562 2026 687 2080 tantum
703 2013 832 2098 Corpus
848 2013 1052 2098 Corpuscula
1066 2018 1193 2100 possint

298 2119 535 2203 Contorquere,
551 2127 585 2182 et
600 2140 681 2182 onus
697 2126 800 2180 totum
816 2129 1005 2181 convertere
1021 2128 1178 2182 nostrum.

298 2222 433 2306 Quippe
449 2220 567 2284 etenim
582 2218 711 2283 Ventus
728 2216 838 2281 subtili
854 2239 990 2300 corpore
1006 2219 1112 2281 tenuis
1186 2288 1189 2291 Α

234 2337 282 2384 900
301 2324 424 2388 Trudit
439 2344 540 2406 agens
555 2343 706 2405 magnam
720 2342 839 2404 magno
853 2318 1014 2383 molimine
1030 2319 1168 2398 Navim;

304 2426 351 2490 Et
363 2447 481 2510 ,manus
497 2425 662 2514 unaregit
677 2422 848 2507 quantovis
863 2421 984 2504 impete
1000 2434 1148 2486 euntem:

301 2527 413 2612 Atque
429 2525 675 2591 Gubernaclum
690 2521 884 2607 contorquet
898 2522 1044 2606 quolibet
1059 2547 1169 2590 unum.

302 2627 476 2711 Multaque
491 2648 551 2711 per
565 2624 740 2700 trochleas,
756 2635 790 2688 et
805 2635 957 2709 tympana
973 2626 1119 2709 pondere
1133 2650 1251 2712 magno

302 2728 502 2804 Commouet,
519 2737 617 2810 atque
633 2727 694 2790 levi
710 2724 850 2789 sustollit
867 2725 1023 2790 Machina
1034 2729 1118 2792 nisu.

236 2843 283 2891 905
342 2830 443 2894 Nunc
458 2829 578 2912 quibus
592 2827 644 2893 ille
659 2823 763 2891 modis
780 2827 919 2890 Somnus
936 2851 995 2911 per
1011 2820 1154 2894 membra
1169 2832 1312 2915 quietern

247 2973 303 3020 883.
320 2975 361 3030 Ar,
379 2972 439 3034 quod
454 2972 567 3033 providet,
589 2969 646 3032 etc]
669 2969 704 3017 At
726 2969 752 3017 id
817 2970 871 3017 905.
885 2972 954 3018 Nune
965 2975 1046 3034 quihus
1058 2975 1096 3022 ille
1105 2977 1183 3032 modis,
1193 2974 1249 3037 cto]
1259 2976 1325 3025 Ani-

214 3036 279 3100 quod
300 3050 369 3085 mens
387 3035 513 3100 praevidet,
532 3034 598 3083 illius
616 3035 659 3092 rei,
679 3049 752 3096 quam
784 3034 833 3081 mal
861 3035 973 3083 omnibus
1000 3052 1116 3085 sensuum
1141 3039 1326 3102 operationibus

214 3100 269 3166 quis
278 3101 357 3149 lacere
368 3099 482 3157 instituit,
494 3109 532 3146 est
542 3099 638 3161 imago:
656 3100 751 3146 Lumbi·
784 3098 939 3161 perfunctum
948 3099 974 3146 in
984 3101 1058 3149 cubili
1066 3102 1168 3150 collocat
1179 3104 1323 3162 Lucretium

214 3183 264 3214 nas.
293 3165 375 3214 Aliam
387 3162 541 3221 sententiam,
554 3172 579 3211 et
590 3179 661 3225 quam
672 3163 750 3212 verio-
785 3178 834 3210 non
842 3173 922 3210 tamen
931 3163 1028 3223 deserit,
1039 3166 1081 3214 sed
1090 3167 1149 3214 dum
1156 3167 1252 3226 dormit,
1263 3185 1323 3218 con-

213 3245 267 3279 rem
279 3231 399 3288 existimo,
412 3238 529 3291 sequutus
540 3243 602 3276 sum.
786 3228 924 3290 templatur,
936 3231 967 3276 de
978 3247 1052 3278 somno
1064 3247 1139 3292 usque
1151 3232 1182 3280 ad
1194 3249 1216 3280 v.
1230 3234 1285 3281 958.
1299 3243 1326 3283 et

246 3297 302 3344 890.
322 3298 380 3343 Tam
394 3292 505 3356 rarescit]
522 3291 682 3349 Animalium,
699 3307 753 3354 quae
786 3292 816 3339 de
827 3296 944 3340 insomniis
955 3293 1042 3355 quibus
1054 3295 1160 3357 agitatur
1168 3312 1245 3359 usque
1256 3299 1288 3346 ad
1300 3315 1323 3348 v.

213 3370 270 3408 sunt
281 3369 349 3408 motu
358 3359 465 3408 exercita
473 3357 575 3406 rarescit
582 3373 683 3421 corpus:
701 3356 750 3404 vid.
786 3359 855 3404 1030.
866 3357 1000 3420 disputans.
1024 3359 1129 3431 Somnps
1135 3369 1217 3408 autem
1225 3361 1258 3418 lit,
1267 3379 1326 3411 cum

214 3439 236 3471 v,
249 3425 304 3472 860,
783 3421 819 3469 ita
827 3421 986 3470 labefactatur
992 3423 1081 3482 anima,
1090 3433 1118 3475 ut
1126 3434 1194 3473 artus
1199 3424 1326 3474 suffulcire

246 3489 302 3536 894.
320 3491 383 3536 Hinc
394 3486 481 3551 igitar]
496 3490 543 3535 ffir
558 3490 639 3550 igitur,
658 3486 750 3534 Faber:
785 3501 835 3532 non
853 3486 938 3542 valeat,
959 3487 1052 3546 (anima
1071 3488 1136 3536 enim
1157 3498 1195 3536 ert
1214 3491 1326 3553 corporis

213 3560 239 3598 et
249 3567 322 3600 versu
333 3552 445 3614 sequenti
456 3567 500 3616 pro
511 3555 567 3599 veiis
578 3560 692 3613 ventoque,
707 3566 749 3613 op·
784 3549 1035 3612 fndamentum,)inde
1041 3554 1204 3601 membrorum
1212 3553 1324 3617 languor,

213 3613 273 3662 time
285 3616 390 3676 conjecit
401 3615 542 3663 Gassendus
558 3614 696 3677 legendum,
713 3630 750 3661 re·
784 3622 810 3660 et
821 3628 936 3661 sensuum
948 3615 1073 3663 remissio:
1092 3617 1156 3678 quod
1168 3632 1249 3666 autem
1266 3635 1324 3682 per-

213 3683 382 3739 miserataque,
399 3678 490 3740 alioqui
506 3682 562 3726 velis
580 3687 605 3726 et
621 3686 686 3725 vento
702 3692 752 3724 una
784 3677 896 3724 turbatur
908 3677 997 3733 anima,
1014 3678 1074 3726 illud
1091 3681 1188 3742 quidem
1207 3683 1324 3732 manifes-

214 3742 348 3803 eademque
365 3757 405 3789 res
425 3742 610 3804 significaretur.
640 3740 753 3789 Gilanius
786 3751 837 3788 tum
850 3751 894 3797 est,
907 3755 963 3787 nam
976 3756 1064 3804 corpus
1076 3745 1106 3790 ab
1118 3748 1172 3792 aire
1184 3756 1287 3795 externo
1299 3757 1326 3797 et

213 3821 279 3864 vero,
298 3808 404 3866 Corporis
420 3814 446 3852 ut
459 3809 507 3853 iroec
522 3810 587 3853 aava
603 3808 659 3852 velis
674 3812 751 3852 reato·
785 3805 815 3851 ab
827 3807 882 3851 aere
893 3803 1012 3866 inspirato
1021 3817 1140 3870 perpetuo
1151 3810 1324 3870 labefactatur:

212 3868 375 3934 weseram:
393 3868 483 3933 inepte.
785 3871 826 3916 aer
838 3867 904 3914 enim
916 3867 962 3914 iste
979 3884 1028 3916 non
1046 3880 1140 3920 tantum
1157 3875 1266 3938 corporis
1282 3893 1325 3925 su-

247 3935 303 3986 902.
323 3935 428 3984 Quolibet
447 3930 529 3993 anum]
550 3930 652 3979 Rectius
671 3931 752 3980 forsan
785 3931 910 3996 perficiem
931 3932 1002 3991 radit,
1025 3936 1068 3983 sed
1088 3952 1160 4000 poros
1181 3949 1207 3987 et
1228 3950 1326 3991 meatus

215 4013 287 4062 quam
304 4014 351 4045 aaa
367 3996 413 4044 viz.
434 4010 528 4053 manus,
548 3995 587 4042 vel
605 4011 663 4042 anus
683 3996 752 4044 navia
784 3995 921 4060 pervadens
933 3996 963 4043 ad
975 4008 1057 4060 partes
1068 4000 1167 4050 intimas
1178 4003 1325 4064 admittitur,

214 4072 301 4112 rector,
785 4075 874 4122 easque
895 4061 1013 4108 verberat.
1050 4063 1111 4111 Inde
1127 4066 1206 4128 prima
1221 4083 1326 4132 corpora

247 4129 303 4176 903.
319 4123 452 4187 Troclsbas]
466 4122 555 4185 Vulgo,
567 4124 654 4171 Poulie.
683 4125 750 4185 Tym-
785 4125 965 4187 disjunguntur,
976 4141 1077 4189 eamque
1085 4128 1273 4191 disjunctionem
1285 4134 1326 4198 ip-

211 4201 389 4254 pcnamautem
406 4195 513 4237 eurota
530 4203 544 4234 e
561 4185 645 4234 solidis
663 4187 751 4235 tabulis
784 4189 835 4236 sius
846 4188 933 4236 auimae
948 4189 1075 4240 dissolutio
1092 4203 1207 4255 sequatur
1223 4210 1325 4248 necesse

214 4257 284 4305 sacta.
784 4261 828 4310 est,
840 4252 874 4300 ita
885 4263 913 4300 ut
924 4268 980 4316 pars
993 4254 1109 4315 ejiciatur,
1123 4274 1180 4321 pars
1191 4256 1232 4322 (ut
1248 4261 1326 4312 Plinii
