2872 4852
437 240 609 305 LIBER
638 241 896 307 TERTIUS.

247 395 311 459 Est
324 396 419 458 etiam
431 395 532 461 ,Calor
548 396 599 460 ille
615 399 731 475 anima,
749 421 844 482 quem
860 399 957 462 sumit
971 400 1003 463 in
1018 401 1077 477 ira,

139 506 187 553 000
205 496 288 561 Cum
303 497 465 575 fervescit,
482 507 515 561 et
529 521 571 562 ex
587 497 687 562 oculis
703 501 800 565 micat
815 503 944 565 acribus
960 502 1067 566 ardor.

203 599 268 663 Est
282 610 315 663 et
330 598 448 684 frigida
463 599 564 664 multa
579 622 685 665 comes
699 602 879 666 formidinis
896 602 1007 667 Aura:
1048 610 1051 615 ’

203 702 289 775 Quae
304 704 367 767 ciet
381 702 549 766 horrorem
564 703 597 765 in
611 705 774 781 membris,
790 714 823 768 et
838 706 979 769 concitat
994 715 1094 769 artus.

202 804 266 868 Est
282 806 378 869 etiam
393 828 523 889 quoque
539 806 647 889 pacati
662 817 766 871 status
783 806 883 871 Aeris
899 807 963 884 ille,

203 905 341 971 Pectore
358 906 530 991 tranquillo
546 908 603 990 qui
617 907 666 984 fit,
683 907 837 991 voltuque
854 931 980 973 sereno.

137 1020 184 1066 295
203 1007 270 1072 Sed
287 1008 393 1073 Calidi
407 1008 480 1092 plus
497 1013 552 1072 est'
563 1008 635 1086 illis,
653 1011 770 1093 quibus
787 1011 874 1073 acria
889 1011 1001 1087 corda,

203 1109 430 1194 Iracundaque
445 1133 536 1174 mens
551 1108 645 1174 facile
661 1109 845 1174 effervescit
858 1111 890 1172 in
905 1111 974 1188 ira3

202 1212 279 1285 Quo
294 1234 414 1295 genere
432 1213 592 1295 inprimis
609 1213 656 1275 vis
671 1224 722 1277 est
736 1211 876 1277 violenta
892 1212 1052 1290 Leonum,

201 1313 341 1377 Pectora
357 1315 413 1397 qui
428 1313 558 1377 fremitu
573 1323 729 1397 rumpunt
742 1313 933 1398 plerumque
949 1325 1129 1398 gementes,

200 1413 275 1478 Nec
291 1436 408 1498 capere
422 1416 543 1478 irarum
557 1413 676 1478 fluctus
692 1414 725 1478 in
740 1424 874 1498 pectore
889 1426 1038 1499 possunt.

137 1528 184 1574 300
203 1514 250 1579 At
265 1515 415 1581 Ventosa
429 1516 531 1600 magis
547 1515 727 1580 Cervorum
741 1515 860 1600 frigida
874 1540 965 1581 mens
981 1528 1042 1595 est,

201 1618 247 1681 Et
261 1618 385 1702 gelidas
402 1619 496 1683 citius
512 1641 571 1703 per
586 1619 711 1683 viscera
725 1621 866 1683 concitat
882 1642 996 1696 auras3

202 1721 287 1794 Quae
302 1720 473 1785 tremulum
488 1721 611 1786 faciunt
626 1722 777 1785 membris
793 1723 934 1786 existere
949 1733 1082 1786 motum.

201 1821 248 1887 At
263 1834 379 1887 natura
396 1824 502 1888 Boum
516 1823 645 1908 placido
660 1825 763 1908 magis
778 1822 868 1889 Aere
884 1826 973 1903 vivit,

196 1924 271 1990 Nec
286 1926 379 1989 nimis
395 1926 454 1989 lrai
470 1925 525 1990 fax
540 1949 683 2010 unquam
699 1927 831 1991 subdita
846 1929 951 2011 percit

136 2039 183 2084 ³05
201 2027 339 2092 Fumida
356 2027 548 2091 suffundens
564 2049 660 2092 caecae
676 2027 820 2111 caliginis
835 2031 987 2106 umbras3

200 2130 273 2194 Nec
289 2129 388 2213 gelidi
404 2138 513 2212 torpet
528 2127 601 2192 telis
613 2128 742 2211 perfixa
756 2131 904 2213 pavoris:

198 2232 288 2296 Inter
303 2241 459 2314 utrosque
476 2231 537 2294 sita
552 2231 602 2305 'st,
619 2230 754 2307 Cervos,
772 2253 940 2315 saevosque
956 2231 1097 2296 Leones.

240 2333 295 2396 Sic
310 2332 489 2396 Hominum
503 2339 607 2415 genus
624 2341 685 2407 est,
702 2333 850 2415 quamvis
864 2332 1027 2396 Doctrina
1042 2333 1162 2416 politos

196 2435 383 2498 Constituat
398 2434 520 2516 pariter
535 2433 706 2517 quosdam,
722 2443 830 2497 tamen
845 2432 900 2496 illa
916 2433 1069 2518 relinquit

133 2551 181 2597 010
196 2537 337 2600 Naturae
350 2535 509 2619 cujusque
525 2532 652 2598 Animae
669 2535 806 2618 vestigia
820 2537 933 2619 prima.

199 2639 273 2703 Nec
287 2638 442 2703 radicitus
457 2637 550 2702 evelli
565 2636 648 2701 mala
663 2660 761 2721 posse
777 2638 958 2722 putandum
974 2639 1025 2715 'st,

144 2893 198 2940 289.
216 2894 261 2940 Est
272 2895 341 2940 etiam
355 2893 423 2940 Calor
434 2895 476 2945 ille
490 2895 572 2947 aalma,
590 2889 646 2952 eta]
681 2901 732 2939 tum
741 2891 868 2954 proclives,
878 2891 936 2940 dum
948 2891 990 2939 alii
999 2892 1120 2940 mansueti
1131 2891 1181 2941 siut
1190 2908 1219 2940 ac

66 3003 72 3008 ,
111 2956 151 3003 Ex
161 2957 236 3014 Aura,
249 2957 342 3013 Calore,
355 2965 380 3004 et
391 2957 455 3004 Aere
466 2955 570 3004 Animos
581 2972 647 3003 com·
680 2955 765 3004 mites:
784 2966 809 3004 et
820 2956 934 3018 quoniam
946 2957 998 3005 haec
1008 2957 1055 3005 tria
1066 2957 1218 3006 commisceri

111 3021 170 3084 poni
181 3023 275 3085 probat,
287 3037 310 3069 v.
324 3023 362 3068 35.
391 3020 515 3068 Admittas
533 3021 605 3079 anim,
623 3029 648 3068 et
681 3029 747 3069 tauta
760 3021 924 3070 varIetate'ob
939 3022 1059 3084 graduum
1075 3022 1219 3070 varietatem

111 3085 185 3134 variae
204 3085 346 3134 animalium
370 3085 499 3150 temperies
521 3085 647 3133 commode
680 3095 790 3148 possunt,
802 3085 859 3133 inde
871 3101 965 3134 morum
977 3086 1132 3135 diversitates
1145 3087 1218 3135 innu-

111 3151 228 3215 explicari
238 3159 348 3214 possunt.
376 3150 454 3207 Unde,
472 3167 494 3198 v.
512 3167 534 3213 g.
556 3153 600 3198 Leo
617 3150 648 3198 ad
680 3165 759 3198 meras
776 3151 852 3213 sequi.
887 3151 1045 3215 Philosophia
1061 3160 1142 3199 autem
1161 3151 1218 3200 viti-

110 3215 172 3263 iram
182 3215 320 3279 proclivior,
331 3214 379 3264 uisi
388 3216 453 3278 quod
464 3217 532 3263 Calor
543 3215 569 3262 in
582 3215 647 3263 illias
681 3230 746 3263 osam
770 3225 882 3263 naturam
905 3216 1030 3263 emendari
1057 3216 1218 3278 aliquatenus,

111 3279 202 3328 Animo
213 3280 335 3329 emineat?
359 3279 647 3328 Undecervorumtimi-
681 3280 724 3327 sed
735 3279 770 3327 ita
786 3289 813 3327 ut
825 3279 928 3342 vestigia
944 3280 1055 3342 quaedam
1071 3282 1115 3336 τῆς
1129 3277 1219 3328 Κακίας

111 3344 191 3392 ditant
210 3345 267 3407 quia
277 3345 303 3392 in
315 3345 412 3393 illorum
426 3345 562 3392 Animabus
579 3344 648 3391 Aura
680 3353 822 3391 remaneant
849 3344 951 3408 (quippe
974 3343 1086 3391 homiues
1108 3343 1219 3392 doctrina

111 3409 257 3458 dominatur.
297 3410 376 3458 Boum
402 3424 459 3456 vero
486 3408 648 3456 constantiam
681 3408 771 3455 exculti
780 3417 805 3456 et
814 3408 919 3456 maxime
927 3407 998 3471 politi
1007 3417 1064 3455 sunt
1075 3407 1220 3470 quibusdam

111 3489 190 3536 neque
200 3475 244 3522 irae
254 3473 328 3522 nimis
339 3489 419 3536 neque
430 3473 506 3521 metui
518 3472 648 3521 obnoxiam
680 3471 762 3536 pravis
773 3472 965 3520 affectationibus
977 3472 1102 3534 obnoxii);
1117 3472 1142 3520 id
1154 3473 1218 3536 quod

111 3539 171 3587 teri
182 3539 312 3602 tranquillo
323 3547 448 3602 acceptam
461 3537 565 3585 referas:
583 3537 647 3584 calo-
681 3552 730 3584 non
742 3536 860 3600 impediet
876 3553 924 3600 quo
941 3538 1022 3585 minus
1039 3537 1093 3599 quis
1109 3539 1218 3600 jucunde

111 3619 163 3651 reru
175 3604 240 3651 enim
253 3619 284 3651 ex
295 3603 352 3652 lrati
365 3602 441 3651 ocuIIs
454 3603 607 3660 emicantem,
625 3611 650 3648 et
682 3600 754 3650 vivat
1135 3637 1138 3641 .

110 3667 229 3716 sciatillas
240 3677 334 3716 tantum
347 3683 396 3716 non
408 3677 564 3731 erumpentes
582 3666 647 3715 vide·
715 3665 777 3714 lbid.
796 3670 841 3715 Est
857 3666 940 3730 ettam]
954 3670 1000 3716 Eat
1015 3671 1104 3727 etenira,
1123 3667 1217 3726 Fauen

110 3748 172 3781 mus.
201 3733 322 3781 Tremunt
332 3742 357 3780 et
367 3735 511 3780 horrescunt
524 3731 606 3788 cervi3
625 3740 651 3778 et
681 3731 772 3795 quippe
790 3747 874 3780 eorum
891 3733 1011 3781 rationem
1032 3732 1102 3781 affert
1119 3749 1173 3796 quae
1194 3751 1218 3783 v.

111 3797 242 3861 tranquilla
258 3807 295 3845 est
311 3799 384 3845 boum
400 3797 513 3860 gravitas.
546 3797 611 3854 Huc,
628 3795 649 3844 si
683 3795 737 3847 287.
750 3797 887 3860 scripserat,
900 3800 937 3846 Ne
951 3801 1065 3856 Calanae
1080 3801 1165 3847 Ventus
1182 3816 1218 3848 re·

111 3863 252 3911 Gassendus
271 3862 431 3925 permitteret,
452 3861 495 3910 illa
515 3877 528 3910 e
552 3862 648 3909 Stobseo
681 3878 762 3919 orsum,
785 3879 926 3925 seorsumque
946 3871 1055 3925 potestas,
1078 3865 1154 3921 Afris,
1175 3871 1218 3912 etc.

111 3927 239 3991 desumpta
257 3927 381 3984 referrem,
398 3926 427 3974 τὸ
443 3924 487 3986 μὲν
501 3927 593 3986 πνεῦμα
612 3925 647 3974 ul·
681 3927 851 3988 conjecturam
870 3944 919 3976 non
936 3927 1054 3992 improbo,
1074 3928 1118 3976 sed
1134 3928 1219 3991 inepta

112 4009 188 4050 νησιν,
200 3992 240 4040 ὅδε
250 3991 295 4054 ἀὴρ
306 3989 409 4054 ἠρεμίαν,
421 3991 450 4038 τὸ
462 3988 488 4038 δὲ
505 3990 588 4053 θερμὸν
604 3990 649 4048 τὴν
681 3991 743 4038 ratio
755 4007 826 4053 quam
838 3992 943 4040 adducit

111 4055 255 4119 φαινομένην
263 4054 397 4119 θερμότητα
404 4057 448 4103 τοῦ
457 4055 573 4115 σώματος,
583 4053 612 4102 τὸ
623 4053 649 4102 δὲ
715 4057 769 4104 290.
787 4057 900 4119 Acribus]
911 4056 1037 4119 Virgilius,
1046 4056 1109 4104 XII.
1118 4055 1217 4104 AEneid.

111 4120 306 4183 ἆκατονομαστδν
321 4120 367 4178 τὴν
384 4122 410 4169 ἐν
426 4118 481 4180 ἡμῖν
496 4121 581 4180 ἐμπνεῖ
595 4120 646 4168 alcr-
684 4121 780 4183 Totoque
800 4124 903 4170 ardentes
925 4126 955 4170 ab
977 4138 1015 4169 ore
1040 4123 1151 4168 Scintilla
1175 4123 1217 4166 ab·

112 4189 187 4244 θησιν.
227 4185 324 4234 Deinde
352 4185 379 4233 in
407 4185 546 4233 hominibus
574 4184 648 4232 etiam
680 4188 772 4243 sistant,
790 4190 860 4234 oculta
874 4191 944 4235 micat
960 4185 1056 4234 acribus
1072 4187 1144 4246 Ignts.
1173 4182 1218 4229 Gi·

111 4250 209 4314 aliquod
217 4252 304 4299 horum
317 4249 390 4298 triam
404 4249 613 4306 dommaridocet‚
627 4265 647 4296 v.
682 4249 762 4298 fanias
779 4261 868 4309 tamen,
880 4256 965 4300 aerius.
977 4250 1035 4297 Ver.
1053 4249 1108 4296 295.
1146 4248 1219 4295 Aeria

114 4316 151 4364 16.
179 4316 286 4372 Quidam
299 4314 364 4363 enim
377 4315 407 4363 ad
418 4314 487 4373 iram,
500 4314 541 4363 alii
553 4314 584 4362 ad
599 4329 650 4362 me·
684 4317 760 4362 00000.
