2872 4852
147 223 212 287 328
528 220 571 285 T.
605 218 875 284 LUCRETII

234 377 362 441 Nidore
378 375 516 440 offendit
532 376 637 439 nareis
654 376 803 458 consopit
818 375 951 451 ibidem,

235 479 389 563 Dejicere
404 489 440 542 ut
455 500 577 561 pronos
592 477 649 561 qui
664 477 796 540 morbus
813 498 899 559 saepe
916 477 1031 539 suevit.

277 581 500 664 Castoreoque
516 580 607 664 gravi
623 578 745 642 Mulier
760 578 866 662 sopita
880 579 1051 656 recumbit,

171 696 218 746 795
238 683 285 746 Et
299 683 448 746 manibus
464 681 600 745 nitidum
617 681 735 764 teneris
752 702 835 764 opus
851 678 955 744 effluit
969 681 1024 763 eij,

237 785 402 869 Tempore
418 806 457 848 eo
473 785 500 847 si
515 784 651 847 odorata
666 784 717 860 ’st,
732 804 798 866 quo
812 792 978 846 menstrua
994 781 1099 846 solvit.

281 885 454 970 Multaque
468 895 629 970 praeterea
643 883 830 968 languentia
845 886 988 949 membra
1001 906 1062 968 per
1076 893 1170 947 artus

239 986 387 1064 Solvunt,
403 997 502 1070 atque
517 985 669 1050 Animam
682 985 880 1050 labefactant
895 986 1028 1050 sedibus
1043 986 1142 1051 intus.

268 1089 446 1174 Denique,
464 1090 491 1174 si
505 1091 538 1153 in
553 1089 665 1154 calidis
680 1089 775 1152 etiam
792 1099 943 1153 cunctere
958 1087 1106 1164 lavacris,

175 1206 222 1251 800
241 1191 371 1255 Plenior
387 1202 420 1256 et
435 1191 515 1255 solio
530 1192 561 1254 in
577 1190 677 1255 fueris
692 1190 845 1255 ferventis
861 1194 974 1275 aquai:

240 1293 349 1366 Quam
363 1293 456 1358 facile
471 1294 504 1356 in
520 1293 626 1357 medio
642 1291 680 1355 fit
692 1294 740 1357 uti
756 1293 814 1356 des
830 1316 918 1378 saepe
932 1293 1063 1357 ruinas?

284 1395 535 1480 Carbonumque
550 1395 658 1479 gravis
675 1395 733 1471 vis,
750 1405 848 1478 atque
864 1396 945 1458 odor
960 1395 1141 1459 insinuatur

243 1497 352 1570 Quam
366 1497 458 1563 facile
475 1500 507 1562 in
522 1499 704 1574 cerebrum,
720 1498 782 1561 nisi
796 1520 913 1582 aquam
928 1497 1142 1582 praecepimus
1159 1499 1270 1561 ante?

285 1598 332 1664 At
348 1622 421 1663 cum
435 1601 579 1664 membra
593 1599 731 1663 hominis
748 1601 896 1685 percepit
910 1598 1036 1664 fervida
1049 1597 1163 1675 febris,

177 1714 224 1759 005
243 1701 329 1764 Tum
344 1701 384 1764 fit
398 1701 480 1766 odor
495 1700 574 1765 Vini
588 1700 693 1786 plagae
708 1701 886 1766 mactabilis
900 1702 1013 1766 instar.

285 1803 406 1867 Nonne
417 1804 508 1868 vides
524 1805 620 1867 etiam
635 1815 723 1869 terra
737 1828 868 1889 quoque
884 1803 997 1869 Sulfur
1011 1805 1045 1868 in
1059 1805 1130 1889 ipsa

242 1903 403 1988 Gignierl
426 1915 460 1968 et
475 1916 561 1970 tetro
576 1927 788 1972 concrescere
804 1909 905 1972 odore
921 1908 1096 1972 Bitumen?

286 2006 439 2091 Denique
455 2008 512 2071 ubi
527 2006 668 2092 Argenti
682 2032 792 2087 venas,
810 2009 958 2094 Aurique
975 2020 1169 2094 sequuntur,

242 2107 361 2173 Terrai
376 2109 506 2194 penitus
523 2121 705 2175 scrutantes
721 2113 832 2178 abdita
846 2111 952 2177 ferro:

130 2272 132 2274 ,
177 2222 225 2267 810
244 2209 380 2282 Qualeis
395 2212 542 2295 exspirat
557 2211 750 2296 Scaptesula
765 2215 878 2279 subter
894 2215 1034 2280 odores?

239 2312 371 2385 Quidve
385 2312 460 2378 mali
474 2311 513 2377 fit
528 2323 565 2378 ut
579 2314 734 2382 exhalent
748 2315 878 2382 Aurata
891 2315 1042 2383 metalla?

238 2417 332 2489 Quas
349 2415 528 2481 Hominum
542 2417 686 2481 reddunt
701 2418 824 2484 facies?
847 2417 1037 2504 qualeisque
1052 2416 1204 2483 colores?

238 2518 358 2582 Nonne
374 2519 477 2596 vides,
495 2518 628 2583 audisve
643 2521 750 2604 perire
765 2522 798 2586 in
815 2531 960 2605 tempore
974 2542 1075 2604 parvo

240 2621 349 2694 Quam
365 2620 499 2698 soleant,
516 2632 549 2685 et
563 2644 661 2707 quam
675 2625 753 2686 vitai
767 2623 862 2708 copia
876 2623 972 2701 desit,

174 2737 221 2785 015
238 2724 332 2797 Quos
349 2744 449 2807 opere
464 2724 496 2786 in
512 2721 568 2786 tali
582 2722 714 2789 cohibet
729 2726 776 2788 vis
792 2727 930 2809 magna?
952 2746 1086 2790 necesse
1101 2724 1141 2789 ’st

240 2826 313 2890 Hos
328 2826 427 2909 igitur
443 2823 538 2888 tellus
555 2826 677 2889 omneis
692 2836 853 2891 exaestuet
867 2837 986 2906 aestus;
1032 2891 1033 2895 ,

241 2926 447 3012 Expiretque
463 2925 550 2989 foras
565 2927 599 2989 in
614 2937 738 3011 aperta,
756 2938 948 3013 promtaque
964 2927 1060 2995 Coeli.

284 3028 338 3092 Sic
353 3037 386 3091 et
401 3025 535 3092 Averna
548 3026 620 3092 loca
635 3027 779 3093 Alitibus
796 3032 995 3097 summittere
1011 3033 1133 3098 debent

240 3128 445 3195 Mortiferam
459 3130 534 3207 vim,
551 3130 593 3195 de
610 3140 697 3194 terra
713 3154 787 3216 quae
803 3134 907 3217 surgit
922 3135 956 3198 in
970 3157 1078 3212 auras,

175 3248 223 3294 820
242 3232 290 3298 Ut
305 3234 445 3318 spatium
459 3231 533 3297 coeli
547 3234 688 3317 quadam
703 3234 745 3299 de
760 3245 853 3319 parte
869 3249 1021 3315 venenet3

237 3337 318 3411 'Quo
334 3336 428 3401 simul
443 3359 481 3402 ac
495 3337 633 3420 primum
648 3339 763 3422 pennis
779 3337 888 3402 delata
902 3340 943 3403 sit
958 3337 1050 3415 Ales,

240 3439 440 3523 Impediatur
455 3441 500 3504 ibi
516 3462 603 3505 caeco
618 3450 774 3525 conrepta
789 3463 925 3518 veneno,

155 3653 207 3692 tum
219 3661 248 3694 ea
259 3647 306 3695 erit
317 3647 389 3698 lectio
401 3666 473 3713 quam
486 3652 565 3700 Faber
582 3661 631 3701 tam
648 3669 691 3718 pe·
758 3655 813 3701 004.
831 3657 865 3703 At
877 3672 927 3703 cum
944 3659 1045 3705 membro
1063 3655 1173 3719 bominis]
1192 3657 1267 3707 Giu-

154 3709 262 3784 tulanter
272 3711 394 3785 solicitam
403 3730 452 3763 non
465 3717 562 3765 debuit:
581 3719 692 3766 morbum
725 3717 789 3778 niue,
802 3721 851 3768 Aut
861 3724 907 3768 uisi
918 3725 1018 3769 memma
1027 3725 1095 3783 priua
1105 3725 1209 3783 pertexit
1212 3720 1267 3784 frt-

154 3789 229 3832 emm,
244 3789 285 3837 qui
301 3791 392 3850 pronos
408 3780 492 3842 deJicit
507 3785 608 3830 morbum
624 3786 692 3830 cuat-
723 3786 781 3846 gtda
791 3801 876 3842 semus,
888 3789 940 3833 Aut
949 3789 981 3834 sit
991 3789 1044 3834 odos
1055 3789 1103 3834 uini
1116 3788 1196 3850 plaga
1213 3804 1279 3844 sao-⁴

155 3841 233 3888 {ialam
244 3848 310 3887 recte
321 3845 496 3905 interpreteris
725 3850 811 3896 nabitu
821 3851 902 3897 mavul
921 3851 998 3904 Quni
1012 3851 1064 3899 luec
1081 3849 1163 3898 omnia
1180 3861 1270 3902 essent

186 3904 244 3979 7003
260 3906 469 3979 littidum—opus]
482 3910 550 3968 Tela,
562 3910 691 3973 etreliqua
723 3913 831 3962 remedia
842 3922 928 3962 contra
939 3915 988 3963 vim
1003 3930 1102 3979 gravem
1119 3925 1145 3963 et
1162 3915 1269 3967 odorem

154 3968 185 4017 ad
196 3969 329 4017 lanificium
339 3971 495 4034 pertinentia.
723 3978 856 4026 carbonum
867 3995 872 4025 =
890 3994 963 4040 quam
979 3980 1109 4028 lectionem
1127 3980 1174 4028 itta
1191 3979 1270 4042 sent,

187 4036 242 4110 3300.
255 4036 349 4109 Plenior
360 4034 495 4097 et-sueria,
508 4037 564 4101 etc]
578 4039 617 4088 De
628 4040 689 4088 deli·
723 4041 765 4104 qui
776 4051 842 4091 amat
852 4043 913 4090 tales
926 4059 1016 4092 versus.

154 4113 211 4162 quio
222 4099 352 4170 quodcrbo
363 4099 464 4150 distenti
476 4102 502 4150 in
519 4104 606 4152 balneo
626 4105 689 4168 pati-
756 4107 811 4154 810.
830 4107 977 4171 Scaptesulo]
990 4110 1088 4158 Nomen
1099 4109 1216 4173 generale
1227 4110 1268 4160 lo·

153 4174 236 4222 untur,
255 4165 382 4214 Iuvenalis
401 4180 473 4230 sepe,
495 4168 622 4227 Horatius,
640 4170 690 4218 alii.
724 4171 837 4220 dinamm
848 4172 1011 4222 metallarium
1021 4192 1027 4230 t
1037 4174 1130 4237 foralis
1147 4179 1268 4232 καικίας

153 4231 241 4340 gaitan
253 4239 333 4278 autem
350 4245 393 4279 raa
410 4230 435 4278 in
456 4248 504 4294 quo
521 4231 635 4282 levabant
652 4250 689 4283 se·
724 4232 849 4295 σκάπτειν,
860 4235 942 4298 sedere
960 4247 1005 4296 est,
1024 4239 1071 4298 ὕλη
1087 4243 1192 4288 Μανία»
1215 4241 1267 4290 ra.

171 4303 248 4344 entes.
724 4301 775 4350 ber.
