2872 4852
235 246 296 308 lla
614 243 656 307 T.
689 241 961 306 LUCRETII

317 400 387 473 Qut
401 400 505 463 minus
521 421 593 463 esse
610 409 730 482 queant
745 421 796 475 ea,
812 421 886 482 quae
902 398 1030 462 Sentire
1047 399 1206 477 videmus,

315 503 498 567 Seminibus
514 503 668 586 permista
683 502 867 566 carentibus
883 502 1028 585 undique
1045 499 1174 566 Sensul

252 619 300 666 990
363 605 517 688 Denique
533 603 658 669 coelesti
674 627 784 668 sumus
800 626 910 667 omnes
928 603 1048 667 semine
1063 605 1210 669 oriundi:

318 707 479 771 Omnibus
495 706 547 770 ille
562 708 648 771 idem
664 707 764 771 Pater
779 716 841 783 est,
857 707 945 770 unde
961 705 1043 769 alma
1057 705 1230 789 liquenteis

316 809 501 872 Humorum
516 819 626 893 guttas
644 808 755 872 Mater
770 830 843 871 cum
858 806 965 871 Terra
981 808 1116 892 recepit,

315 912 412 976 Foeta
426 912 512 995 parit
527 911 645 975 nitidas
661 910 783 994 fruges,
801 911 1000 993 arbustaque
1016 909 1102 988 laeta,

315 1013 361 1076 Et
377 1035 480 1096 genus
495 1013 682 1091 humanum,
699 1024 732 1077 et
747 1013 834 1097 parit
848 1012 954 1075 omnia
970 1010 1066 1075 saecla
1080 1011 1233 1090 ferarum,

251 1127 299 1175 995
318 1114 445 1179 Pabula
459 1138 533 1180 cum
548 1117 686 1199 praebet,
703 1116 821 1199 quibus
837 1136 948 1178 omnes
964 1136 1103 1198 corpora
1116 1124 1268 1198 pascunt,

315 1217 362 1280 Et
377 1217 505 1282 dulcem
520 1218 644 1282 ducunt
659 1219 767 1295 vitam,
784 1216 973 1301 prolemque
989 1227 1183 1300 propagant.

315 1320 529 1405 Quapropter
545 1322 659 1385 merito
675 1320 864 1384 Maternum
878 1341 995 1383 nomen
1011 1319 1131 1403 adepta
1146 1320 1195 1382 'st.

315 1423 413 1487 Cedit
427 1423 513 1486 idem
529 1433 616 1487 retro
630 1424 672 1486 de
688 1422 795 1486 Terra
810 1422 898 1506 quod
914 1420 977 1484 fuit
991 1431 1078 1497 ante,

314 1524 354 1588 In
369 1535 491 1602 terras3
515 1534 549 1588 et
564 1525 653 1608 quod
668 1525 801 1588 missum
815 1524 855 1586 ’st
869 1546 911 1587 ex
926 1521 1077 1586 AEtheris
1092 1523 1168 1598 oris,

239 1626 353 1691 10001d
368 1650 498 1691 rursum
513 1625 597 1690 Coeli
612 1626 761 1690 rellatum
776 1624 896 1709 templa
909 1634 1098 1708 receptant;

313 1728 388 1792 Nec
404 1729 448 1792 sic
464 1728 618 1790 interimit
632 1749 718 1791 mors
733 1750 799 1805 res,
815 1738 852 1791 ut
868 1726 1022 1790 Materiai

313 1831 462 1915 Corpora
476 1829 638 1905 conficiat,
656 1830 714 1893 sed
731 1839 852 1894 coetum
868 1829 1018 1912 dissupat
1034 1826 1123 1891 ollis:
1168 1873 1171 1879 ·

314 1932 396 1996 Inde
412 1931 480 1995 aliis
497 1930 585 1994 aliud
600 1931 779 2016 conjungit,
795 1941 829 1995 et
843 1930 952 2006 efficit,
970 1952 1080 1993 omnes

317 2035 388 2098 Res
404 2044 441 2097 ut
455 2044 645 2098 convertant
661 2033 792 2108 formas,
809 2042 1000 2116 mutentque
1016 2031 1152 2109 colores,

244 2149 305 2195 1005
319 2135 366 2200 Et
380 2137 509 2220 capiant
525 2135 659 2212 Sensus,
676 2145 709 2199 et
724 2146 846 2219 puncto
862 2146 1007 2220 tempore
1023 2136 1180 2199 reddant:

316 2239 365 2304 Ut
381 2262 495 2304 noscas
512 2239 645 2314 referre,
661 2239 776 2302 eadem
792 2238 974 2301 Primordia
989 2259 1098 2301 rerum

314 2343 398 2406 Cum
413 2343 543 2426 quibus,
559 2351 593 2405 et
608 2340 696 2425 quali
708 2342 855 2424 positura
870 2342 1107 2416 contineantur,

314 2445 362 2509 Et
376 2467 458 2529 quos
473 2445 557 2508 inter
572 2465 607 2507 se
623 2444 702 2508 dent
717 2453 835 2520 motus,
852 2442 1097 2527 accipiantque:

313 2547 420 2631 (Neve
435 2556 532 2630 putes
548 2556 671 2609 aetema
685 2567 785 2629 penes
800 2546 946 2609 residere
962 2555 1094 2629 potesse

260 2774 317 2823 990.
334 2777 438 2836 Denique
449 2777 536 2823 coebsti
548 2771 637 2836 sumas]
656 2775 766 2837 Longam
799 2772 946 2837 scripturam
956 2772 1264 2838 quidaminterpretantur,
1275 2775 1342 2822 Neve

228 2839 260 2886 de
279 2847 334 2887 ortu
353 2838 390 2886 rei
409 2838 506 2886 sensilis
525 2839 723 2902 disputationem,
743 2854 765 2886 v.
797 2847 864 2900 putes
876 2856 970 2900 corpora
982 2842 1059 2900 patna
1073 2855 1138 2900 posse
1153 2839 1343 2900 resideremus

228 2905 268 2950 32.
292 2902 389 2966 egregie
414 2902 550 2958 concludit;
580 2903 673 2966 colligit
700 2902 766 2951 enim
797 2902 935 2965 prestandum
952 2907 1097 2957 immersam,-
1120 2902 1194 2961 nulla,
1211 2911 1255 2950 aut
1272 2912 1342 2951 certe

228 2977 372 3031 argumenta
383 2968 485 3015 antehac
497 2967 609 3025 deducta,
621 2967 707 3016 fortius
724 2983 764 3015 ur·
799 2968 903 3016 absurda
916 2968 1044 3016 sententia
1073 2968 1210 3024 Turnebus,
1219 2983 1290 3029 penes
1305 2984 1341 3016 ae-

228 3043 270 3095 get
281 3033 388 3091 collecta,
398 3041 423 3080 et
434 3032 522 3080 deinde
532 3041 608 3080 totam
619 3032 766 3080 sententiam
799 3040 866 3080 terna
885 3036 992 3090 residere,
1010 3033 1045 3081 sic
1066 3032 1179 3096 explicat,
1200 3036 1225 3080 tn
1244 3036 1343 3082 am

228 3097 259 3145 de
271 3108 326 3145 ortu
337 3112 423 3147 sensus
434 3097 553 3161 explicat:
571 3113 627 3145 cum
639 3106 704 3145 terra
718 3097 764 3145 im·
799 3101 869 3145 textis
885 3114 1007 3146 remanere.
1037 3097 1178 3156 Lambinus,
1190 3099 1255 3145 Neve
1269 3105 1342 3159 putee

228 3163 284 3211 bres
296 3179 328 3210 ex
338 3163 429 3210 aethere
445 3162 620 3210 descendentes
637 3161 765 3225 receperit,
799 3179 892 3223 corpora
902 3167 979 3224 primo
989 3165 1090 3211 residere
1104 3178 1169 3224 posse
1183 3177 1253 3224 peaes
1268 3169 1341 3210 atar-

228 3227 316 3276 fertilis
337 3228 372 3285 fit,
392 3226 457 3291 parit
479 3235 581 3290 segetes,
601 3226 719 3290 gramina,
741 3236 767 3277 et
798 3230 894 3275 nitatem
911 3231 970 3275 omni
985 3235 1046 3275 motu
1064 3231 1165 3288 priuata.
1201 3226 1272 3274 Idem
1291 3225 1340 3275 ali-

228 3292 321 3343 lructus
339 3293 426 3355 quibus
444 3292 555 3340 homines
573 3300 599 3339 et
616 3291 708 3349 bestiae,
726 3307 766 3339 res
798 3292 895 3354 quando
906 3291 1002 3355 putavit
1012 3291 1143 3354 legendum
1154 3294 1228 3339 minus
1238 3306 1285 3354 pro
1295 3308 1341 3353 pe-

227 3359 337 3416 sensiles,
355 3358 503 3407 nutriuntur.
538 3358 573 3405 At
588 3365 659 3420 pater
674 3357 716 3404 ille
732 3373 765 3404 ae-
798 3373 853 3410 nm,-
870 3365 896 3404 et
906 3358 1005 3405 tandem
1017 3357 1176 3417 conjectando
1192 3355 1340 3405 1000110001·-

228 3423 284 3470 ther
303 3423 435 3481 insensilis,
456 3422 547 3471 imbres
567 3422 641 3471 etiam
664 3421 764 3470 descen·
798 3437 852 3469 sum
864 3422 929 3471 hunc
941 3437 997 3470 cum
1014 3421 1107 3470 duobus
1124 3419 1281 3484 sequentibus
1296 3435 1340 3469 re-

227 3487 320 3544 dentes,
334 3488 453 3550 tellusque
465 3497 543 3535 mater
555 3503 603 3535 non
616 3487 693 3550 magis
708 3503 764 3536 sen·
794 3486 856 3548 jicit.
885 3490 985 3535 AEterna
993 3503 1070 3548 penes,
1083 3485 1109 3534 in
1127 3485 1187 3550 ipsis
1203 3485 1340 3549 penetrali·

226 3549 294 3606 silis;
311 3551 429 3600 dissoluta
438 3552 543 3614 denique
553 3551 667 3600 animalia
675 3552 765 3616 partim
798 3553 851 3609 bus,
869 3551 1011 3601 Palmerius.
1043 3550 1134 3599 Nescio
1150 3550 1204 3613 quis
1221 3548 1282 3598 dicit
1296 3550 1341 3601 hic

226 3613 252 3662 in
264 3615 355 3664 aetbera
364 3616 470 3674 avolant,
479 3617 569 3679 partim
580 3617 607 3664 in
619 3626 716 3674 terram,
726 3633 765 3665 res
798 3615 860 3664 nihil
877 3615 1063 3673 sollicitandum,
1073 3632 1150 3676 penes,
1168 3615 1193 3662 id
1209 3623 1254 3671 est,
1268 3632 1342 3677 penas

226 3694 326 3742 prorsus
336 3680 472 3739 insensiles,
485 3681 639 3729 relabuntur:
657 3680 693 3729 sic
707 3696 763 3744 par·
798 3697 845 3738 nos,
866 3690 891 3728 et
911 3684 985 3728 minas
1007 3680 1205 3743 subintelligitur.
1244 3679 1276 3727 In
1297 3679 1341 3731 his

227 3743 308 3791 ticulae
319 3759 369 3791 uno
384 3744 457 3792 modo
474 3745 542 3793 nullo
558 3760 632 3792 sensu
648 3745 764 3808 praedita,
798 3744 908 3793 versibus
920 3744 1072 3808 explicandis
1087 3745 1179 3794 multus
1195 3755 1232 3792 est
1249 3744 1341 3805 Faber,

226 3806 274 3856 alio
296 3808 376 3866 modo,
399 3808 494 3871 alioque
519 3809 604 3856 ordine
632 3809 763 3871 dispositae,
797 3809 900 3857 aliorum
915 3809 1050 3857 sententias
1065 3809 1282 3871 reJicit,suamque
1297 3809 1342 3861 his

226 3871 328 3920 sensiles
348 3873 462 3920 evadunt.
497 3873 547 3921 Res
568 3873 641 3920 etiam
662 3873 764 3922 sensiles
796 3873 878 3922 verbis
890 3873 1002 3930 exhibet,
1020 3874 1088 3922 locus
1100 3874 1199 3922 omnino
1215 3873 1340 3924 difficilis:

227 3946 320 3985 mutato
331 3937 417 3985 ordine
428 3947 454 3985 et
467 3936 626 4001 dispositione
643 3937 764 3985 seminum
797 3938 926 3988 Turnebus
935 3956 1004 4001 penes
1016 3947 1103 3987 aterna
1115 3939 1191 3988 sumit
1201 3954 1246 4002 pro
1263 3947 1339 3988 teter·
1412 3938 1413 3941 ’

227 4010 375 4066 torpescunt,
398 4011 424 4050 et
445 4018 543 4050 omnem
568 4001 690 4050 sentiendi
713 4001 763 4050 vim
797 4002 836 4051 nis
856 4004 936 4063 textis,
957 4004 1022 4067 quod
1044 4003 1104 4052 mihi
1128 4003 1202 4052 nimis
1223 4003 1341 4065 stoicum,

226 4067 349 4116 amittunt
798 4068 871 4117 nimis
887 4066 1005 4131 μετέωρον
1021 4077 1047 4116 et
1063 4078 1128 4116 meta
1145 4066 1256 4132 hysicum
1267 4068 1341 4119 vide-

259 4131 322 4180 lbid.
341 4130 442 4194 Semina]
456 4130 513 4190 Alii,
525 4135 603 4192 stirpe.
798 4142 845 4190 tur,
857 4149 929 4196 quam
941 4143 969 4181 ut
979 4133 1014 4181 ita
1025 4133 1116 4182 sentire
1155 4131 1277 4182 ucretium
1293 4149 1341 4185 ex-

261 4198 330 4246 1009.
348 4199 412 4245 Neve
425 4205 499 4258 putes,
512 4194 568 4258 000]
586 4194 720 4244 Lambinus
736 4195 763 4244 in
795 4197 909 4246 istimem.
947 4197 1082 4247 Lambinus
1105 4198 1164 4247 olim
1186 4196 1344 4252 existimavit

226 4261 339 4312 omnibus
355 4261 424 4310 libris
442 4259 538 4309 invenit
556 4260 604 4310 scri
623 4269 682 4318 tum,
700 4262 763 4310 Neve
796 4278 841 4338 pro
855 4279 925 4324 penes
942 4263 1073 4326 legendum
1090 4267 1172 4322 minas,
1191 4262 1255 4325 quod
1275 4263 1342 4317 milri

222 4335 292 4388 putes
313 4335 495 4390 etaerupem,
516 4334 559 4374 etc.
621 4334 678 4388 tque
699 4325 763 4374 hanc
795 4343 823 4376 m
842 4336 950 4377 mentem
972 4327 1047 4376 etiam
1065 4340 1173 4387 venerat,
1192 4326 1343 4392 priusquam
