2872 4852
236 221 298 288 142
612 221 655 285 T.
688 220 959 285 LUCRETII

318 377 493 443 Abstrahit
508 378 642 441 invitum
657 377 754 461 patrii
770 377 925 441 sermonis
941 388 1090 461 egestas:

320 481 387 545 Sed
404 490 522 558 tamen,
539 491 575 544 ut
588 485 704 564 potero
721 479 901 542 summatim
917 480 1089 564 attingere,
1105 490 1247 564 tangam.

320 583 411 648 Inter
425 584 509 648 enim
527 593 660 647 cursant
676 582 858 646 Primordia
873 583 1104 666 principiorum

320 685 469 750 Motibus
485 687 569 749 inter
585 708 631 763 se,
648 684 727 749 nihil
741 697 778 748 ut
793 686 954 749 'secernier
969 708 1067 748 unum

257 801 304 848 265
324 788 432 853 Possit
445 815 453 866 3
477 811 537 853 nec
553 790 658 873 spatio
673 789 745 852 fieri
760 788 863 851 divisa
878 799 1043 871 potestas:

320 889 388 954 Sed
404 893 497 974 quasi
512 890 622 955 multae
637 892 684 955 vis
700 892 795 956 unius
812 892 956 974 corporis
972 900 1095 954 extant.

321 991 422 1064 Quod
438 1015 541 1077 genus
557 994 590 1056 in
605 994 718 1077 quovis
735 991 946 1057 Animantum
962 995 1085 1057 viscere
1101 992 1197 1077 vulgo

321 1095 386 1158 Est
401 1095 506 1173 Odor,
523 1106 557 1159 et
572 1095 703 1179 quidam
717 1095 825 1172 Calor,
842 1105 875 1159 et
890 1095 1013 1179 Sapor:
1038 1106 1071 1159 et
1085 1106 1192 1158 tamen
1207 1117 1249 1158 ex
1263 1094 1314 1158 his

322 1197 483 1260 Omnibus
499 1208 550 1261 est
564 1220 664 1260 unum
678 1197 858 1281 perfectum
875 1197 1030 1281 Corporis
1047 1220 1195 1281 augmen.

256 1308 304 1360 270
319 1298 374 1362 Sic
389 1298 496 1374 Calor,
513 1309 612 1383 atque
627 1297 710 1376 Aer,
727 1310 760 1362 et
776 1298 878 1362 Venti
892 1321 978 1363 caeca
993 1310 1140 1383 potestas

321 1399 424 1465 Mista
439 1412 550 1466 creant
564 1424 661 1466 unam
676 1411 835 1477 naturam,
851 1411 884 1464 et
899 1400 1024 1465 mobilis
1040 1400 1094 1464 illa

322 1502 394 1581 Vis,
411 1504 535 1568 initium
550 1515 656 1569 motus
672 1505 713 1567 ab
731 1526 765 1567 se
780 1526 854 1587 quae
868 1504 983 1567 dividit
996 1503 1077 1580 ollis,

322 1605 468 1670 Sensifer
484 1608 571 1671 unde
588 1607 691 1671 oritur
706 1607 844 1690 primum
860 1607 1057 1689 perviscera
1072 1616 1189 1670 motus.

320 1707 409 1772 Nam
424 1710 554 1792 penitus
569 1731 719 1792 prorsum
733 1708 813 1772 latet
828 1708 912 1773 Haec
927 1720 1054 1785 natura,
1072 1710 1261 1792 subestque,
1300 1735 1312 1773 .1

258 1820 305 1872 275
321 1809 397 1874 Nec
412 1811 514 1894 magis
530 1810 605 1874 Hac
620 1810 703 1874 infra
717 1811 890 1895 quicquam
906 1822 957 1875 est
971 1813 1004 1874 in
1020 1833 1157 1894 corpore
1173 1821 1303 1888 nostro;

322 1909 434 1996 Atque
450 1913 555 1975 anima
571 1913 610 1976 ’st
625 1910 752 1976 Animae
767 1936 927 1997 proporro
944 1914 1042 1978 totius
1058 1914 1147 1997 ipsa:

323 2013 424 2086 Quod
439 2037 542 2099 genus
558 2016 591 2078 in
605 2016 724 2079 nostris
740 2016 902 2093 membris,
920 2027 953 2080 et
966 2038 1103 2100 corpore
1118 2027 1188 2080 toto

322 2115 425 2181 Mista
439 2117 543 2181 latens
560 2116 671 2181 Animi
686 2119 733 2183 vis
750 2129 811 2196 est,
827 2121 1005 2203 animaeque
1021 2129 1186 2203 potestas3

322 2217 523 2303 Corporibus
539 2220 615 2304 quia
630 2220 672 2283 de
687 2221 807 2303 parvis,
823 2223 1001 2305 paucisque
1019 2232 1128 2285 creata
1143 2221 1191 2285 ’st

256 2332 303 2378 280
321 2320 376 2385 Sic
391 2321 450 2385 tibi
465 2322 600 2386 nominis
616 2322 700 2387 Haec
715 2346 833 2408 expers
850 2322 922 2400 Vis,
939 2321 1024 2389 facta
1038 2324 1168 2387 minutis

321 2423 522 2507 Corporibus
537 2423 617 2488 latet
630 2451 637 2503 ;
661 2435 760 2509 atque
776 2423 907 2489 Animai
922 2425 1022 2488 totius
1037 2425 1110 2508 ipsa

320 2525 487 2610 Proporro
502 2527 544 2590 'st
558 2524 688 2604 Anima,
705 2538 739 2591 et
754 2527 937 2591 dominatur
953 2549 1088 2611 corpore
1105 2537 1183 2592 toto.

323 2627 489 2691 Consimili
504 2629 629 2692 ratione
644 2651 778 2693 necesse
795 2629 835 2692 'st
849 2627 990 2707 Ventus,
1007 2639 1040 2693 et
1056 2627 1137 2706 Aer,
1185 2653 1189 2658 ·

321 2729 369 2793 Et
383 2728 481 2793 Calor
495 2731 580 2794 inter
595 2753 630 2794 se
646 2731 776 2814 vigeant
791 2731 958 2795 commista
973 2754 1032 2816 per
1047 2741 1148 2808 artus,

258 2841 305 2888 285
321 2830 434 2917 Atque
451 2831 520 2896 aliis
536 2832 624 2896 aliud
641 2833 746 2896 subsit
760 2833 875 2916 magis,
892 2834 1116 2918 emineatque;

223 2957 224 2961 ¹
322 2934 370 2998 Ut
386 2934 540 3019 quiddam
555 2934 627 2999 fieri
642 2935 791 2999 videatur
806 2935 848 2998 de
863 2935 1011 2999 omnibus
1027 2959 1146 3000 unum:

320 3036 375 3101 Ne
391 3036 501 3114 Calor,
518 3060 555 3102 ac
571 3037 699 3103 Ventus
716 3059 873 3113 seorsum,
892 3059 1101 3123 seorsumque
1115 3049 1261 3122 potestas

320 3139 419 3205 Aeris
437 3141 622 3205 interimant
637 3163 777 3217 sensum,
795 3139 995 3223 diductaque
1010 3140 1145 3204 solvant.

230 3399 306 3455 pore?
330 3397 395 3458 quod
416 3406 498 3446 tamen
515 3396 612 3446 visurus
634 3413 667 3456 es,
686 3399 769 3460 Atque,
836 3395 891 3448 274.
909 3394 1145 3458 latet—subestque]
1170 3392 1280 3441 Maxime
1302 3391 1340 3440 in·
1371 3389 1382 3399 ‘

233 3462 313 3506 Anien·
324 3466 428 3522 quoniam
444 3465 511 3510 docui
528 3469 613 3510 natura
632 3465 688 3525 quid
704 3470 769 3521 earet,
804 3461 864 3510 tima
877 3460 1026 3519 esthomini,
1039 3461 1187 3522 ultraquam
1203 3473 1253 3506 non
1270 3458 1342 3506 datur

233 3524 267 3569 Et
281 3528 363 3583 quitur
380 3543 392 3574 e
408 3530 476 3574 rebus
491 3543 541 3574 cum
561 3529 658 3588 Corpore
674 3537 772 3591 compta
804 3542 915 3590 pergere.
942 3529 1025 3574 Faber.

232 3590 335 3648 vigeret:
358 3589 393 3637 ibi
408 3590 491 3652 itaque
510 3591 696 3651 restituendum,
716 3595 771 3640 Cum
837 3591 892 3643 275.
906 3593 1038 3652 Necmagir
1046 3591 1100 3636 Hac
1111 3587 1186 3650 infra]
1198 3587 1248 3636 Hic
1257 3602 1342 3636 versus

233 3666 324 3710 corpore
347 3656 418 3716 copta
440 3654 550 3717 vigeret;
576 3655 602 3703 id
624 3664 668 3713 eat,
689 3657 771 3703 uniter
803 3655 923 3704 Lambino
939 3669 989 3702 non
1004 3653 1093 3716 placet,
1110 3668 1156 3700 nec
1172 3652 1268 3710 mirum,
1286 3667 1342 3700 cum

232 3723 297 3778 apta,
309 3724 398 3776 coapta,
410 3733 528 3776 connexa,
541 3721 694 3779 συναφθεῖσα.
803 3719 866 3782 infra
877 3720 1054 3782 interpretatur
1064 3716 1128 3779 infra
1144 3725 1231 3765 nostroe
1247 3733 1325 3765 aeneus
1332 3735 1341 3771 ,·

266 3779 321 3827 266.
338 3783 421 3828 Multa
433 3780 480 3843 vis]
498 3781 539 3829 Sic
556 3783 596 3831 lib.
616 3783 654 3830 11.
673 3800 695 3831 v.
715 3785 769 3833 586.
803 3784 877 3832 situm
889 3783 955 3831 enim
964 3797 1014 3830 non
1023 3781 1182 3844 exiguitatem
1193 3791 1286 3844 quarta
1297 3797 1341 3830 na·

233 3846 266 3892 Et
277 3861 344 3906 quem
355 3849 450 3907 quicque
461 3850 535 3907 magis
547 3847 636 3894 multas
648 3847 685 3895 vis
696 3852 770 3908 poesi-
803 3856 865 3896 turae
884 3847 1043 3895 innominatae
1062 3848 1137 3895 Poeta
1157 3846 1288 3910 exprimit:
1315 3855 1343 3894 ut

232 3911 272 3957 det
280 3912 305 3957 in
312 3926 343 3957 ee.
363 3909 505 3964 Sallustium
523 3911 645 3972 Malejam
657 3920 770 3959 assuetum
803 3911 895 3960 Anima
906 3910 1022 3975 Corporis
1033 3911 1127 3967 intima,
1142 3910 1177 3959 sic
1194 3921 1279 3974 quarta
1295 3910 1343 3960 ista

232 3977 265 4022 ad
283 3991 356 4022 omnes
377 3974 414 4022 vis
431 3978 640 4022 controversiarum.
679 3976 768 4024 Prisci·
806 3976 841 4024 vis
853 3991 941 4041 expers
952 3976 1058 4024 nominis
1070 3976 1118 4040 ipsi
1129 3976 1242 4032 Animae;
1264 3984 1289 4024 et
1306 3985 1344 4024 est

233 4054 301 4095 anus,
314 4038 355 4087 lib.
368 4039 414 4086 VI.
803 4041 871 4102 quasi
891 4041 983 4089 Anima
1004 4041 1079 4089 totius
1099 4041 1204 4098 Animae,
1228 4041 1344 4103 quoniam

265 4105 320 4152 268.
340 4107 438 4156 Quidam
452 4103 532 4166 Calor]
546 4102 622 4162 Libri,
637 4107 709 4152 Color.
803 4105 866 4153 sicut
877 4104 969 4154 Anima
981 4106 1084 4168 Corpus,
1102 4105 1137 4154 sic
1154 4106 1270 4154 Animam
1289 4105 1343 4170 ipra

266 4167 320 4219 270.
336 4167 547 4231 Venti-potestat]
558 4169 654 4219 Ventus
666 4169 730 4232 ipse:
746 4185 768 4217 v.
803 4179 907 4233 vegetat,
920 4179 944 4217 et
955 4186 1041 4218 sensus
1052 4170 1156 4234 perficit.

235 4232 289 4284 278.
315 4237 394 4283 Animi
411 4239 451 4293 vir,
470 4243 495 4282 et
508 4237 589 4282 anima
604 4241 722 4294 potestan-
746 4250 768 4281 v.
836 4236 890 4282 281.
908 4237 984 4297 Atque
996 4234 1104 4297 Anima'e']
1117 4235 1266 4292 Lambinus,
1283 4234 1342 4283 dum

233 4299 288 4347 288.
312 4301 380 4348 Aeria
389 4308 496 4362 potestat.
802 4298 1166 4361 quidammddAntmnqnast
