2872 4852
209 252 251 316 76
590 248 633 312 Τ.
666 245 942 312 LUCRETII

294 407 348 471 Ne
364 427 429 489 qua
444 403 528 468 forte
546 415 652 469 tamen
668 414 793 488 coeptes
810 403 963 466 diffidere,
974 402 1080 478 dictis,

294 508 395 582 Quod
411 517 577 590 nequeunt
593 507 694 572 oculis
710 528 819 571 rerum
835 505 1017 569 Primordia
1032 507 1139 570 cerni:

228 624 277 675 270
293 611 418 695 Accipe
434 620 606 694 praeterea,
622 633 696 694 quae
714 609 863 694 Corpora
878 608 968 672 Tute
984 629 1119 671 necesse
1136 608 1176 670 ’st

294 713 486 778 Confiteare·
496 735 569 776 esse
585 713 617 776 in
632 714 743 789 rebuS,
760 734 821 775 nec
837 733 935 795 posse
951 710 1064 773 videri.

336 815 513 898 Principio,
529 814 647 878 Vnum
663 815 710 877 vis
726 814 877 877 verberat
891 813 989 876 incita
1005 820 1152 896 pontum,

293 918 524 1002 Ingenteisque
540 917 605 980 ruit
621 917 741 992 naveis
758 926 791 980 et
805 914 916 979 nubila
932 913 1060 992 differt3

294 1019 475 1095 Interdum,
491 1019 607 1102 rapido
622 1040 817 1102 percurrens
834 1018 963 1083 turbine
979 1039 1110 1101 campos

228 1130 276 1181 275
290 1119 476 1186 Arboribus
491 1121 617 1204 magnis
635 1121 760 1196 sternit,
772 1121 979 1202 monteisque
996 1140 1165 1203 supremos

293 1221 473 1307 Silvifragis
489 1232 587 1286 vexat
601 1221 731 1286 flabris:
756 1222 802 1284 ita
817 1220 956 1304 perfurit
971 1222 1037 1284 acri

293 1323 377 1388 Cum
391 1324 532 1400 fremitu,
550 1324 706 1406 saevitque
720 1324 837 1386 minaci
852 1344 1016 1386 murmure
1031 1334 1163 1406 pontus.

294 1426 379 1491 Sunt
393 1427 491 1510 igitur
506 1425 624 1489 Vnum
639 1425 788 1489 nimirum
803 1447 941 1508 corpora
956 1446 1053 1501 caeca,

295 1527 380 1601 Quae
395 1551 494 1606 mare,
509 1550 583 1611 quae
598 1537 714 1604 terras,
730 1549 803 1611 quae
819 1527 960 1610 denique
975 1527 1085 1592 nubila
1100 1525 1174 1591 coeli

229 1643 277 1689 280
291 1630 450 1708 Verrunt,
466 1652 504 1694 ac
521 1630 629 1694 subito
644 1631 794 1693 vexantia
809 1630 939 1693 turbine
954 1640 1094 1713 raptant.

293 1733 367 1797 Nec
383 1734 507 1797 ratione
522 1732 629 1797 fluunt
644 1732 717 1808 alia,
736 1743 942 1814 stragemque
958 1740 1152 1815 propagant,

293 1834 345 1899 Ac
361 1857 434 1899 cum
449 1835 552 1898 mollis
569 1856 663 1918 aquae
677 1832 781 1897 fertur
796 1843 913 1897 natura
927 1843 1063 1917 repente

294 1937 441 2002 Flumine
457 1938 648 2014 abundanti,
664 1937 753 2020 quod
767 1935 865 2019 largis
882 1936 1039 1999 imbribus
1055 1946 1154 2019 auget

294 2039 465 2104 Montibus
481 2063 524 2104 ex
539 2038 612 2103 altis
627 2060 763 2123 magnus
780 2039 939 2102 decursus
955 2042 1064 2122 aquai,

229 2155 276 2201 285
294 2142 467 2226 Fragmina
482 2143 656 2226 conjiciens
674 2140 846 2225 sylvarum,
863 2141 1063 2224 arbustaque
1080 2151 1166 2217 tota3

292 2245 367 2310 Nec
383 2245 480 2308 validi
495 2255 635 2329 possunt
650 2254 767 2328 pontes
783 2243 940 2307 venientis
958 2246 1054 2327 aquai

288 2349 365 2413 Vim
381 2348 521 2411 subitam
536 2346 694 2411 tolerare:
718 2347 764 2409 ita
778 2367 895 2430 magno
911 2346 1063 2410 turbidus
1079 2345 1174 2410 imbri

289 2448 435 2514 Molibus
451 2450 621 2514 incurrens
637 2448 751 2512 validis
767 2470 841 2512 cum
856 2448 978 2513 viribus
994 2450 1108 2526 amnia,

290 2551 360 2616 Dat
376 2552 485 2615 sonitu
500 2575 617 2636 magno
634 2562 794 2636 stragem3
818 2549 983 2635 volvitque
1000 2552 1063 2614 sub
1078 2550 1175 2613 undis

223 2667 272 2716 290
291 2654 440 2719 Grandia
456 2676 553 2734 saxa3
577 2655 642 2718 ruit
656 2677 720 2737 qua
736 2653 897 2737 quidquid
912 2652 1067 2718 fluctibus
1082 2654 1201 2717 obstat.

236 2821 290 2872 270
304 2822 436 2885 Praeterea]
448 2825 581 2884 Propterea
595 2823 682 2870 Faber.
810 2822 864 2873 278.
890 2822 968 2885 Gaeco]
992 2823 1053 2877 Quae
1076 2821 1153 2870 oculis
1175 2821 1243 2868 cerni
1266 2837 1315 2868 non

237 2884 395 2948 2721ncr'ta]
409 2889 518 2935 Incitato.
545 2887 744 2950 Istavocesaepe
776 2896 895 2951 possunt·
913 2903 948 2935 src
960 2888 1045 2935 eodem
1056 2886 1098 2935 hh
1115 2902 1137 2934 v
1155 2883 1209 2936 779
1236 2888 1314 2933 Natu-

205 2950 334 2999 Lucretrus
346 2951 430 3010 utitur
443 2961 468 3000 et
479 2950 605 3013 Vngrlrus
634 2951 716 3010 Aliis
707 2968 743 2999 rn-
777 2969 827 3000 ram
853 2955 1026 3009 clandestinam,
1049 2967 1175 3012 caramque
1199 2953 1314 2998 adhibere.

204 3018 259 3072 site,
271 3015 341 3063 male
639 3061 642 3068 ,
777 3018 901 3064 Nimbosus
913 3019 983 3064 Orion
992 3019 1021 3065 In
1030 3019 1090 3065 vada
1102 3033 1163 3064 caca
1172 3018 1234 3064 tulrt
1256 3015 1314 3063 Vir-

239 3079 302 3127 lbid.
320 3079 430 3143 Pontum]
453 3080 525 3128 MSS.
544 3080 643 3144 quidam
661 3089 744 3137 cortus,
777 3080 884 3144 giliusl.
898 3080 996 3129 AEneid.

205 3143 263 3192 iude
279 3153 367 3206 portus.
403 3145 506 3193 Plurimi
527 3098 601 3192 bllSS.
620 3155 648 3193 ut
668 3146 744 3192 etB.
810 3148 865 3194 288.
892 3145 1004 3208 Verrunt]
1031 3148 1135 3203 Vertunt,
1159 3146 1189 3194 G
1217 3147 1317 3193 Verrunt

205 3224 307 3271 eamque
325 3225 409 3258 vocem
427 3210 526 3266 Pareus,
545 3209 594 3257 Gil.
611 3209 743 3272 aliiquea·
778 3219 937 3258 autemamat
953 3210 1079 3286 Virgilius,
1097 3209 1251 3259 Lucretianae
1267 3208 1316 3257 ele-

205 3273 280 3321 enter
291 3273 432 3322 defenduut.
458 3274 493 3322 At
508 3289 566 3322 vero
582 3274 636 3336 quis
650 3273 746 3322 dubitet
777 3275 867 3337 gantiae
883 3284 1017 3339 perpetuus
1036 3275 1157 3324 imitator:
1184 3278 1272 3332 Maria,
1288 3291 1317 3322 ac

202 3347 297 3412 pontum
314 3338 419 3388 scribere
434 3339 475 3402 qui
491 3354 589 3387 versum
606 3337 660 3389 279.
678 3338 744 3402 lege·
779 3348 853 3388 terras
854 3338 1135 3402 ,coelumqueprcp'undum
1146 3338 1317 3402 Quippescrant

205 3402 255 3450 rit?
292 3402 425 3452 Salmasius
449 3402 510 3466 legit
534 3421 623 3465 porcas.
669 3403 746 3452 Porca
777 3408 856 3466 raprdi
877 3413 1115 3468 oeconomumque
1133 3422 1177 3468 per
1196 3421 1274 3453 auras.
1295 3404 1315 3451 Ι.

204 3471 264 3515 enim
281 3466 310 3515 rb
325 3468 415 3529 μεταξὺ
429 3471 477 3516 τῶν
493 3465 603 3527 κυμάτων
614 3468 704 3517 dicitur
715 3469 745 3517 ab
778 3468 963 3518 AEne1dv68.

205 3540 304 3580 auctore
312 3533 576 3591 veterumGlossarum
586 3533 745 3582 translatione
811 3536 866 3583 282.
879 3538 915 3583 Ac
922 3533 984 3597 cum]
995 3534 1219 3598 ltaquidamLibri,
1224 3534 1317 3582 fetente

206 3595 269 3644 facta
280 3597 310 3646 ab
326 3597 415 3660 Agris:
433 3596 499 3645 inter
513 3597 573 3646 duos
589 3613 655 3646 emm
666 3599 745 3647 sulcos
779 3600 905 3648 lambino.
941 3599 1044 3648 Plurimi
1061 3615 1119 3648 vero
1134 3600 1228 3663 legunt,
1244 3602 1317 3650 Quam

207 3660 271 3708 elata
294 3661 372 3709 Terra
394 3661 484 3710 dicitur
501 3679 579 3724 porco.
613 3663 692 3711 Varro
715 3663 745 3711 de
777 3681 849 3726 q.u0m

207 3725 244 3773 Re
258 3726 327 3774 Rust
340 3725 381 3775 lib.
396 3727 416 3774 Ι.
430 3737 455 3775 et
465 3730 535 3792 Ταφ
546 3727 677 3776 Μενίππου.
812 3727 867 3779 287.
894 3728 1022 3792 Turbidus]
1041 3728 1100 3787 Alii,
1124 3730 1246 3791 turgidus:
1270 3726 1316 3773 im-

240 3788 294 3840 275.
308 3790 408 3854 Sternit]
422 3795 491 3850 Sevit,
505 3745 632 3840 Marullus.
778 3795 862 3857 probe.

240 3854 295 3906 277.
312 3855 413 3919 Pontus]
431 3827 532 3914 Gobries,
550 3859 587 3905 vel
601 3860 694 3905 cdrtnr:
718 3866 746 3906 ut
811 3860 866 3906 288.
887 3857 1023 3921 Incurrere]
1043 3861 1153 3915 laeserit,
1171 3857 1219 3905 Na.
1237 3854 1315 3918 impe·

206 3920 299 3984 optime
313 3920 399 3979 Faber,
412 3921 453 3983 qui
469 3921 541 3969 istam
551 3936 746 3970 vocemeverru
778 3922 832 3981 rite,
851 3932 876 3971 et
894 3923 984 3971 frustra
1000 3939 1027 3971 se
1044 3921 1180 3985 aliquorum
1198 3920 1317 3969 Codicum

206 3987 262 4035 272.
274 3987 377 4046 ejectam
388 4002 432 4034 suo
441 3985 550 4034 restituit
564 3986 624 4034 loco.
659 3988 746 4035 Pontus
778 3959 926 4037 autboritate
937 3987 1052 4037 tuebitur.

207 4048 272 4098 enim
285 4064 333 4098 vox
344 4049 415 4098 nihili
427 4060 470 4108 est,
484 4060 509 4099 et
520 4050 571 4099 solo
587 4051 652 4114 Fayo
664 4050 745 4115 d1gna
812 4054 866 4100 290.
891 4055 949 4101 ltuit
968 4069 1014 4114 qun
1034 4051 1158 4116 quidquid]
1180 4052 1317 4113 Quidquam,

207 4113 248 4177 qui
265 4114 410 4163 adversum
428 4114 482 4166 276.
503 4117 667 4164 haecmonet:
693 4115 745 4179 lta]
779 4117 828 4165 Gis.
848 4117 891 4165 sed
911 4125 982 4165 ruunt
1002 4135 1059 4192 qm
1078 4132 1137 4166 saxa
1153 4115 1200 4164 viz.
1221 4130 1318 4179 semper

206 4183 381 4229 Particnbrcon
413 4184 523 4228 rationis:
540 4189 677 4243 comparatq
778 4181 909 4245 legendum
924 4135 1022 4257 putavit
1038 4182 1124 4230 Faber
1156 4180 1232 4229 Nec
1225 4195 1317 4255 impro-

206 4247 269 4293 ventr’
284 4197 486 4306 ralidlfdmitnm
498 4250 609 4294 marmari
603 4198 746 4308 maris?
778 4247 858 4295 banda
870 4255 935 4295 esset
951 4246 998 4295 ista
1012 4249 1160 4309 conjectura,
1176 4245 1197 4294 si
1214 4244 1318 4294 Codices

206 4312 286 4358 rentis.
320 4309 432 4359 Acumen
443 4310 563 4359 hominis!
779 4311 959 4371 confirmarent,
975 4319 1000 4361 et
1013 4326 1063 4361 nou
1080 4311 1143 4361 foret
1158 4309 1232 4375 paulo
1248 4309 1317 4374 frigi·
