2872 4852
473 254 644 321 LIBER
673 255 899 346 SEXTUS.

169 423 201 468 ao
220 409 286 474 Seu
303 409 403 485 Casu,
420 431 478 474 seu
495 409 549 487 Vi,
566 411 655 494 quod
672 413 717 476 sic
734 411 863 476 Natura
876 411 1042 496 parassem

218 511 265 576 Et
279 513 397 597 quibus
411 533 431 576 e
446 513 548 596 portis
565 513 692 579 occurri
704 513 823 597 cuique
838 514 988 580 deceret:

218 615 264 678 Et
278 638 381 700 genus
398 614 586 679 Humanum
601 614 723 680 frustra
738 615 929 701 ple-rumque
945 619 1096 702 probavit

218 717 358 782 Volvere
373 740 525 783 curarum
540 718 661 782 tristeis
677 719 710 783 in
725 728 859 802 pectore
873 718 1006 784 fluctus.

259 820 348 889 Nam
361 819 461 885 veluti
476 818 577 884 Pueri
591 821 767 905 trepidant,
785 831 883 905 atque
900 823 1007 885 omnia
1021 823 1115 887 caecis

169 935 199 980 ³5
216 922 254 985 ln
270 923 412 987 tenebris
428 933 595 1000 metuunt3
620 922 665 986 sic
681 921 755 985 Nos
769 923 803 984 in
816 922 889 986 luce
903 924 1052 988 timemus

218 1024 387 1090 Interdum
402 1024 501 1088 nihilo
515 1047 591 1108 quae
607 1035 682 1087 sunt
697 1025 872 1088 metuenda
885 1027 999 1109 magia,
1016 1048 1113 1110 quam

218 1127 304 1200 Quae
319 1127 420 1191 Pueri
432 1128 466 1190 in
481 1127 625 1190 tenebris
639 1127 798 1210 pavitant,
814 1127 1008 1212 linguntque
1024 1129 1144 1192 futura.

217 1228 317 1292 Hunc
331 1229 430 1312 igitur
445 1239 602 1293 terrorem
616 1229 723 1305 animi,
740 1231 959 1312 tenebrasque
975 1252 1109 1295 necesse
1124 1231 1163 1293 ’st

217 1329 297 1394 Non
312 1331 395 1396 radii
409 1329 506 1408 Solis,
522 1353 582 1395 nec
597 1330 706 1396 lucida
721 1331 786 1396 tela
800 1333 866 1396 diei

169 1443 201 1488 40
220 1431 418 1509 Discutiunt,
435 1433 493 1496 sed
507 1432 646 1498 Naturae
663 1435 799 1517 species,
815 1434 999 1518 Ratioque:

219 1535 297 1609 Quo
312 1536 413 1619 magis
427 1536 593 1621 inceptum
607 1557 741 1619 pergam
756 1547 929 1619 pertexere
944 1537 1049 1601 dictis

262 1638 308 1700 Et
323 1639 474 1722 quoniam
488 1639 597 1716 docui,
615 1637 735 1703 Mundi
748 1637 896 1702 mortalia
909 1638 1030 1724 templa

203 1812 207 1821 ¹
219 1740 316 1817 Esse,
331 1751 365 1804 et
377 1742 487 1805 nativo
501 1742 681 1806 consistere
696 1761 833 1825 corpore
850 1739 998 1819 Coelum;

218 1843 265 1906 Et
280 1865 482 1927 quaecunque
497 1843 530 1906 in
544 1864 584 1906 eo
598 1842 693 1919 fiunt,
709 1842 866 1927 fientque,
882 1865 1016 1908 necesse

168 1959 199 2004 45
218 1945 304 2008 Esse
318 1967 357 2009 ea
372 1944 522 2010 dissolvi:
547 1968 621 2029 quae
637 1954 762 2009 restant
777 1945 909 2029 percipe
925 1968 1034 2030 porro.

261 2046 537 2130 Quandoquidem
553 2047 651 2112 semel
666 2048 824 2130 insignem
840 2048 1059 2113 conscendere
1074 2068 1204 2111 currum

217 2147 380 2214 Vincendi
395 2171 471 2232 spes
485 2148 618 2213 hortata
628 2150 682 2225 '’st,
699 2159 797 2232 atque
813 2150 908 2213 obvia
923 2171 1021 2215 cursu

131 2330 213 2362 casum
234 2324 259 2363 et
275 2318 392 2364 Naturam
409 2333 452 2378 quo
466 2312 582 2379 confugies
599 2319 666 2364 alio?
699 2314 807 2374 militari,
819 2315 917 2380 eportis
925 2316 1030 2364 Urbium
1039 2325 1081 2364 aut
1088 2316 1237 2372 Castrorum,

131 2382 193 2430 Quid
203 2384 247 2427 crr't
259 2384 372 2428 tertium?
393 2381 459 2428 Nam
477 2382 545 2428 Deus
564 2380 666 2443 Epicuri
699 2380 812 2442 equibus
823 2380 850 2428 in
862 2381 957 2428 bostem
969 2382 998 2428 fit
1009 2380 1112 2443 eruptio.

129 2459 200 2506 poene
213 2460 284 2492 nemo
296 2454 339 2493 est.
375 2445 442 2492 Hinc
459 2445 542 2507 itaque
556 2447 608 2506 jam
626 2445 664 2493 in·
731 2447 770 2492 34.
789 2448 850 2493 Nam
863 2449 934 2495 ueluti
948 2448 1027 2504 Pueri,
1045 2443 1100 2507 etc]
1120 2443 1174 2491 vid.
1193 2442 1235 2491 lib.

130 2508 220 2572 telligis
241 2509 370 2557 clarissimi
393 2510 506 2557 Lambini
530 2508 664 2557 emendati·
700 2509 735 2557 11.
749 2526 771 2557 v.
784 2512 823 2557 54.

128 2588 201 2620 onem
213 2585 277 2621 stare
295 2574 481 2638 haudquaquam
492 2589 571 2638 posse.
599 2573 665 2622 Dein
730 2575 770 2622 42.
787 2577 821 2622 Et
832 2576 1023 2636 quoniom‘docur',
1034 2571 1091 2636 etc]
1109 2574 1237 2621 Hactenus

129 2638 194 2700 quod
214 2654 332 2703 perquam
347 2640 411 2688 foret
430 2639 552 2697 vitiosum,
573 2639 599 2686 in
619 2639 665 2686 hoc
699 2639 801 2702 Epicuri
813 2639 914 2687 lauder:
933 2639 1049 2701 sequitur,
1064 2655 1087 2686 v.
1106 2641 1145 2686 53.
1164 2653 1237 2700 argu-

128 2702 183 2765 ipso
199 2718 270 2751 versu
288 2703 381 2752 diceret
399 2704 535 2762 Lucretius,
555 2703 619 2765 quod
639 2703 664 2750 iu
698 2703 775 2751 menti
798 2704 871 2766 hujus
891 2703 947 2752 libri
971 2703 1115 2766 explicatio:
1145 2703 1236 2766 quippe

128 2767 239 2829 sequenti
256 2777 351 2817 tantum
368 2768 416 2818 dici
433 2768 524 2826 debuit,
542 2771 586 2816 Seu
603 2785 665 2826 casu,
697 2777 754 2880 post
770 2768 920 2833 descriptum
938 2768 1022 2817 muudi
1039 2778 1127 2826 ortum,
1144 2776 1170 2815 et
1186 2783 1235 2814 coe·

127 2849 167 2879 seu
185 2836 215 2891 ui,
232 2837 292 2895 quod
306 2837 340 2881 sic
357 2837 452 2881 Natura
469 2838 581 2894 parasset.
616 2832 665 2881 Sed
707 2843 771 2880 estes
791 2843 880 2890 motus,
899 2833 929 2881 de
951 2836 1062 2882 Meteoris
1079 2841 1141 2895 aget,
1164 2841 1236 2894 utque

127 2913 171 2944 cur
182 2913 211 2945 ea
223 2898 287 2946 mala
297 2914 351 2960 quae
364 2897 483 2946 naturalia
498 2906 556 2945 sunt
571 2900 594 2945 m·
611 2897 664 2944 lieri
697 2897 752 2945 aliis
764 2899 867 2946 Naturae
882 2897 1039 2954 admirandis,
1055 2912 1158 2960 quorum
1178 2912 1236 2944 cau-

128 2961 204 3010 dicitl
237 2963 361 3011 Nimirum
385 2962 427 3011 lex
450 2971 552 3021 naturae,
578 2977 663 3010 neces-
696 2978 736 3010 sas
753 2963 811 3010 dum
828 2963 939 3011 homiues
955 2979 1005 3010 nou
1026 2962 1173 3024 intelligunt,
1195 2961 1238 3010 illa

129 3025 189 3075 sitas
211 3038 312 3085 naturae,
336 3028 428 3075 fcedera
451 3037 544 3075 naturae
565 3031 600 3075 cis
619 3036 663 3084 est,
698 3026 910 3083 Diisattribuuut3
929 3027 988 3074 inde
997 3027 1089 3090 religio,
1099 3027 1236 3074 Numinum

127 3107 200 3153 quam
219 3092 328 3151 eluctari,
351 3108 472 3154 quamque
494 3092 593 3140 eludere
613 3107 662 3139 uon
696 3100 783 3149 metus,
796 3092 877 3150 timor,
888 3092 1024 3148 solicitudo,
1036 3091 1160 3146 anxiatam
1178 3090 1236 3139 inde

128 3157 220 3218 possis:
238 3157 320 3220 itaque
332 3157 416 3206 scribit
427 3161 457 3214 vi,
470 3160 529 3219 quod
538 3161 665 3205 ttcnotura
697 3156 772 3220 periit
790 3172 849 3204 vera
868 3156 955 3222 pietas,
975 3165 1000 3204 et
1017 3156 1157 3204 dominatur
1174 3171 1236 3204 vana

123 3226 249 3281 pordssctr
266 3222 323 3284 quia
334 3237 422 3284 nempe
434 3237 473 3269 res
484 3232 574 3269 nostrae
589 3236 603 3268 a
620 3236 663 3268 na·
698 3221 846 3284 superstitio.

127 3294 183 3333 tura
199 3285 234 3333 ita
252 3295 398 3348 comparatae
418 3285 525 3341 fuerunt,
543 3295 571 3334 ut
589 3285 666 3332 multa
729 3288 770 3341 44,
782 3287 822 3333 45.
840 3287 869 3332 ln
889 3301 915 3332 eo
931 3287 1001 3344 fiunt,
1016 3287 1125 3344 fientque,
1148 3300 1236 3332 necesse

127 3350 240 3397 bumanae
251 3350 386 3397 conditioni
399 3364 496 3397 annexa
512 3349 666 3396 incommoda
698 3352 756 3399 Esse
773 3366 801 3396 eo
819 3347 933 3411 dissolvit]
947 3349 1009 3404 Alii,
1024 3351 1130 3408 Fierique
1148 3365 1236 3397 necesse

127 3413 184 3461 sint.
212 3414 377 3469 Quamobrem
389 3429 433 3460 nec
443 3417 554 3469 naturali,
564 3429 610 3461 nec
622 3431 664 3460 no·
698 3421 739 3470 est,
751 3416 865 3475 Pleraque
876 3415 969 3460 dissolu
976 3431 984 3459 :
1002 3428 1075 3459 merae
1086 3427 1164 3474 nugae.

127 3485 186 3525 ture
197 3482 227 3535 vi,
240 3494 285 3526 nec
297 3477 456 3525 Gifanianum
467 3480 568 3534 naturai,
585 3477 665 3524 locum
707 3497 710 3503 ¹
731 3477 770 3527 47.
792 3480 967 3537 Vincende'spes,
977 3475 1034 3538 etc]
1043 3476 1163 3534 Gifanius‚
1175 3480 1234 3527 Ven-

127 3542 216 3589 habere
238 3543 314 3589 ullum
335 3542 361 3589 in
383 3557 456 3589 versu
478 3540 554 3604 priori
577 3551 664 3605 potest
699 3548 771 3589 torum
782 3541 877 3602 (eorum
890 3558 943 3603 quae
955 3541 1145 3603 consequentur)
1154 3545 1235 3591 exhor-

128 3607 269 3669 Legendum
289 3605 372 3669 igitur,
393 3609 460 3658 Quod
472 3609 556 3666 flueret
571 3623 664 3667 perma—
696 3614 847 3668 tanturspes.
877 3606 936 3663 Alii,
948 3614 1054 3654 votorum.
1079 3605 1138 3664 Alii,
1158 3611 1235 3660 Quae·

126 3680 209 3720 nunter
231 3672 271 3725 sel
291 3674 446 3732 permutatim.
481 3671 544 3718 Haec
567 3670 665 3733 quidem
697 3674 816 3732 doqutdem
827 3675 896 3719 semel
909 3671 973 3720 haud
991 3671 1073 3733 segnis
1090 3675 1237 3723 conscendere

123 3747 197 3791 acute
210 3736 295 3793 Faber,
306 3736 327 3783 si
339 3751 401 3798 opus
411 3735 475 3783 foret
485 3735 533 3783 isto
544 3735 664 3784 acumine.
697 3753 789 3784 carrum
801 3737 937 3785 Ventosum
949 3753 1000 3798 sper
1010 3739 1103 3784 bortoto
1113 3744 1155 3794 cst,
1168 3746 1236 3801 atquc

125 3801 148 3848 E
161 3817 266 3863 quonam
278 3800 361 3849 codice
371 3808 541 3862 permananter,
555 3801 592 3848 vel
609 3817 664 3862 per·
697 3804 763 3848 obuio
776 3817 870 3855 cursu3
899 3801 956 3849 Sive
979 3805 1064 3849 cursui.
1102 3800 1237 3852 Lambinus

125 3865 325 3929 mutotimeffingi
336 3860 433 3930 potest'l
459 3865 539 3928 Igitur
555 3865 665 3913 deleatur
697 3866 742 3914 hos
763 3875 813 3913 tres
833 3881 918 3914 versus
939 3865 1110 3930 supposititios
1133 3867 1236 3930 putavit,

126 3930 172 3978 iste
183 3946 276 3988 versus,
294 3940 320 3979 et
336 3946 395 3979 sane
412 3932 496 3978 abesse
515 3939 603 3993 potest,
623 3938 666 3977 aut
699 3930 801 3979 Vossius
820 3931 917 3978 tandem
936 3931 967 3979 ad
986 3929 1118 3989 Catullum,
1135 3947 1160 3994 p.
1182 3933 1236 3981 191.

85 4029 91 4037 .
125 3996 268 4044 admittatur
285 3995 399 4048 Lambini
416 4003 506 4044 amare
524 3999 553 4052 vi,
573 3995 664 4043 Lucre·
698 3994 788 4052 scribit,
820 3998 1006 4059 Quandoquidem
1034 3998 1103 4044 semel
1125 3999 1238 4060 insignem

126 4059 175 4108 tius
184 4061 248 4108 enim
258 4061 320 4109 solet
329 4061 377 4108 alio
386 4076 457 4108 versu
470 4059 592 4123 explicare
601 4059 666 4122 quod
698 4063 845 4109 corucendere
862 4077 953 4109 currum
971 4061 1108 4109 Ventorum
1124 4061 1237 4110 exhortet

125 4123 152 4170 in
163 4124 239 4186 priori
250 4125 376 4174 obscurius
387 4125 491 4182 dixerat,
504 4125 538 4172 ita
548 4129 612 4172 carie
624 4141 663 4172 uo·
696 4125 807 4188 pellacia,
819 4133 842 4174 et
854 4131 929 4174 omniu
945 4141 1043 4174 rursum
1064 4128 1120 4176 Qua
1129 4121 1237 4184 suerum,

127 4190 186 4235 leret
198 4205 256 4237 voce
267 4207 323 4239 cocu
334 4190 442 4254 exponit,
455 4198 546 4238 notura
562 4193 592 4248 ui,
609 4189 664 4238 istis
696 4190 1068 4252 suntplocotocouocrsafavore.
1094 4188 1238 4248 Currum,id

127 4251 226 4303 vocibus
237 4257 598 4317 utquoducuaturaparduet.
698 4259 847 4311 assuerim,-
864 4272 955 4303 merum
971 4254 1023 4302 sive
1041 4261 1108 4300 retro.
1143 4252 1236 4302 Forsan

155 4317 198 4371 ι31.
218 4320 306 4371 Qubus
317 4320 425 4382 epactis]
440 4320 588 4384 Metaphora
604 4336 618 4368 e
638 4336 664 4370 re
697 4320 731 4368 ita
743 4319 843 4383 scripsit
856 4319 992 4376 Lucretius,
1010 4332 1089 4379 neque
1106 4316 1173 4366 enim
1189 4333 1238 4370 vox

800 4398 846 4445 oq
