2872 4852
258 240 324 303 204
641 241 685 306 Τ.
717 240 988 338 LUCRETll

283 417 331 464 49⁶
349 400 395 464 Et
410 418 556 461 seorsum
570 397 676 462 varios
692 419 802 462 rerum
817 399 937 462 sentire
952 398 1099 476 Colores,

347 503 395 566 Et
409 521 612 585 quaecunque
628 497 782 564 coloribu’
799 509 875 563 sunt
889 500 1074 584 conjuncta,
1088 523 1222 569 necesse
1238 505 1288 569 ’st

346 607 485 669 Seorsus
500 602 577 665 item
593 600 700 686 Sapor
715 602 779 665 oris
794 601 895 665 habet
910 602 984 679 vim,
1004 624 1134 667 seorsus
1150 604 1283 670 Odores

344 706 550 780 Nascuntur,
567 725 713 767 seorsum
728 703 879 768 Sonitus:
903 705 1044 788 ideoque
1060 727 1193 772 necesse
1208 708 1260 786 ’st,
1307 724 1312 730 '

345 808 426 873 Non
440 806 566 889 possint
581 803 660 888 alios
676 805 730 869 alii
745 807 935 871 convincere
951 806 1086 871 Sensus.

281 927 329 973 500
343 910 417 974 Nec
432 929 531 992 porro
545 917 701 993 poterunt
715 909 779 992 ipsi
793 910 991 993 reprendere
1007 932 1099 987 sese;

345 1013 459 1095 AEqua
473 1010 557 1074 fides
572 1010 724 1093 quoniam
739 1009 874 1074 debebit
889 1033 1018 1095 semper
1032 1010 1157 1076 haberi.

345 1113 501 1188 Proinde,
512 1111 602 1196 quod
611 1111 645 1174 in
654 1133 785 1195 quoque
797 1112 837 1175 ’st
847 1112 899 1177 his
910 1114 1014 1177 visum
1022 1124 1182 1199 tempore,
1192 1137 1303 1181 verum
1315 1117 1367 1182 ’st

390 1216 449 1293 Et,
466 1215 572 1277 sinon
587 1213 708 1297 poterit
720 1215 803 1277 ratio
817 1213 994 1279 dissolvere
1009 1238 1150 1294 causam,

347 1317 415 1382 Cur
430 1339 480 1392 ea,
496 1337 571 1400 quae
586 1314 707 1378 fuerint
716 1315 838 1399 juxtim
853 1317 1023 1400 quadrata,
1039 1317 1154 1400 procul
1169 1318 1234 1382 sint

282 1433 328 1478 505
344 1419 428 1484 Visa
442 1416 602 1494 rotunda3
627 1426 734 1480 tamen
749 1427 885 1500 praestat
899 1419 1032 1482 rationis
1050 1429 1200 1502 egentem

345 1521 501 1585 Reddere
517 1518 671 1583 mendose
687 1540 802 1583 causas
818 1520 988 1604 utriusque
1002 1519 1129 1604 figurae,

347 1622 456 1696 Quam
470 1621 618 1684 manibus
633 1619 803 1683 manifesta
818 1622 885 1684 suis
900 1622 1046 1685 emittere
1063 1644 1254 1706 quaequam3

346 1724 394 1787 Et
407 1720 528 1786 violare
542 1719 641 1784 {idem
656 1721 801 1803 primam,
817 1731 851 1784 et
865 1721 1045 1787 convellere
1060 1734 1128 1787 tota

345 1823 581 1899 Fundamenta,
596 1823 715 1906 quibus
731 1824 862 1886 nixatur
877 1823 967 1901 Vita,
983 1824 1156 1909 Salusque.

281 1940 329 1987 510
343 1926 424 1990 Non
438 1924 536 1989 modo
548 1925 633 1988 enim
647 1923 747 1988 Ratio
761 1936 837 1988 ruat
851 1927 965 2003 omnis,
981 1927 1060 1992 Vita
1075 1935 1206 2012 quoque
1219 1928 1292 2011 ipsa

345 2028 505 2093 Concidet
518 2027 693 2113 extemplo,
708 2029 771 2091 nisi
786 2028 920 2094 credere
937 2030 1086 2093 sensibus
1102 2031 1200 2107 ausis,

345 2131 612 2215 Praecipiteisque
627 2129 716 2194 locos
730 2132 844 2210 vitare,
860 2143 894 2197 et
909 2142 1039 2210 caetera,
1055 2156 1129 2217 quae
1145 2136 1221 2210 sint,

344 2233 382 2297 ln
397 2254 517 2318 genere
532 2231 595 2297 hoc
610 2231 782 2317 fugienda;
806 2236 908 2318 sequi,
925 2236 1086 2299 contraria
1102 2258 1176 2320 quae
1191 2235 1264 2300 sint.

344 2334 405 2399 Illa
420 2336 479 2400 tibi
493 2345 545 2399 est
557 2335 656 2418 igitur
670 2336 842 2399 verborum
857 2337 952 2420 copia
965 2358 1058 2401 cassa

279 2451 326 2498 515
342 2438 458 2502 Omnis
474 2459 548 2520 quae
563 2451 676 2501 contra
691 2459 805 2500 sensus
821 2438 990 2515 instructa,
1006 2449 1121 2522 parata
1136 2439 1186 2502 ’st

386 2539 539 2622 Denique
555 2539 639 2602 utin
655 2537 803 2616 Fabrica,
822 2540 848 2603 si
864 2562 963 2623 prava
979 2542 1018 2605 ’st
1033 2540 1163 2625 Regula
1177 2542 1291 2625 prima,

342 2641 535 2724 Normaque
550 2640 575 2703 si
591 2637 690 2702 fallax
704 2641 802 2703 rectis
817 2641 1005 2724 regionibus
1019 2644 1099 2719 exit,

343 2743 391 2806 Et
407 2740 534 2805 Libella
546 2738 654 2824 aliqua
670 2740 697 2802 si
710 2761 752 2802 ex
766 2742 853 2824 parti
866 2741 1027 2807 claudicat
1041 2742 1160 2821 hilum3

344 2844 463 2908 Omnia
478 2841 633 2906 mendose
648 2840 731 2918 fieri,
746 2853 844 2926 atque
860 2845 989 2929 obstipa
1003 2867 1172 2910 necessum
1187 2847 1237 2923 ’st‚

280 2952 327 2998 ⁵20
344 2945 460 3021 Prava,
477 2943 641 3019 cubantia,
657 2964 771 3027 prona,
789 2945 916 3027 supina,
933 2955 1031 3030 atque
1047 2949 1170 3012 absona
1186 2958 1288 3027 teeta3

342 3046 418 3111 Jam
432 3067 527 3110 ruere
543 3054 580 3110 ut
594 3044 744 3128 quaedam
759 3045 930 3110 videantur
944 3047 1036 3126 velle,
1053 3060 1225 3135 ruantque,

342 3149 479 3214 Prodita
489 3147 620 3233 judiciis
635 3144 803 3211 fallacibus
818 3149 924 3212 omnia
936 3150 1058 3232 primis.

288 3405 343 3450 503.
356 3406 425 3460 Ean·
434 3420 477 3452 aon
487 3406 580 3465 poterit,
590 3399 647 3464 eta]
659 3401 723 3450 Cum
733 3416 791 3449 vero
824 3399 901 3457 κύνας,
914 3399 954 3449 eal
969 3398 1016 3448 ὅσα
1028 3402 1134 3460 τοιαῦτα,
1149 3398 1224 3461 μηδὲν
1239 3402 1292 3450 ταῖς
1309 3399 1362 3450 alc-

255 3482 320 3528 saepe
336 3467 450 3525 fallimur,
464 3483 520 3517 cum
531 3483 554 3516 v.
571 3483 594 3530 g.
612 3467 698 3515 Turris
714 3467 789 3529 quad-
823 3463 922 3521 θήσεσιν
933 3463 1069 3528 ἐπιτρέπων.
1151 3493 1153 3497 -

254 3539 307 3577 rata
319 3530 414 3580 eminus
425 3532 478 3581 visa
485 3541 603 3595 appareat
611 3532 723 3589 rotunda,
733 3529 792 3593 quid
857 3530 912 3578 516.
926 3533 1030 3593 Decipe
1039 3538 1065 3578 ut
1074 3534 1099 3578 r'n
1108 3530 1282 3593 Fabricaetc]
1293 3531 1360 3578 Lon-

255 3594 377 3656 agendum
399 3598 455 3645 estl
489 3597 633 3660 Respondet
654 3595 790 3651 Lucretius,
823 3609 879 3657 gam
895 3595 958 3643 hanc
969 3595 1167 3669 disputationem,
1185 3611 1207 3642 v.
1221 3596 1243 3642 9.
1260 3594 1360 3642 conclu-

255 3673 278 3705 ν.
293 3660 330 3705 13.
343 3659 425 3708 Satius
436 3675 490 3708 esse
501 3660 624 3723 negligere
636 3659 790 3723 istaproble·
824 3658 875 3706 dit:
899 3674 985 3708 sensus
1002 3659 1021 3706 ir
1037 3669 1102 3718 sunt,
1119 3659 1150 3708 ad
1166 3673 1269 3721 quorum
1287 3658 1361 3707 fidem

255 3731 328 3779 mata,
340 3733 671 3786 autquamcunquecausam
682 3723 790 3786 assigna-
824 3737 864 3771 res
886 3738 971 3773 omues
990 3724 1126 3787 exigimus3
1149 3722 1252 3783 ideoque
1274 3721 1295 3768 si
1318 3721 1360 3770 isti

254 3801 290 3844 re,
301 3801 373 3847 quam
386 3787 498 3836 sensibus
508 3787 625 3845 diffidere,
637 3788 725 3849 quibus
742 3796 793 3834 tota
825 3786 922 3836 fallaces
943 3787 1001 3847 sint,
1024 3789 1056 3836 de
1077 3787 1145 3837 omni
1166 3783 1312 3834 certimdiue
1335 3796 1361 3831 er

254 3849 306 3899 vita
324 3860 349 3898 et
366 3851 431 3899 salus
449 3851 575 3908 innitatur,
595 3867 652 3899 nam
670 3852 724 3900 sine
742 3851 791 3898 illis
823 3851 926 3900 scientia
948 3852 995 3901 erit
1015 3861 1103 3901 actum.
1137 3851 1192 3899 Nec
1214 3847 1295 3896 minus
1315 3861 1360 3896 nos

254 3914 360 3964 salubria
376 3914 474 3977 eligere,
491 3925 533 3964 aut
550 3915 631 3972 noxia,
647 3914 790 3979 precipitio,
824 3930 960 3965 erraremus
974 3932 1047 3979 quam
1062 3916 1142 3964 Faber
1155 3913 1204 3969 ille,
1220 3910 1262 3973 qui
1280 3910 1360 3960 fallaci

256 3997 278 4029 v.
295 3995 318 4042 g.
336 3978 452 4036 flammas,
470 3988 495 4027 et
512 3979 630 4042 ejmmodi
648 3979 697 4027 alia
714 3979 792 4028 vitare
823 3980 915 4043 regula,
928 3997 1019 4038 norma,
1031 3989 1058 4028 et
1067 3978 1150 4027 libella
1160 3975 1244 4025 utitur.

255 4059 305 4093 non
322 4058 466 4106 possumus:
483 4043 523 4092 hic
535 4059 593 4092 vero
604 4044 683 4156 tanp't
695 4044 790 4108 Scepti-
856 4046 911 4093 519.
934 4048 1031 4107 Obrtr'pa
1063 4044 1176 4099 curvata,
1197 4039 1301 4103 obliqua,
1320 4041 1358 4090 in-

255 4107 651 4172 omdequommprincipel’yrr
669 4124 715 4157 one
728 4109 789 4158 Dio·
822 4107 899 4165 flexa5
933 4109 1020 4157 Cicero
1047 4106 1074 4155 in
1102 4106 1173 4154 Arati
1202 4105 1358 4156 Phaenomen.

254 4188 330 4238 genes
354 4171 477 4228 Laertiuu
507 4171 588 4230 Μηδὲν
610 4171 790 4236 ἐκτραπόμενος,
823 4173 954 4236 Obstipum
963 4178 1069 4233 caputet
1077 4173 1145 4218 tereti
1153 4173 1358 4232 cemiceresteaum,

254 4233 566 4364 mdlrffiprrdprrcsdr,
579 4234 673 4286 duma
690 4236 790 4300 dptrrd·
825 4237 950 4293 Horatius,
963 4235 1013 4284 Sat.
1026 4237 1049 4282 5.
1061 4234 1102 4283 lib.
1117 4235 1152 4283 11.
1187 4239 1357 4286 Daaurrbco-

254 4320 332 4363 μενος,
401 4319 435 4361 as,
448 4300 470 4351 rl
479 4299 557 4364 τύχοι,
566 4300 605 4350 καὶ
617 4301 739 4363 κρημνοὺς,
751 4303 790 4352 acl
823 4305 902 4361 mlcm,
913 4309 982 4363 atque
993 4301 1046 4348 Stes
1056 4303 1131 4362 capite
1143 4301 1246 4366 obstipo.
