2872 4852
690 218 725 290 vi

153 411 248 474 quam
276 385 413 451 absolvit
438 385 623 470 Physicam,
649 387 859 452 fundamenta
879 388 960 472 jecit
984 389 1076 452 istius
1105 390 1261 467 scientiae,

153 528 249 591 quam
280 490 438 590 perficere
468 515 569 569 totam
599 506 804 571 Posteritatis
834 506 1026 603 industriam
1050 506 1258 573 exhauriret:

152 623 253 687 multa
275 622 353 707 Ipse
368 623 513 707 aperuit;
545 621 646 688 multa
660 622 790 708 reliquit
805 623 874 688 aliis
890 623 1095 709 explicanda,
1110 636 1155 702 et,
1170 627 1260 709 quod

154 743 291 806 maxime
307 741 465 819 dolemus,
489 741 581 806 Illius
597 741 672 807 olim
694 742 843 808 foeliciter
859 745 1014 808 transacti
1034 743 1163 810 labores
1185 755 1260 809 sunt

154 861 270 925 iterum
285 884 305 925 a
320 860 428 925 Nobis
445 862 660 927 retractandi:
685 885 759 926 nam
773 885 791 926 e
808 863 976 927 trecentis⁹
990 862 1216 942 voluminibus,
1234 865 1260 928 si

155 992 221 1044 tres
246 979 399 1066 epistolas
422 981 604 1065 exciperes,
630 981 708 1065 quid
736 991 886 1066 superest
907 993 1027 1067 praeter
1051 982 1259 1047 sententiolas

154 1101 312 1184 quasdam
327 1102 369 1163 ab
383 1098 600 1175 Academicis,
618 1099 747 1177 Stoicis,
763 1110 797 1164 et
819 1099 1038 1185 PyrrhoniciS,
1055 1101 1183 1185 injustis
1202 1101 1260 1165 ho-

153 1220 292 1284 minibus
307 1217 416 1302 illique
433 1217 636 1302 Philosopho
658 1219 881 1283 inimicissimis
897 1223 1127 1285 conservatas?
1166 1220 1259 1294 Quas

154 1349 262 1404 tamen
274 1360 339 1403 non
355 1349 391 1401 ut
406 1334 496 1400 Illius
512 1336 643 1413 decora,
660 1338 719 1402 sed
734 1361 801 1402 suae
815 1339 942 1402 virtutis
958 1338 1076 1402 indicia
1091 1337 1258 1416 exhibent,

154 1459 294 1543 ideoque
318 1455 435 1521 lacerae
462 1466 620 1540 apparent
640 1465 674 1520 et
697 1455 820 1534 fractae,
848 1468 1001 1541 tanquam
1025 1457 1173 1541 trophaea
1193 1458 1259 1522 suis

153 1578 271 1642 ictibus
281 1575 441 1642 confossa.
476 1573 645 1639 EGraecis
656 1576 824 1661 discipulis
834 1576 927 1641 multi
936 1576 1137 1661 scripserunt
1146 1575 1258 1653 multa,
1297 1609 1302 1615 ’

154 1718 220 1760 non
243 1695 370 1760 erudite
392 1693 497 1770 nimis,
516 1703 550 1757 et
569 1693 773 1759 considerate
797 1717 932 1780 parum3
962 1716 979 1758 e
999 1694 1125 1758 Latinis
1150 1695 1259 1778 pauci,

153 1812 341 1891 Amafanii¹,
353 1812 519 1896 Catiique²
531 1812 653 1897 scripta
663 1813 843 1897 perierunt,
854 1824 1043 1898 contemptu
1059 1837 1127 1878 suae
1141 1815 1259 1893 aetatis,

153 1933 357 2018 sequentium
379 1930 548 2016 neglectu,
576 1940 730 2014 totusque
753 1931 931 2016 Epicurus,
954 1942 1095 2017 quantus
1118 1943 1259 2018 quantus

152 2050 225 2117 olim
242 2051 312 2126 fuit,
336 2050 449 2113 inuno
465 2048 618 2112 Lucretio
634 2047 703 2133 (qui
717 2058 783 2114 tres
806 2051 885 2114 istas
901 2050 1055 2135 epistolas
1072 2075 1091 2116 a
1107 2051 1258 2138 Diogene

154 2169 304 2235 Laertio³
322 2169 516 2253 descriptas,
532 2166 607 2232 olim
629 2167 785 2252 integraS,
801 2169 900 2234 hodie
915 2193 992 2235 vero
1007 2173 1123 2236 mirum
1144 2173 1177 2236 in
1192 2197 1260 2238 mo-

154 2290 232 2355 dum
254 2290 448 2374 depravatas
472 2286 590 2350 Latine
613 2286 749 2350 vertisse
771 2287 849 2352 mihi
872 2289 959 2355 visus
979 2290 1041 2373 est)
1064 2292 1257 2357 continetur.

153 2407 313 2493 Tempus,
328 2417 366 2471 ut
379 2406 510 2479 flumen,
526 2427 579 2469 res
591 2428 672 2489 quas
686 2406 801 2490 recipit
815 2405 973 2486 dissolvit,
987 2419 1020 2473 et
1035 2432 1109 2474 raro
1124 2411 1259 2496 integrae

154 2528 356 2593 deferuntur.

195 2644 372 2710 Pareamus
395 2643 494 2727 igitur
515 2642 626 2727 primis
649 2643 795 2708 Lucretii
811 2643 1017 2722 Editoribus,
1035 2668 1140 2731 neque
1163 2648 1260 2713 Incu-
1317 2624 1320 2630 ¹

151 2765 209 2829 riae
225 2764 420 2848 imputemus
436 2762 524 2840 vitia,
540 2784 614 2847 quae
629 2761 754 2846 Inopiae
769 2762 880 2827 forsan
896 2765 1002 2828 verius
1019 2766 1256 2846 attribuantur;

152 2884 337 2948 omittamus
352 2881 476 2957 saltem,
493 2890 666 2966 postquam
689 2881 840 2946 Lambini
855 2883 1026 2967 sagacitas,
1043 2894 1076 2949 et
1092 2883 1257 2951 Gassendi
1311 2893 1312 2897 ’

152 3001 411 3087 incomparabilis
423 3001 482 3063 viri
494 3002 633 3065 eruditio
645 3000 765 3079 effecit,
779 3012 816 3066 ut
830 3004 991 3086 possimus
1007 3002 1133 3068 illorum
1146 3005 1257 3069 indus-

152 3123 214 3187 tria
229 3121 354 3187 facilius
370 3141 491 3185 carere.
526 3119 622 3184 Alter
636 3122 720 3185 enim
736 3122 769 3184 in
782 3121 948 3186 codicibus
965 3120 1169 3188 conferendis
1187 3124 1258 3189 dili-

152 3265 246 3328 gens,
276 3242 308 3305 in
339 3240 552 3325 conjectando
579 3249 706 3316 acutuS,
732 3250 766 3304 et
790 3238 940 3305 foeliciter
964 3241 1084 3320 audax,
1111 3243 1255 3310 imbutus

153 3361 291 3446 Epicuri
302 3359 459 3436 doctrina,
476 3357 636 3435 Turnebi,
652 3358 782 3436 Aurati,
793 3359 928 3424 aliorum
937 3360 1149 3428 familiaritate
1165 3387 1255 3443 usus,

151 3479 260 3543 multis
276 3480 361 3544 curis
377 3477 542 3562 multoque
563 3478 672 3542 studio
687 3479 770 3543 adeo
786 3481 991 3545 emendatum
1006 3482 1109 3547 edidit
1133 3483 1256 3548 Lucre-

152 3597 242 3674 tium,
258 3605 295 3660 ut
309 3594 416 3661 nullus
433 3596 502 3660 fere
525 3595 703 3660 Poetarum
724 3597 899 3683 integrior:
928 3600 1009 3665 alter
1032 3602 1077 3665 ita
1094 3604 1257 3685 expressit

152 3713 344 3798 Epicurum,
360 3725 476 3780 utnon
490 3716 592 3800 magis
608 3717 715 3800 imago
729 3715 842 3781 faciem
855 3745 863 3796 3
887 3719 949 3781 nisi
964 3721 1065 3803 quod,
1082 3733 1118 3784 ut
1134 3721 1165 3784 in
1182 3720 1256 3785 Pic-

150 3843 225 3897 tura
239 3833 429 3919 plerumque
443 3835 493 3912 fit,
509 3834 562 3900 hic
578 3836 620 3899 sit
634 3858 698 3900 non
719 3859 833 3921 parum
849 3836 1047 3921 elegantior3
1072 3840 1174 3923 etqui
1197 3840 1256 3902 ho-

148 3975 220 4016 rum
236 3954 344 4017 studia
358 3965 435 4037 apte
451 3954 667 4037 conjunxerit,
684 3954 749 4018 Ille
763 3954 842 4018 mihi
856 3955 985 4022 videtur
1009 3957 1155 4024 Lucretii
1171 3960 1255 4045 opti-

147 4095 219 4136 mus
234 4072 412 4157 Interpres.

179 4239 189 4270 ⁹
202 4238 326 4301 Diogenes
338 4237 458 4297 laertius,
470 4239 510 4314 lib.
525 4240 556 4288 X.
747 4242 758 4273 ²
769 4241 856 4292 Cicero
869 4244 948 4308 Epist
961 4245 992 4293 ad
1003 4245 1123 4294 Cassium.

179 4317 186 4348 ¹
198 4318 284 4367 Cicero
296 4320 386 4376 Queat.
399 4320 475 4368 Acad.
488 4320 529 4369 lib.
545 4322 564 4369 1.
748 4323 758 4353 ³
771 4324 824 4371 Lib.
838 4325 870 4372 Χ.
