<?xml version="1.0" encoding="UTF-8"?>
<!DOCTYPE html PUBLIC "-//W3C//DTD XHTML 1.0 Transitional//EN"
    "http://www.w3.org/TR/xhtml1/DTD/xhtml1-transitional.dtd">
<html xmlns="http://www.w3.org/1999/xhtml" xml:lang="en" lang="en">
 <head>
  <title>
</title>
<meta http-equiv="Content-Type" content="text/html;charset=utf-8" />
  <meta name='ocr-system' content='tesseract 3.04.00' />
  <meta name='ocr-capabilities' content='ocr_page ocr_carea ocr_par ocr_line ocrx_word'/>
</head>
<body>
  <div class='ocr_page' id='page_1' title='image "./titilucretiicar04carugoog_0189.png"; bbox 0 0 2872 4852; ppageno 0'>
   <div class='ocr_carea' id='block_1_1' title="bbox 452 207 1237 311">
    <p class='ocr_par' dir='ltr' id='par_1_1' title="bbox 452 207 1237 311">
     <span class='ocr_line' id='line_1_1' title="bbox 452 207 1237 311; baseline 0.004 -4"><span class='ocrx_word' id='word_1_1' title='bbox 452 241 623 308; x_wconf 82' lang='grc'><strong>88888</strong></span> <span class='ocrx_word' id='word_1_2' title='bbox 650 207 909 310; x_wconf 77' lang='lat' dir='ltr'>ruamus,</span> <span class='ocrx_word' id='word_1_3' title='bbox 1175 246 1237 311; x_wconf 80' lang='lat' dir='ltr'>rsa</span> 
     </span>
    </p>
   </div>
   <div class='ocr_carea' id='block_1_2' title="bbox 148 399 1216 2421">
    <p class='ocr_par' dir='ltr' id='par_1_2' title="bbox 148 399 1216 2421">
     <span class='ocr_line' id='line_1_2' title="bbox 257 399 1182 485; baseline -0.001 -20"><span class='ocrx_word' id='word_1_4' title='bbox 257 399 434 476; x_wconf 84' lang='lat' dir='ltr'>Praeterea,</span> <span class='ocrx_word' id='word_1_5' title='bbox 449 417 653 485; x_wconf 88' lang='lat' dir='ltr'>quaecunque</span> <span class='ocrx_word' id='word_1_6' title='bbox 666 411 799 466; x_wconf 87' lang='lat' dir='ltr'>manent</span> <span class='ocrx_word' id='word_1_7' title='bbox 813 400 966 477; x_wconf 88' lang='lat' dir='ltr'>AEterna,</span> <span class='ocrx_word' id='word_1_8' title='bbox 983 421 1116 465; x_wconf 88' lang='lat' dir='ltr'>necesse</span> <span class='ocrx_word' id='word_1_9' title='bbox 1132 401 1182 479; x_wconf 89' lang='lat' dir='ltr'>&#39;st,</span> 
     </span>
     <span class='ocr_line' id='line_1_3' title="bbox 213 500 1113 588; baseline -0.001 -21"><span class='ocrx_word' id='word_1_10' title='bbox 213 500 284 567; x_wconf 90' lang='lat' dir='ltr'>Aut</span> <span class='ocrx_word' id='word_1_11' title='bbox 298 503 375 588; x_wconf 84' lang='lat' dir='ltr'>quia</span> <span class='ocrx_word' id='word_1_12' title='bbox 390 511 466 566; x_wconf 88' lang='lat' dir='ltr'>sunt</span> <span class='ocrx_word' id='word_1_13' title='bbox 479 501 593 566; x_wconf 89' lang='lat' dir='ltr'>Solido</span> <span class='ocrx_word' id='word_1_14' title='bbox 607 525 681 566; x_wconf 87' lang='lat' dir='ltr'>curn</span> <span class='ocrx_word' id='word_1_15' title='bbox 696 524 833 587; x_wconf 92' lang='lat' dir='ltr'>corpore</span> <span class='ocrx_word' id='word_1_16' title='bbox 848 524 1004 587; x_wconf 84' lang='lat' dir='ltr'>respuere</span> <span class='ocrx_word' id='word_1_17' title='bbox 1018 504 1113 580; x_wconf 91' lang='lat' dir='ltr'>ictus,</span> 
     </span>
     <span class='ocr_line' id='line_1_4' title="bbox 212 605 1178 690; baseline 0 -20"><span class='ocrx_word' id='word_1_18' title='bbox 212 605 287 670; x_wconf 90' lang='lat' dir='ltr'>Nec</span> <span class='ocrx_word' id='word_1_19' title='bbox 303 616 475 690; x_wconf 89' lang='lat' dir='ltr'>penetrare</span> <span class='ocrx_word' id='word_1_20' title='bbox 490 605 560 689; x_wconf 87' lang='lat' dir='ltr'>pati</span> <span class='ocrx_word' id='word_1_21' title='bbox 576 605 637 668; x_wconf 85' lang='lat' dir='ltr'>sibi</span> <span class='ocrx_word' id='word_1_22' title='bbox 652 605 836 688; x_wconf 90' lang='lat' dir='ltr'>quicquam,</span> <span class='ocrx_word' id='word_1_23' title='bbox 853 606 942 688; x_wconf 92' lang='lat' dir='ltr'>quod</span> <span class='ocrx_word' id='word_1_24' title='bbox 956 615 1056 690; x_wconf 84' lang='lat' dir='ltr'>queat</span> <span class='ocrx_word' id='word_1_25' title='bbox 1071 617 1178 671; x_wconf 87' lang='lat' dir='ltr'>arctas</span> 
     </span>
     <span class='ocr_line' id='line_1_5' title="bbox 149 707 889 791; baseline 0.004 -24"><span class='ocrx_word' id='word_1_26' title='bbox 149 720 197 767; x_wconf 84' lang='lat'>810</span> <span class='ocrx_word' id='word_1_27' title='bbox 213 708 401 773; x_wconf 91' lang='lat' dir='ltr'>Dissociare</span> <span class='ocrx_word' id='word_1_28' title='bbox 416 709 503 770; x_wconf 91' lang='lat' dir='ltr'>intus</span> <span class='ocrx_word' id='word_1_29' title='bbox 518 707 659 791; x_wconf 89' lang='lat' dir='ltr'>parteis;</span> <span class='ocrx_word' id='word_1_30' title='bbox 683 718 720 771; x_wconf 91' lang='lat' dir='ltr'>ut</span> <span class='ocrx_word' id='word_1_31' title='bbox 735 707 889 772; x_wconf 87' lang='lat' dir='ltr'>Materiai</span> 
     </span>
     <span class='ocr_line' id='line_1_6' title="bbox 213 810 1105 896; baseline 0.001 -21"><span class='ocrx_word' id='word_1_32' title='bbox 213 810 362 896; x_wconf 85' lang='lat' dir='ltr'>Corpora</span> <span class='ocrx_word' id='word_1_33' title='bbox 377 820 465 887; x_wconf 91' lang='lat' dir='ltr'>sunt,</span> <span class='ocrx_word' id='word_1_34' title='bbox 479 830 617 893; x_wconf 92' lang='lat' dir='ltr'>quorum</span> <span class='ocrx_word' id='word_1_35' title='bbox 630 819 780 873; x_wconf 87' lang='lat' dir='ltr'>naturam</span> <span class='ocrx_word' id='word_1_36' title='bbox 795 810 995 875; x_wconf 83' lang='lat' dir='ltr'>ostendimus</span> <span class='ocrx_word' id='word_1_37' title='bbox 1011 821 1105 890; x_wconf 79' lang='lat' dir='ltr'>ante3</span> 
     </span>
     <span class='ocr_line' id='line_1_7' title="bbox 213 910 988 996; baseline 0 -19"><span class='ocrx_word' id='word_1_38' title='bbox 213 910 284 977; x_wconf 89' lang='lat' dir='ltr'>Aut</span> <span class='ocrx_word' id='word_1_39' title='bbox 298 913 373 977; x_wconf 91' lang='lat' dir='ltr'>ideo</span> <span class='ocrx_word' id='word_1_40' title='bbox 388 913 507 976; x_wconf 88' lang='lat' dir='ltr'>durare</span> <span class='ocrx_word' id='word_1_41' title='bbox 521 921 650 974; x_wconf 87' lang='lat' dir='ltr'>aetatem</span> <span class='ocrx_word' id='word_1_42' title='bbox 663 933 761 994; x_wconf 87' lang='lat' dir='ltr'>posse</span> <span class='ocrx_word' id='word_1_43' title='bbox 776 934 836 996; x_wconf 91' lang='lat' dir='ltr'>per</span> <span class='ocrx_word' id='word_1_44' title='bbox 851 935 988 990; x_wconf 91' lang='lat' dir='ltr'>omnem,</span> 
     </span>
     <span class='ocr_line' id='line_1_8' title="bbox 213 1013 1032 1099; baseline 0 -21"><span class='ocrx_word' id='word_1_45' title='bbox 213 1013 388 1099; x_wconf 87' lang='lat' dir='ltr'>Plagarum</span> <span class='ocrx_word' id='word_1_46' title='bbox 403 1015 478 1098; x_wconf 91' lang='lat' dir='ltr'>quia</span> <span class='ocrx_word' id='word_1_47' title='bbox 494 1023 570 1078; x_wconf 92' lang='lat' dir='ltr'>sunt</span> <span class='ocrx_word' id='word_1_48' title='bbox 584 1015 743 1097; x_wconf 85' lang='lat' dir='ltr'>expertia,</span> <span class='ocrx_word' id='word_1_49' title='bbox 760 1015 843 1078; x_wconf 88' lang='lat' dir='ltr'>sicut</span> <span class='ocrx_word' id='word_1_50' title='bbox 858 1014 958 1078; x_wconf 90' lang='lat' dir='ltr'>Inane</span> <span class='ocrx_word' id='word_1_51' title='bbox 974 1015 1032 1093; x_wconf 88' lang='lat' dir='ltr'>’st;</span> 
     </span>
     <span class='ocr_line' id='line_1_9' title="bbox 213 1115 1175 1199; baseline -0.001 -18"><span class='ocrx_word' id='word_1_52' title='bbox 213 1117 315 1191; x_wconf 82' lang='lat' dir='ltr'>Quod</span> <span class='ocrx_word' id='word_1_53' title='bbox 329 1126 439 1180; x_wconf 89' lang='lat' dir='ltr'>manet</span> <span class='ocrx_word' id='word_1_54' title='bbox 451 1116 619 1192; x_wconf 84' lang='lat' dir='ltr'>intactum,</span> <span class='ocrx_word' id='word_1_55' title='bbox 634 1136 740 1198; x_wconf 90' lang='lat' dir='ltr'>neque</span> <span class='ocrx_word' id='word_1_56' title='bbox 756 1116 799 1179; x_wconf 89' lang='lat' dir='ltr'>ab</span> <span class='ocrx_word' id='word_1_57' title='bbox 813 1116 881 1179; x_wconf 92' lang='lat' dir='ltr'>ictu</span> <span class='ocrx_word' id='word_1_58' title='bbox 895 1115 1042 1199; x_wconf 86' lang='lat' dir='ltr'>fungitur</span> <span class='ocrx_word' id='word_1_59' title='bbox 1056 1115 1175 1180; x_wconf 85' lang='lat' dir='ltr'>hilum:</span> 
     </span>
     <span class='ocr_line' id='line_1_10' title="bbox 149 1214 1134 1300; baseline 0.003 -23"><span class='ocrx_word' id='word_1_60' title='bbox 149 1231 195 1278; x_wconf 82' lang='lat'>815</span> <span class='ocrx_word' id='word_1_61' title='bbox 211 1216 282 1283; x_wconf 89' lang='lat' dir='ltr'>Aut</span> <span class='ocrx_word' id='word_1_62' title='bbox 296 1218 383 1293; x_wconf 91' lang='lat' dir='ltr'>ideo,</span> <span class='ocrx_word' id='word_1_63' title='bbox 400 1217 476 1299; x_wconf 88' lang='lat' dir='ltr'>quia</span> <span class='ocrx_word' id='word_1_64' title='bbox 490 1214 578 1279; x_wconf 88' lang='lat' dir='ltr'>nulla</span> <span class='ocrx_word' id='word_1_65' title='bbox 592 1214 655 1279; x_wconf 92' lang='lat' dir='ltr'>loci</span> <span class='ocrx_word' id='word_1_66' title='bbox 671 1218 712 1280; x_wconf 92' lang='lat' dir='ltr'>sit</span> <span class='ocrx_word' id='word_1_67' title='bbox 728 1217 821 1300; x_wconf 90' lang='lat' dir='ltr'>copia</span> <span class='ocrx_word' id='word_1_68' title='bbox 836 1216 968 1293; x_wconf 89' lang='lat' dir='ltr'>circum,</span> <span class='ocrx_word' id='word_1_69' title='bbox 1131 1227 1134 1234; x_wconf 73' lang='lat'><em>&#39;</em></span> 
     </span>
     <span class='ocr_line' id='line_1_11' title="bbox 214 1316 1040 1402; baseline -0.002 -19"><span class='ocrx_word' id='word_1_70' title='bbox 214 1319 293 1394; x_wconf 81' lang='lat' dir='ltr'>Quo</span> <span class='ocrx_word' id='word_1_71' title='bbox 307 1319 400 1402; x_wconf 86' lang='lat' dir='ltr'>quasi</span> <span class='ocrx_word' id='word_1_72' title='bbox 414 1338 467 1380; x_wconf 88' lang='lat' dir='ltr'>res</span> <span class='ocrx_word' id='word_1_73' title='bbox 483 1317 610 1400; x_wconf 88' lang='lat' dir='ltr'>possint</span> <span class='ocrx_word' id='word_1_74' title='bbox 626 1317 806 1393; x_wconf 86' lang='lat' dir='ltr'>discedere,</span> <span class='ocrx_word' id='word_1_75' title='bbox 820 1316 1040 1400; x_wconf 82' lang='lat' dir='ltr'>dissoluique3</span> 
     </span>
     <span class='ocr_line' id='line_1_12' title="bbox 213 1418 1110 1501; baseline -0.003 -17"><span class='ocrx_word' id='word_1_76' title='bbox 213 1421 307 1484; x_wconf 81' lang='lat' dir='ltr'>Sicu—t</span> <span class='ocrx_word' id='word_1_77' title='bbox 322 1419 527 1482; x_wconf 90' lang='lat' dir='ltr'>Summarum</span> <span class='ocrx_word' id='word_1_78' title='bbox 541 1418 674 1481; x_wconf 88' lang='lat' dir='ltr'>Summa</span> <span class='ocrx_word' id='word_1_79' title='bbox 688 1418 728 1482; x_wconf 87' lang='lat' dir='ltr'>&#39;st</span> <span class='ocrx_word' id='word_1_80' title='bbox 743 1427 877 1494; x_wconf 88' lang='lat' dir='ltr'>aeterna,</span> <span class='ocrx_word' id='word_1_81' title='bbox 893 1439 1000 1501; x_wconf 88' lang='lat' dir='ltr'>neque</span> <span class='ocrx_word' id='word_1_82' title='bbox 1015 1427 1110 1481; x_wconf 86' lang='lat' dir='ltr'>extra</span> 
     </span>
     <span class='ocr_line' id='line_1_13' title="bbox 214 1518 1207 1603; baseline -0.001 -20"><span class='ocrx_word' id='word_1_83' title='bbox 214 1521 299 1592; x_wconf 85' lang='lat' dir='ltr'>Quis</span> <span class='ocrx_word' id='word_1_84' title='bbox 313 1519 404 1583; x_wconf 91' lang='lat' dir='ltr'>locus</span> <span class='ocrx_word' id='word_1_85' title='bbox 420 1528 481 1596; x_wconf 90' lang='lat' dir='ltr'>est,</span> <span class='ocrx_word' id='word_1_86' title='bbox 498 1541 563 1603; x_wconf 92' lang='lat' dir='ltr'>quo</span> <span class='ocrx_word' id='word_1_87' title='bbox 578 1518 740 1602; x_wconf 81' lang='lat' dir='ltr'>diffiigiat,</span> <span class='ocrx_word' id='word_1_88' title='bbox 754 1540 860 1602; x_wconf 90' lang='lat' dir='ltr'>neque</span> <span class='ocrx_word' id='word_1_89' title='bbox 875 1541 1014 1603; x_wconf 89' lang='lat' dir='ltr'>corpora</span> <span class='ocrx_word' id='word_1_90' title='bbox 1029 1529 1116 1596; x_wconf 88' lang='lat' dir='ltr'>sunt,</span> <span class='ocrx_word' id='word_1_91' title='bbox 1132 1542 1207 1602; x_wconf 86' lang='lat' dir='ltr'>qnae</span> 
     </span>
     <span class='ocr_line' id='line_1_14' title="bbox 215 1620 1009 1706; baseline -0.005 -18"><span class='ocrx_word' id='word_1_92' title='bbox 215 1622 349 1688; x_wconf 89' lang='lat' dir='ltr'>Possint</span> <span class='ocrx_word' id='word_1_93' title='bbox 362 1621 516 1698; x_wconf 87' lang='lat' dir='ltr'>incidere,</span> <span class='ocrx_word' id='word_1_94' title='bbox 532 1632 566 1685; x_wconf 90' lang='lat' dir='ltr'>et</span> <span class='ocrx_word' id='word_1_95' title='bbox 580 1620 687 1685; x_wconf 89' lang='lat' dir='ltr'>valida</span> <span class='ocrx_word' id='word_1_96' title='bbox 702 1620 879 1686; x_wconf 89' lang='lat' dir='ltr'>dissolvere</span> <span class='ocrx_word' id='word_1_97' title='bbox 894 1621 1009 1706; x_wconf 83' lang='lat' dir='ltr'>plaga:</span> 
     </span>
     <span class='ocr_line' id='line_1_15' title="bbox 151 1722 1094 1808; baseline 0.004 -25"><span class='ocrx_word' id='word_1_98' title='bbox 151 1737 198 1784; x_wconf 82' lang='lat'>820</span> <span class='ocrx_word' id='word_1_99' title='bbox 213 1724 261 1788; x_wconf 91' lang='lat' dir='ltr'>At</span> <span class='ocrx_word' id='word_1_100' title='bbox 276 1745 382 1808; x_wconf 90' lang='lat' dir='ltr'>neque</span> <span class='ocrx_word' id='word_1_101' title='bbox 398 1723 459 1806; x_wconf 89' lang='lat' dir='ltr'>(uti</span> <span class='ocrx_word' id='word_1_102' title='bbox 473 1723 583 1807; x_wconf 91' lang='lat' dir='ltr'>docui)</span> <span class='ocrx_word' id='word_1_103' title='bbox 600 1722 713 1789; x_wconf 89' lang='lat' dir='ltr'>Solido</span> <span class='ocrx_word' id='word_1_104' title='bbox 729 1747 802 1788; x_wconf 92' lang='lat' dir='ltr'>cum</span> <span class='ocrx_word' id='word_1_105' title='bbox 817 1746 954 1808; x_wconf 90' lang='lat' dir='ltr'>corpore</span> <span class='ocrx_word' id='word_1_106' title='bbox 969 1723 1094 1787; x_wconf 91' lang='lat' dir='ltr'>Mentis</span> 
     </span>
     <span class='ocr_line' id='line_1_16' title="bbox 212 1826 1110 1910; baseline -0.003 -18"><span class='ocrx_word' id='word_1_107' title='bbox 212 1827 344 1892; x_wconf 91' lang='lat' dir='ltr'>Natura</span> <span class='ocrx_word' id='word_1_108' title='bbox 358 1827 408 1903; x_wconf 85' lang='lat' dir='ltr'>&#39;st,</span> <span class='ocrx_word' id='word_1_109' title='bbox 424 1826 576 1910; x_wconf 90' lang='lat' dir='ltr'>quoniam</span> <span class='ocrx_word' id='word_1_110' title='bbox 590 1827 763 1891; x_wconf 91' lang='lat' dir='ltr'>admistum</span> <span class='ocrx_word' id='word_1_111' title='bbox 775 1827 815 1890; x_wconf 88' lang='lat' dir='ltr'>&#39;st</span> <span class='ocrx_word' id='word_1_112' title='bbox 829 1826 861 1890; x_wconf 91' lang='lat' dir='ltr'>in</span> <span class='ocrx_word' id='word_1_113' title='bbox 875 1827 975 1892; x_wconf 89' lang='lat' dir='ltr'>rebus</span> <span class='ocrx_word' id='word_1_114' title='bbox 990 1826 1110 1890; x_wconf 81' lang='lat' dir='ltr'>Inane:</span> 
     </span>
     <span class='ocr_line' id='line_1_17' title="bbox 211 1928 1216 2013; baseline -0.003 -19"><span class='ocrx_word' id='word_1_115' title='bbox 211 1930 286 1994; x_wconf 93' lang='lat' dir='ltr'>Nec</span> <span class='ocrx_word' id='word_1_116' title='bbox 301 1940 409 1993; x_wconf 87' lang='lat' dir='ltr'>tamen</span> <span class='ocrx_word' id='word_1_117' title='bbox 423 1937 475 1992; x_wconf 90' lang='lat' dir='ltr'>est</span> <span class='ocrx_word' id='word_1_118' title='bbox 489 1938 526 1992; x_wconf 92' lang='lat' dir='ltr'>ut</span> <span class='ocrx_word' id='word_1_119' title='bbox 540 1928 661 1993; x_wconf 84' lang='lat' dir='ltr'>Inane:</span> <span class='ocrx_word' id='word_1_120' title='bbox 683 1951 791 2012; x_wconf 91' lang='lat' dir='ltr'>neque</span> <span class='ocrx_word' id='word_1_121' title='bbox 807 1939 916 1995; x_wconf 91' lang='lat' dir='ltr'>autem</span> <span class='ocrx_word' id='word_1_122' title='bbox 932 1951 1070 2013; x_wconf 87' lang='lat' dir='ltr'>corpora</span> <span class='ocrx_word' id='word_1_123' title='bbox 1085 1929 1216 2004; x_wconf 83' lang='lat' dir='ltr'>desunt,</span> 
     </span>
     <span class='ocr_line' id='line_1_18' title="bbox 213 2029 903 2114; baseline -0.001 -18"><span class='ocrx_word' id='word_1_124' title='bbox 213 2032 269 2096; x_wconf 85' lang='lat' dir='ltr'>Ex</span> <span class='ocrx_word' id='word_1_125' title='bbox 284 2030 411 2095; x_wconf 88' lang='lat' dir='ltr'>infinito</span> <span class='ocrx_word' id='word_1_126' title='bbox 426 2053 500 2114; x_wconf 87' lang='lat' dir='ltr'>quae</span> <span class='ocrx_word' id='word_1_127' title='bbox 515 2031 642 2114; x_wconf 86' lang='lat' dir='ltr'>possint</span> <span class='ocrx_word' id='word_1_128' title='bbox 657 2029 742 2094; x_wconf 83' lang='lat' dir='ltr'>forte</span> <span class='ocrx_word' id='word_1_129' title='bbox 756 2041 868 2095; x_wconf 85' lang='lat' dir='ltr'>coorta</span> <span class='ocrx_word' id='word_1_130' title='bbox 899 2047 903 2064; x_wconf 84' lang='lat'><strong>¹</strong></span> 
     </span>
     <span class='ocr_line' id='line_1_19' title="bbox 211 2131 1056 2210; baseline 0 -14"><span class='ocrx_word' id='word_1_131' title='bbox 211 2134 375 2198; x_wconf 89' lang='lat' dir='ltr'>Proruere</span> <span class='ocrx_word' id='word_1_132' title='bbox 390 2131 476 2196; x_wconf 90' lang='lat' dir='ltr'>hanc</span> <span class='ocrx_word' id='word_1_133' title='bbox 490 2132 615 2196; x_wconf 89' lang='lat' dir='ltr'>Mentis</span> <span class='ocrx_word' id='word_1_134' title='bbox 629 2131 770 2196; x_wconf 87' lang='lat' dir='ltr'>violento</span> <span class='ocrx_word' id='word_1_135' title='bbox 785 2133 914 2197; x_wconf 88' lang='lat' dir='ltr'>turbine</span> <span class='ocrx_word' id='word_1_136' title='bbox 929 2131 1056 2210; x_wconf 90' lang='lat' dir='ltr'>molem,</span> 
     </span>
     <span class='ocr_line' id='line_1_20' title="bbox 148 2234 1024 2319; baseline -0.001 -20"><span class='ocrx_word' id='word_1_137' title='bbox 148 2247 195 2292; x_wconf 82' lang='lat'>825</span> <span class='ocrx_word' id='word_1_138' title='bbox 214 2234 282 2300; x_wconf 89' lang='lat' dir='ltr'>Aut</span> <span class='ocrx_word' id='word_1_139' title='bbox 296 2235 390 2299; x_wconf 88' lang='lat' dir='ltr'>aliam</span> <span class='ocrx_word' id='word_1_140' title='bbox 406 2235 550 2318; x_wconf 86' lang='lat' dir='ltr'>quamvis</span> <span class='ocrx_word' id='word_1_141' title='bbox 566 2234 692 2298; x_wconf 87' lang='lat' dir='ltr'>cladem</span> <span class='ocrx_word' id='word_1_142' title='bbox 706 2236 880 2319; x_wconf 86' lang='lat' dir='ltr'>importare</span> <span class='ocrx_word' id='word_1_143' title='bbox 894 2234 1024 2318; x_wconf 89' lang='lat' dir='ltr'>pericli:</span> 
     </span>
     <span class='ocr_line' id='line_1_21' title="bbox 213 2335 1041 2421; baseline -0.001 -22"><span class='ocrx_word' id='word_1_144' title='bbox 213 2336 287 2401; x_wconf 90' lang='lat' dir='ltr'>Nec</span> <span class='ocrx_word' id='word_1_145' title='bbox 302 2359 403 2421; x_wconf 89' lang='lat' dir='ltr'>porro</span> <span class='ocrx_word' id='word_1_146' title='bbox 417 2347 533 2400; x_wconf 88' lang='lat' dir='ltr'>natura</span> <span class='ocrx_word' id='word_1_147' title='bbox 549 2337 642 2412; x_wconf 90' lang='lat' dir='ltr'>Loci,</span> <span class='ocrx_word' id='word_1_148' title='bbox 659 2336 864 2420; x_wconf 91' lang='lat' dir='ltr'>spatiumque</span> <span class='ocrx_word' id='word_1_149' title='bbox 880 2335 1041 2400; x_wconf 89' lang='lat' dir='ltr'>Profundi</span> 
     </span>
    </p>
   </div>
   <div class='ocr_carea' id='block_1_3' title="bbox 148 2433 1186 2926">
    <p class='ocr_par' dir='ltr' id='par_1_3' title="bbox 148 2433 1186 2926">
     <span class='ocr_line' id='line_1_22' title="bbox 212 2433 929 2524; baseline -0.003 -23"><span class='ocrx_word' id='word_1_150' title='bbox 212 2438 347 2515; x_wconf 88' lang='lat' dir='ltr'>Deficit,</span> <span class='ocrx_word' id='word_1_151' title='bbox 362 2439 514 2522; x_wconf 79' lang='lat' dir='ltr'>exspargi</span> <span class='ocrx_word' id='word_1_152' title='bbox 530 2459 595 2521; x_wconf 92' lang='lat' dir='ltr'>quo</span> <span class='ocrx_word' id='word_1_153' title='bbox 610 2437 715 2524; x_wconf 90' lang='lat' dir='ltr'>possit</span> <span class='ocrx_word' id='word_1_154' title='bbox 727 2437 774 2500; x_wconf 89' lang='lat' dir='ltr'>vis</span> <span class='ocrx_word' id='word_1_155' title='bbox 786 2433 929 2516; x_wconf 88' lang='lat' dir='ltr'>Animai,</span> 
     </span>
     <span class='ocr_line' id='line_1_23' title="bbox 181 2521 906 2625; baseline 0.003 -22"><span class='ocrx_word' id='word_1_156' title='bbox 181 2521 185 2532; x_wconf 30' lang='lat' dir='ltr'><em>s</em></span> <span class='ocrx_word' id='word_1_157' title='bbox 214 2538 285 2604; x_wconf 87' lang='lat' dir='ltr'>Aut</span> <span class='ocrx_word' id='word_1_158' title='bbox 300 2540 362 2604; x_wconf 88' lang='lat' dir='ltr'>alia</span> <span class='ocrx_word' id='word_1_159' title='bbox 377 2541 490 2625; x_wconf 87' lang='lat' dir='ltr'>quavis</span> <span class='ocrx_word' id='word_1_160' title='bbox 506 2541 611 2624; x_wconf 89' lang='lat' dir='ltr'>possit</span> <span class='ocrx_word' id='word_1_161' title='bbox 625 2541 657 2603; x_wconf 89' lang='lat' dir='ltr'>vi</span> <span class='ocrx_word' id='word_1_162' title='bbox 672 2539 766 2624; x_wconf 91' lang='lat' dir='ltr'>pulsa</span> <span class='ocrx_word' id='word_1_163' title='bbox 780 2539 906 2625; x_wconf 86' lang='lat' dir='ltr'>perire:</span> 
     </span>
     <span class='ocr_line' id='line_1_24' title="bbox 213 2641 1000 2727; baseline 0.001 -21"><span class='ocrx_word' id='word_1_164' title='bbox 213 2641 316 2706; x_wconf 92' lang='lat' dir='ltr'>Haud</span> <span class='ocrx_word' id='word_1_165' title='bbox 330 2643 430 2727; x_wconf 85' lang='lat' dir='ltr'>igitur</span> <span class='ocrx_word' id='word_1_166' title='bbox 443 2642 525 2706; x_wconf 91' lang='lat' dir='ltr'>lethi</span> <span class='ocrx_word' id='word_1_167' title='bbox 538 2641 699 2726; x_wconf 86' lang='lat' dir='ltr'>praeclusa</span> <span class='ocrx_word' id='word_1_168' title='bbox 715 2641 755 2704; x_wconf 90' lang='lat' dir='ltr'>’st</span> <span class='ocrx_word' id='word_1_169' title='bbox 764 2642 867 2725; x_wconf 88' lang='lat' dir='ltr'>janua</span> <span class='ocrx_word' id='word_1_170' title='bbox 882 2643 1000 2707; x_wconf 90' lang='lat' dir='ltr'>Menti.</span> 
     </span>
     <span class='ocr_line' id='line_1_25' title="bbox 148 2742 1148 2828; baseline 0.009 -26"><span class='ocrx_word' id='word_1_171' title='bbox 148 2756 195 2802; x_wconf 85' lang='grc'>880</span> <span class='ocrx_word' id='word_1_172' title='bbox 254 2744 355 2818; x_wconf 85' lang='lat' dir='ltr'>Quod</span> <span class='ocrx_word' id='word_1_173' title='bbox 373 2745 399 2808; x_wconf 93' lang='lat' dir='ltr'>si</span> <span class='ocrx_word' id='word_1_174' title='bbox 414 2742 498 2808; x_wconf 89' lang='lat' dir='ltr'>forte</span> <span class='ocrx_word' id='word_1_175' title='bbox 513 2744 588 2808; x_wconf 94' lang='lat' dir='ltr'>ideo</span> <span class='ocrx_word' id='word_1_176' title='bbox 603 2743 704 2828; x_wconf 86' lang='lat' dir='ltr'>magis</span> <span class='ocrx_word' id='word_1_177' title='bbox 720 2742 913 2808; x_wconf 89' lang='lat' dir='ltr'>Immortalis</span> <span class='ocrx_word' id='word_1_178' title='bbox 929 2745 1081 2810; x_wconf 87' lang='lat' dir='ltr'>habenda</span> <span class='ocrx_word' id='word_1_179' title='bbox 1096 2747 1148 2823; x_wconf 90' lang='lat' dir='ltr'>&#39;st,</span> 
     </span>
     <span class='ocr_line' id='line_1_26' title="bbox 214 2843 1186 2926; baseline 0 -14"><span class='ocrx_word' id='word_1_180' title='bbox 214 2846 315 2920; x_wconf 86' lang='lat' dir='ltr'>Quod</span> <span class='ocrx_word' id='word_1_181' title='bbox 330 2843 505 2911; x_wconf 88' lang='lat' dir='ltr'>lethalibus</span> <span class='ocrx_word' id='word_1_182' title='bbox 521 2846 563 2910; x_wconf 89' lang='lat' dir='ltr'>ab</span> <span class='ocrx_word' id='word_1_183' title='bbox 578 2845 677 2910; x_wconf 88' lang='lat' dir='ltr'>rebus</span> <span class='ocrx_word' id='word_1_184' title='bbox 692 2845 814 2910; x_wconf 88' lang='lat' dir='ltr'>munita</span> <span class='ocrx_word' id='word_1_185' title='bbox 830 2856 976 2926; x_wconf 89' lang='lat' dir='ltr'>tenetur;</span> <span class='ocrx_word' id='word_1_186' title='bbox 1184 2859 1186 2863; x_wconf 82' lang='grc'><strong>’</strong></span> 
     </span>
    </p>
   </div>
   <div class='ocr_carea' id='block_1_4' title="bbox 126 3024 1235 4366">
    <p class='ocr_par' dir='ltr' id='par_1_4' title="bbox 126 3024 1233 3994">
     <span class='ocr_line' id='line_1_27' title="bbox 159 3024 1230 3089; baseline 0.002 -17"><span class='ocrx_word' id='word_1_187' title='bbox 159 3024 214 3076; x_wconf 84' lang='grc'><strong>807.</strong></span> <span class='ocrx_word' id='word_1_188' title='bbox 245 3027 371 3082; x_wconf 80' lang='lat' dir='ltr'>Praeterea,</span> <span class='ocrx_word' id='word_1_189' title='bbox 400 3041 536 3088; x_wconf 76' lang='lat' dir='ltr'>quacunque</span> <span class='ocrx_word' id='word_1_190' title='bbox 563 3033 661 3082; x_wconf 81' lang='grc'><strong>8880888888,</strong></span> <span class='ocrx_word' id='word_1_191' title='bbox 728 3027 783 3074; x_wconf 82' lang='lat'><strong>824.</strong></span> <span class='ocrx_word' id='word_1_192' title='bbox 796 3025 922 3089; x_wconf 81' lang='lat' dir='ltr'>Proruere]</span> <span class='ocrx_word' id='word_1_193' title='bbox 936 3026 1011 3075; x_wconf 86' lang='lat' dir='ltr'>codd.</span> <span class='ocrx_word' id='word_1_194' title='bbox 1021 3028 1138 3075; x_wconf 77' lang='grc'><strong>00888888.</strong></span> <span class='ocrx_word' id='word_1_195' title='bbox 1157 3027 1230 3074; x_wconf 84' lang='lat' dir='ltr'>Lam·</span> 
     </span>
     <span class='ocr_line' id='line_1_28' title="bbox 126 3089 1232 3154; baseline 0.001 -16"><span class='ocrx_word' id='word_1_196' title='bbox 126 3089 182 3151; x_wconf 78' lang='lat' dir='ltr'>eto]</span> <span class='ocrx_word' id='word_1_197' title='bbox 195 3091 305 3148; x_wconf 88' lang='lat' dir='ltr'>Sextum,</span> <span class='ocrx_word' id='word_1_198' title='bbox 317 3107 340 3140; x_wconf 87' lang='lat' dir='ltr'>v.</span> <span class='ocrx_word' id='word_1_199' title='bbox 353 3092 391 3138; x_wconf 81' lang='lat'>23.</span> <span class='ocrx_word' id='word_1_200' title='bbox 405 3091 439 3138; x_wconf 86' lang='lat' dir='ltr'>ita</span> <span class='ocrx_word' id='word_1_201' title='bbox 450 3106 476 3138; x_wconf 90' lang='lat' dir='ltr'>se</span> <span class='ocrx_word' id='word_1_202' title='bbox 488 3091 567 3138; x_wconf 89' lang='lat' dir='ltr'>habet.</span> <span class='ocrx_word' id='word_1_203' title='bbox 592 3089 662 3138; x_wconf 90' lang='lat' dir='ltr'>Nihil</span> <span class='ocrx_word' id='word_1_204' title='bbox 694 3089 767 3138; x_wconf 88' lang='lat' dir='ltr'>binus</span> <span class='ocrx_word' id='word_1_205' title='bbox 784 3094 905 3150; x_wconf 83' lang='lat' dir='ltr'>Proruere,</span> <span class='ocrx_word' id='word_1_206' title='bbox 922 3091 1038 3154; x_wconf 85' lang='lat' dir='ltr'>quoniam</span> <span class='ocrx_word' id='word_1_207' title='bbox 1055 3095 1165 3140; x_wconf 77' lang='grc'><strong>00888888</strong></span> <span class='ocrx_word' id='word_1_208' title='bbox 1182 3107 1232 3139; x_wconf 92' lang='lat' dir='ltr'>non</span> 
     </span>
     <span class='ocr_line' id='line_1_29' title="bbox 127 3153 1233 3220; baseline 0.001 -18"><span class='ocrx_word' id='word_1_209' title='bbox 127 3163 165 3202; x_wconf 91' lang='lat' dir='ltr'>est</span> <span class='ocrx_word' id='word_1_210' title='bbox 175 3165 293 3203; x_wconf 83' lang='lat' dir='ltr'>oeternum</span> <span class='ocrx_word' id='word_1_211' title='bbox 311 3164 336 3203; x_wconf 91' lang='lat' dir='ltr'>et</span> <span class='ocrx_word' id='word_1_212' title='bbox 351 3154 496 3212; x_wconf 84' lang='lat' dir='ltr'>immortale,</span> <span class='ocrx_word' id='word_1_213' title='bbox 509 3153 557 3202; x_wconf 90' lang='grc'><strong>8181</strong></span> <span class='ocrx_word' id='word_1_214' title='bbox 573 3164 616 3203; x_wconf 89' lang='lat' dir='ltr'>aut</span> <span class='ocrx_word' id='word_1_215' title='bbox 632 3156 662 3203; x_wconf 91' lang='lat' dir='ltr'>ob</span> <span class='ocrx_word' id='word_1_216' title='bbox 695 3165 827 3220; x_wconf 85' lang='lat' dir='ltr'>usurpatur</span> <span class='ocrx_word' id='word_1_217' title='bbox 846 3157 1009 3218; x_wconf 78' lang='grc' dir='ltr'>ἐνεργητικῶς.</span> <span class='ocrx_word' id='word_1_218' title='bbox 1043 3156 1094 3203; x_wconf 83' lang='lat' dir='ltr'>Alii</span> <span class='ocrx_word' id='word_1_219' title='bbox 1112 3155 1233 3203; x_wconf 87' lang='lat' dir='ltr'>Lambino</span> 
     </span>
     <span class='ocr_line' id='line_1_30' title="bbox 127 3218 1231 3283; baseline 0.002 -17"><span class='ocrx_word' id='word_1_220' title='bbox 127 3218 282 3279; x_wconf 83' lang='lat' dir='ltr'>soliditatem,</span> <span class='ocrx_word' id='word_1_221' title='bbox 294 3221 449 3275; x_wconf 86' lang='lat' dir='ltr'>ut-Atomus;</span> <span class='ocrx_word' id='word_1_222' title='bbox 466 3228 509 3268; x_wconf 83' lang='lat' dir='ltr'>aut</span> <span class='ocrx_word' id='word_1_223' title='bbox 517 3219 574 3282; x_wconf 89' lang='lat' dir='ltr'>quia</span> <span class='ocrx_word' id='word_1_224' title='bbox 585 3219 664 3283; x_wconf 80' lang='lat' dir='ltr'>plagae</span> <span class='ocrx_word' id='word_1_225' title='bbox 696 3236 745 3268; x_wconf 92' lang='lat' dir='ltr'>non</span> <span class='ocrx_word' id='word_1_226' title='bbox 757 3220 873 3274; x_wconf 85' lang='lat' dir='ltr'>credunt;</span> <span class='ocrx_word' id='word_1_227' title='bbox 891 3221 949 3269; x_wconf 82' lang='lat' dir='ltr'>dum</span> <span class='ocrx_word' id='word_1_228' title='bbox 962 3236 1020 3268; x_wconf 88' lang='lat' dir='ltr'>vero</span> <span class='ocrx_word' id='word_1_229' title='bbox 1031 3221 1116 3268; x_wconf 85' lang='lat' dir='ltr'>eadem</span> <span class='ocrx_word' id='word_1_230' title='bbox 1127 3220 1160 3268; x_wconf 88' lang='lat' dir='ltr'>sit</span> <span class='ocrx_word' id='word_1_231' title='bbox 1175 3235 1231 3268; x_wconf 90' lang='lat' dir='ltr'>sen·</span> 
     </span>
     <span class='ocr_line' id='line_1_31' title="bbox 127 3283 1204 3348; baseline -0.001 -17"><span class='ocrx_word' id='word_1_232' title='bbox 127 3292 165 3331; x_wconf 90' lang='lat' dir='ltr'>est</span> <span class='ocrx_word' id='word_1_233' title='bbox 180 3299 276 3347; x_wconf 85' lang='lat' dir='ltr'>expers,</span> <span class='ocrx_word' id='word_1_234' title='bbox 293 3294 321 3332; x_wconf 93' lang='lat' dir='ltr'>ut</span> <span class='ocrx_word' id='word_1_235' title='bbox 339 3285 429 3340; x_wconf 78' lang='lat' dir='ltr'>Inane3</span> <span class='ocrx_word' id='word_1_236' title='bbox 454 3294 497 3332; x_wconf 87' lang='lat' dir='ltr'>aut</span> <span class='ocrx_word' id='word_1_237' title='bbox 508 3285 565 3346; x_wconf 88' lang='lat' dir='ltr'>quia</span> <span class='ocrx_word' id='word_1_238' title='bbox 581 3284 663 3333; x_wconf 88' lang='grc'><strong>8811888</strong></span> <span class='ocrx_word' id='word_1_239' title='bbox 696 3285 779 3341; x_wconf 85' lang='grc'><strong>888818,</strong></span> <span class='ocrx_word' id='word_1_240' title='bbox 792 3285 822 3332; x_wconf 86' lang='grc'>(18</span> <span class='ocrx_word' id='word_1_241' title='bbox 834 3285 925 3348; x_wconf 87' lang='lat' dir='ltr'>syllaba</span> <span class='ocrx_word' id='word_1_242' title='bbox 936 3285 1034 3347; x_wconf 79' lang='lat' dir='ltr'>litigent</span> <span class='ocrx_word' id='word_1_243' title='bbox 1044 3283 1204 3347; x_wconf 83' lang='lat' dir='ltr'>grammatici.</span> 
     </span>
     <span class='ocr_line' id='line_1_32' title="bbox 127 3346 1231 3422; baseline 0 -27"><span class='ocrx_word' id='word_1_244' title='bbox 127 3357 165 3395; x_wconf 85' lang='lat' dir='ltr'>est</span> <span class='ocrx_word' id='word_1_245' title='bbox 183 3347 251 3397; x_wconf 89' lang='lat' dir='ltr'>locus</span> <span class='ocrx_word' id='word_1_246' title='bbox 267 3364 299 3396; x_wconf 88' lang='lat' dir='ltr'>ex</span> <span class='ocrx_word' id='word_1_247' title='bbox 315 3365 363 3411; x_wconf 92' lang='lat' dir='ltr'>quo</span> <span class='ocrx_word' id='word_1_248' title='bbox 381 3351 491 3412; x_wconf 88' lang='lat' dir='ltr'>Corpora</span> <span class='ocrx_word' id='word_1_249' title='bbox 507 3348 664 3397; x_wconf 86' lang='lat' dir='ltr'>advenientia</span> <span class='ocrx_word' id='word_1_250' title='bbox 729 3352 783 3397; x_wconf 89' lang='grc'><strong>830.</strong></span> <span class='ocrx_word' id='word_1_251' title='bbox 803 3351 869 3401; x_wconf 81' lang='lat' dir='ltr'>Quod</span> <span class='ocrx_word' id='word_1_252' title='bbox 887 3352 908 3396; x_wconf 80' lang='grc'>81</span> <span class='ocrx_word' id='word_1_253' title='bbox 917 3346 982 3410; x_wconf 82' lang='lat' dir='ltr'>forte</span> <span class='ocrx_word' id='word_1_254' title='bbox 1000 3352 1057 3407; x_wconf 80' lang='lat' dir='ltr'>ideo,</span> <span class='ocrx_word' id='word_1_255' title='bbox 1076 3347 1132 3410; x_wconf 76' lang='lat' dir='ltr'>etc]</span> <span class='ocrx_word' id='word_1_256' title='bbox 1149 3347 1231 3422; x_wconf 88' lang='lat' dir='ltr'>Septi-</span> 
     </span>
     <span class='ocr_line' id='line_1_33' title="bbox 127 3411 1232 3476; baseline 0.002 -18"><span class='ocrx_word' id='word_1_257' title='bbox 127 3411 275 3474; x_wconf 81' lang='lat' dir='ltr'>diffringant,</span> <span class='ocrx_word' id='word_1_258' title='bbox 295 3424 339 3462; x_wconf 83' lang='lat' dir='ltr'>aut</span> <span class='ocrx_word' id='word_1_259' title='bbox 357 3413 384 3462; x_wconf 90' lang='lat' dir='ltr'>in</span> <span class='ocrx_word' id='word_1_260' title='bbox 402 3429 474 3475; x_wconf 93' lang='lat' dir='ltr'>quem</span> <span class='ocrx_word' id='word_1_261' title='bbox 494 3422 577 3476; x_wconf 87' lang='lat' dir='ltr'>partes</span> <span class='ocrx_word' id='word_1_262' title='bbox 596 3413 662 3461; x_wconf 92' lang='lat' dir='ltr'>illius</span> <span class='ocrx_word' id='word_1_263' title='bbox 695 3416 843 3472; x_wconf 84' lang='lat' dir='ltr'>mum,v.l2.</span> <span class='ocrx_word' id='word_1_264' title='bbox 850 3413 996 3461; x_wconf 86' lang='lat' dir='ltr'>continetur.</span> <span class='ocrx_word' id='word_1_265' title='bbox 1015 3412 1232 3475; x_wconf 84' lang='lat' dir='ltr'>Siquisverodrcat</span> 
     </span>
     <span class='ocr_line' id='line_1_34' title="bbox 128 3476 1231 3538; baseline 0.002 -15"><span class='ocrx_word' id='word_1_266' title='bbox 128 3476 344 3536; x_wconf 80' lang='lat' dir='ltr'>solutaeexcedant,</span> <span class='ocrx_word' id='word_1_267' title='bbox 354 3477 426 3538; x_wconf 73' lang='lat' dir='ltr'>ut(rb</span> <span class='ocrx_word' id='word_1_268' title='bbox 435 3477 495 3538; x_wconf 77' lang='grc' dir='ltr'>πᾶν)</span> <span class='ocrx_word' id='word_1_269' title='bbox 505 3477 661 3526; x_wconf 84' lang='lat' dir='ltr'>Universum.</span> <span class='ocrx_word' id='word_1_270' title='bbox 695 3477 857 3526; x_wconf 87' lang='lat' dir='ltr'>Animumvel</span> <span class='ocrx_word' id='word_1_271' title='bbox 864 3493 917 3526; x_wconf 89' lang='lat' dir='ltr'>esse</span> <span class='ocrx_word' id='word_1_272' title='bbox 924 3478 1040 3525; x_wconf 85' lang='lat' dir='ltr'>adversus</span> <span class='ocrx_word' id='word_1_273' title='bbox 1047 3476 1169 3525; x_wconf 87' lang='lat' dir='ltr'>contraria</span> <span class='ocrx_word' id='word_1_274' title='bbox 1176 3493 1231 3525; x_wconf 92' lang='lat' dir='ltr'>mu-</span> 
     </span>
     <span class='ocr_line' id='line_1_35' title="bbox 129 3540 1232 3604; baseline 0.003 -16"><span class='ocrx_word' id='word_1_275' title='bbox 129 3540 219 3588; x_wconf 87' lang='lat' dir='ltr'>Anima</span> <span class='ocrx_word' id='word_1_276' title='bbox 230 3556 287 3590; x_wconf 84' lang='lat' dir='ltr'>vero</span> <span class='ocrx_word' id='word_1_277' title='bbox 304 3542 352 3591; x_wconf 86' lang='lat' dir='ltr'>tale</span> <span class='ocrx_word' id='word_1_278' title='bbox 364 3541 426 3591; x_wconf 89' lang='lat' dir='ltr'>nihil</span> <span class='ocrx_word' id='word_1_279' title='bbox 437 3551 487 3597; x_wconf 74' lang='lat' dir='ltr'>ett3</span> <span class='ocrx_word' id='word_1_280' title='bbox 506 3557 563 3589; x_wconf 87' lang='lat' dir='ltr'>nam</span> <span class='ocrx_word' id='word_1_281' title='bbox 574 3556 613 3589; x_wconf 88' lang='lat' dir='ltr'>res</span> <span class='ocrx_word' id='word_1_282' title='bbox 625 3551 663 3589; x_wconf 91' lang='grc'>888</span> <span class='ocrx_word' id='word_1_283' title='bbox 695 3541 782 3599; x_wconf 91' lang='lat' dir='ltr'>nitum,</span> <span class='ocrx_word' id='word_1_284' title='bbox 794 3542 832 3589; x_wconf 88' lang='lat' dir='ltr'>vel</span> <span class='ocrx_word' id='word_1_285' title='bbox 848 3558 902 3604; x_wconf 82' lang='lat' dir='ltr'>quae</span> <span class='ocrx_word' id='word_1_286' title='bbox 918 3542 1040 3590; x_wconf 88' lang='lat' dir='ltr'>contraria</span> <span class='ocrx_word' id='word_1_287' title='bbox 1056 3542 1190 3590; x_wconf 88' lang='lat' dir='ltr'>adveniunt</span> <span class='ocrx_word' id='word_1_288' title='bbox 1200 3543 1232 3591; x_wconf 90' lang='lat' dir='ltr'>ad</span> 
     </span>
     <span class='ocr_line' id='line_1_36' title="bbox 127 3605 1230 3671; baseline 0.002 -18"><span class='ocrx_word' id='word_1_289' title='bbox 127 3605 261 3668; x_wconf 86' lang='lat' dir='ltr'>composita</span> <span class='ocrx_word' id='word_1_290' title='bbox 272 3622 286 3654; x_wconf 92' lang='grc'>8</span> <span class='ocrx_word' id='word_1_291' title='bbox 298 3607 438 3664; x_wconf 91' lang='lat' dir='ltr'>seminibus,</span> <span class='ocrx_word' id='word_1_292' title='bbox 456 3617 529 3669; x_wconf 89' lang='lat' dir='ltr'>atque</span> <span class='ocrx_word' id='word_1_293' title='bbox 545 3606 601 3654; x_wconf 88' lang='lat' dir='ltr'>ideo</span> <span class='ocrx_word' id='word_1_294' title='bbox 612 3622 662 3654; x_wconf 93' lang='lat' dir='ltr'>non</span> <span class='ocrx_word' id='word_1_295' title='bbox 694 3607 776 3670; x_wconf 88' lang='lat' dir='ltr'>ipsum</span> <span class='ocrx_word' id='word_1_296' title='bbox 787 3622 864 3669; x_wconf 88' lang='lat' dir='ltr'>usque</span> <span class='ocrx_word' id='word_1_297' title='bbox 873 3623 923 3654; x_wconf 90' lang='lat' dir='ltr'>uon</span> <span class='ocrx_word' id='word_1_298' title='bbox 934 3606 1082 3670; x_wconf 82' lang='lat' dir='ltr'>pertingere,</span> <span class='ocrx_word' id='word_1_299' title='bbox 1094 3606 1133 3655; x_wconf 88' lang='lat' dir='ltr'>vel</span> <span class='ocrx_word' id='word_1_300' title='bbox 1143 3606 1163 3655; x_wconf 88' lang='lat' dir='ltr'>si</span> <span class='ocrx_word' id='word_1_301' title='bbox 1174 3622 1230 3671; x_wconf 87' lang='lat' dir='ltr'>per·</span> 
     </span>
     <span class='ocr_line' id='line_1_37' title="bbox 127 3670 1231 3735; baseline 0.004 -18"><span class='ocrx_word' id='word_1_302' title='bbox 127 3670 234 3734; x_wconf 89' lang='lat' dir='ltr'>perfecte</span> <span class='ocrx_word' id='word_1_303' title='bbox 254 3671 345 3720; x_wconf 90' lang='lat' dir='ltr'>solida:</span> <span class='ocrx_word' id='word_1_304' title='bbox 374 3681 479 3720; x_wconf 88' lang='lat' dir='ltr'>nonest</span> <span class='ocrx_word' id='word_1_305' title='bbox 500 3672 585 3729; x_wconf 89' lang='lat' dir='ltr'>Inane,</span> <span class='ocrx_word' id='word_1_306' title='bbox 605 3671 663 3732; x_wconf 86' lang='lat' dir='ltr'>quia</span> <span class='ocrx_word' id='word_1_307' title='bbox 695 3671 791 3734; x_wconf 79' lang='lat' dir='ltr'>tingant</span> <span class='ocrx_word' id='word_1_308' title='bbox 808 3671 950 3734; x_wconf 87' lang='lat' dir='ltr'>priusquam</span> <span class='ocrx_word' id='word_1_309' title='bbox 967 3681 1071 3720; x_wconf 84' lang='lat' dir='ltr'>noceant</span> <span class='ocrx_word' id='word_1_310' title='bbox 1085 3671 1185 3735; x_wconf 87' lang='lat' dir='ltr'>repelli;</span> <span class='ocrx_word' id='word_1_311' title='bbox 1206 3672 1231 3721; x_wconf 95' lang='lat' dir='ltr'>id</span> 
     </span>
     <span class='ocr_line' id='line_1_38' title="bbox 126 3735 1232 3802; baseline 0.003 -20"><span class='ocrx_word' id='word_1_312' title='bbox 126 3735 201 3783; x_wconf 85' lang='lat' dir='ltr'>afficit</span> <span class='ocrx_word' id='word_1_313' title='bbox 212 3736 314 3800; x_wconf 87' lang='lat' dir='ltr'>Corpus,</span> <span class='ocrx_word' id='word_1_314' title='bbox 327 3745 352 3785; x_wconf 91' lang='lat' dir='ltr'>et</span> <span class='ocrx_word' id='word_1_315' title='bbox 363 3737 393 3785; x_wconf 85' lang='lat' dir='ltr'>ab</span> <span class='ocrx_word' id='word_1_316' title='bbox 409 3736 451 3784; x_wconf 92' lang='lat' dir='ltr'>illo</span> <span class='ocrx_word' id='word_1_317' title='bbox 467 3735 575 3785; x_wconf 84' lang='lat' dir='ltr'>vicissim</span> <span class='ocrx_word' id='word_1_318' title='bbox 587 3735 662 3784; x_wconf 85' lang='lat' dir='ltr'>affici·</span> <span class='ocrx_word' id='word_1_319' title='bbox 695 3736 803 3784; x_wconf 83' lang='lat' dir='ltr'>refutent</span> <span class='ocrx_word' id='word_1_320' title='bbox 829 3736 946 3800; x_wconf 85' lang='lat' dir='ltr'>Corporis</span> <span class='ocrx_word' id='word_1_321' title='bbox 967 3736 1046 3785; x_wconf 90' lang='lat' dir='ltr'>morbi</span> <span class='ocrx_word' id='word_1_322' title='bbox 1068 3736 1156 3799; x_wconf 91' lang='lat' dir='ltr'>quibus</span> <span class='ocrx_word' id='word_1_323' title='bbox 1178 3737 1232 3802; x_wconf 88' lang='lat' dir='ltr'>ipse</span> 
     </span>
     <span class='ocr_line' id='line_1_39' title="bbox 126 3799 1231 3863; baseline 0.004 -16"><span class='ocrx_word' id='word_1_324' title='bbox 126 3810 181 3847; x_wconf 87' lang='lat' dir='ltr'>tur:</span> <span class='ocrx_word' id='word_1_325' title='bbox 199 3801 376 3849; x_wconf 74' lang='lat' dir='ltr'>animumvero</span> <span class='ocrx_word' id='word_1_326' title='bbox 389 3799 418 3849; x_wconf 76' lang='lat' dir='ltr'>rb</span> <span class='ocrx_word' id='word_1_327' title='bbox 429 3802 477 3849; x_wconf 77' lang='grc' dir='ltr'>τᾶν</span> <span class='ocrx_word' id='word_1_328' title='bbox 489 3799 662 3863; x_wconf 85' lang='lat' dir='ltr'>(Universum)</span> <span class='ocrx_word' id='word_1_329' title='bbox 696 3800 770 3849; x_wconf 88' lang='lat' dir='ltr'>etiam</span> <span class='ocrx_word' id='word_1_330' title='bbox 792 3800 898 3848; x_wconf 84' lang='lat' dir='ltr'>Animus</span> <span class='ocrx_word' id='word_1_331' title='bbox 925 3800 1032 3849; x_wconf 83' lang='lat' dir='ltr'>laborat:</span> <span class='ocrx_word' id='word_1_332' title='bbox 1063 3802 1125 3850; x_wconf 86' lang='lat' dir='ltr'>adde</span> <span class='ocrx_word' id='word_1_333' title='bbox 1153 3817 1231 3861; x_wconf 84' lang='lat' dir='ltr'>curae,</span> 
     </span>
     <span class='ocr_line' id='line_1_40' title="bbox 127 3865 1231 3929; baseline 0.002 -17"><span class='ocrx_word' id='word_1_334' title='bbox 127 3880 180 3913; x_wconf 87' lang='lat' dir='ltr'>esse</span> <span class='ocrx_word' id='word_1_335' title='bbox 203 3881 276 3913; x_wconf 87' lang='lat' dir='ltr'>nemo</span> <span class='ocrx_word' id='word_1_336' title='bbox 299 3865 379 3914; x_wconf 83' lang='lat' dir='ltr'>dixit:</span> <span class='ocrx_word' id='word_1_337' title='bbox 408 3866 500 3914; x_wconf 88' lang='lat' dir='ltr'>Anima</span> <span class='ocrx_word' id='word_1_338' title='bbox 526 3865 603 3929; x_wconf 84' lang='lat' dir='ltr'>igitur</span> <span class='ocrx_word' id='word_1_339' title='bbox 626 3874 664 3913; x_wconf 91' lang='lat' dir='ltr'>est</span> <span class='ocrx_word' id='word_1_340' title='bbox 695 3875 775 3914; x_wconf 91' lang='lat' dir='ltr'>metu</span> <span class='ocrx_word' id='word_1_341' title='bbox 786 3876 1095 3929; x_wconf 88' lang='lat' dir='ltr'>poenarumpostmortem,</span> <span class='ocrx_word' id='word_1_342' title='bbox 1104 3867 1231 3916; x_wconf 88' lang='lat' dir='ltr'>couscien-</span> 
     </span>
     <span class='ocr_line' id='line_1_41' title="bbox 127 3929 1231 3994; baseline 0.002 -17"><span class='ocrx_word' id='word_1_343' title='bbox 127 3929 243 3978; x_wconf 85' lang='lat' dir='ltr'>mortalis.</span> <span class='ocrx_word' id='word_1_344' title='bbox 695 3931 755 3978; x_wconf 88' lang='lat' dir='ltr'>tiam</span> <span class='ocrx_word' id='word_1_345' title='bbox 767 3946 821 3992; x_wconf 84' lang='lat' dir='ltr'>quae</span> <span class='ocrx_word' id='word_1_346' title='bbox 837 3929 926 3994; x_wconf 88' lang='lat' dir='ltr'>impios</span> <span class='ocrx_word' id='word_1_347' title='bbox 941 3930 1034 3994; x_wconf 79' lang='lat' dir='ltr'>fatigat,</span> <span class='ocrx_word' id='word_1_348' title='bbox 1051 3931 1172 3980; x_wconf 86' lang='lat' dir='ltr'>insaniam</span> <span class='ocrx_word' id='word_1_349' title='bbox 1188 3932 1231 3979; x_wconf 89' lang='lat' dir='ltr'>de-</span> 
     </span>
    </p>

    <p class='ocr_par' dir='ltr' id='par_1_5' title="bbox 128 3993 1233 4189">
     <span class='ocr_line' id='line_1_42' title="bbox 160 3993 1233 4058; baseline 0.003 -17"><span class='ocrx_word' id='word_1_350' title='bbox 160 3996 215 4042; x_wconf 73' lang='grc'><strong>818.</strong></span> <span class='ocrx_word' id='word_1_351' title='bbox 237 3997 317 4058; x_wconf 80' lang='lat' dir='ltr'>Neque</span> <span class='ocrx_word' id='word_1_352' title='bbox 339 3997 369 4042; x_wconf 84' lang='lat' dir='ltr'>ab</span> <span class='ocrx_word' id='word_1_353' title='bbox 387 3997 435 4043; x_wconf 85' lang='lat' dir='ltr'>s&#39;ctu</span> <span class='ocrx_word' id='word_1_354' title='bbox 446 3994 558 4058; x_wconf 76' lang='lat' dir='ltr'>fungitur</span> <span class='ocrx_word' id='word_1_355' title='bbox 578 3993 662 4057; x_wconf 73' lang='lat' dir='ltr'>hilam]</span> <span class='ocrx_word' id='word_1_356' title='bbox 696 3995 770 4057; x_wconf 90' lang='lat' dir='ltr'>nique</span> <span class='ocrx_word' id='word_1_357' title='bbox 777 3995 953 4058; x_wconf 83' lang='lat' dir='ltr'>etletbargum,</span> <span class='ocrx_word' id='word_1_358' title='bbox 961 4004 986 4043; x_wconf 90' lang='lat' dir='ltr'>et</span> <span class='ocrx_word' id='word_1_359' title='bbox 993 3995 1233 4044; x_wconf 82' lang='lat' dir='ltr'>fateberisAnimum</span> 
     </span>
     <span class='ocr_line' id='line_1_43' title="bbox 129 4057 1232 4124; baseline 0.001 -18"><span class='ocrx_word' id='word_1_360' title='bbox 129 4059 168 4106; x_wconf 87' lang='lat' dir='ltr'>lta</span> <span class='ocrx_word' id='word_1_361' title='bbox 181 4059 328 4116; x_wconf 86' lang='lat' dir='ltr'>Lambinus;</span> <span class='ocrx_word' id='word_1_362' title='bbox 346 4075 392 4108; x_wconf 88' lang='lat' dir='ltr'>nec</span> <span class='ocrx_word' id='word_1_363' title='bbox 396 4057 522 4124; x_wconf 76' lang='lat' dir='ltr'>frangitur</span> <span class='ocrx_word' id='word_1_364' title='bbox 532 4060 661 4108; x_wconf 87' lang='lat' dir='ltr'>admitten-</span> <span class='ocrx_word' id='word_1_365' title='bbox 696 4077 712 4108; x_wconf 85' lang='lat' dir='ltr'>a</span> <span class='ocrx_word' id='word_1_366' title='bbox 728 4061 800 4108; x_wconf 88' lang='lat' dir='ltr'>rebus</span> <span class='ocrx_word' id='word_1_367' title='bbox 816 4060 960 4124; x_wconf 77' lang='lat' dir='ltr'>perniciosis</span> <span class='ocrx_word' id='word_1_368' title='bbox 977 4061 1098 4109; x_wconf 88' lang='lat' dir='ltr'>munitum</span> <span class='ocrx_word' id='word_1_369' title='bbox 1110 4077 1159 4108; x_wconf 91' lang='lat' dir='ltr'>non</span> <span class='ocrx_word' id='word_1_370' title='bbox 1171 4076 1232 4118; x_wconf 88' lang='lat' dir='ltr'>esse,</span> 
     </span>
     <span class='ocr_line' id='line_1_44' title="bbox 128 4123 1085 4189; baseline 0.002 -19"><span class='ocrx_word' id='word_1_371' title='bbox 128 4123 193 4171; x_wconf 88' lang='lat' dir='ltr'>dum.</span> <span class='ocrx_word' id='word_1_372' title='bbox 697 4134 722 4173; x_wconf 89' lang='lat' dir='ltr'>at</span> <span class='ocrx_word' id='word_1_373' title='bbox 733 4126 764 4173; x_wconf 89' lang='lat' dir='ltr'>ab</span> <span class='ocrx_word' id='word_1_374' title='bbox 775 4125 824 4173; x_wconf 91' lang='lat' dir='ltr'>illis</span> <span class='ocrx_word' id='word_1_375' title='bbox 835 4124 923 4173; x_wconf 86' lang='lat' dir='ltr'>misere</span> <span class='ocrx_word' id='word_1_376' title='bbox 935 4140 1085 4189; x_wconf 88' lang='lat' dir='ltr'>oppressum.</span> 
     </span>
    </p>

    <p class='ocr_par' dir='ltr' id='par_1_6' title="bbox 128 4188 1235 4366">
     <span class='ocr_line' id='line_1_45' title="bbox 161 4188 1233 4252; baseline -0.003 -16"><span class='ocrx_word' id='word_1_377' title='bbox 161 4190 215 4236; x_wconf 84' lang='lat'>818.</span> <span class='ocrx_word' id='word_1_378' title='bbox 231 4189 413 4251; x_wconf 76' lang='lat' dir='ltr'>Quodtffagtat]</span> <span class='ocrx_word' id='word_1_379' title='bbox 426 4189 662 4238; x_wconf 72' lang='lat' dir='ltr'>Vinaummasum-</span> <span class='ocrx_word' id='word_1_380' title='bbox 730 4191 785 4237; x_wconf 82' lang='lat'>831.</span> <span class='ocrx_word' id='word_1_381' title='bbox 805 4194 871 4243; x_wconf 75' lang='lat' dir='ltr'>Quod</span> <span class='ocrx_word' id='word_1_382' title='bbox 886 4188 1020 4252; x_wconf 74' lang='lat' dir='ltr'>lethalibus]</span> <span class='ocrx_word' id='word_1_383' title='bbox 1042 4189 1100 4246; x_wconf 82' lang='lat' dir='ltr'>Alii,</span> <span class='ocrx_word' id='word_1_384' title='bbox 1117 4190 1233 4245; x_wconf 76' lang='lat' dir='ltr'>vitalibus,</span> 
     </span>
     <span class='ocr_line' id='line_1_46' title="bbox 128 4252 1235 4318; baseline 0.001 -20"><span class='ocrx_word' id='word_1_385' title='bbox 128 4267 242 4307; x_wconf 70' lang='lat' dir='ltr'>marum</span> <span class='ocrx_word' id='word_1_386' title='bbox 269 4253 318 4312; x_wconf 85' lang='lat' dir='ltr'>alii,</span> <span class='ocrx_word' id='word_1_387' title='bbox 341 4256 467 4318; x_wconf 75' lang='lat' dir='ltr'>diffugiant</span> <span class='ocrx_word' id='word_1_388' title='bbox 479 4275 487 4310; x_wconf 88' lang='lat'>‚·</span> <span class='ocrx_word' id='word_1_389' title='bbox 514 4255 558 4303; x_wconf 88' lang='lat' dir='ltr'>viz.</span> <span class='ocrx_word' id='word_1_390' title='bbox 582 4263 665 4318; x_wconf 87' lang='lat' dir='ltr'>partes</span> <span class='ocrx_word' id='word_1_391' title='bbox 697 4253 794 4318; x_wconf 68' lang='lat' dir='ltr'>ineptes</span> <span class='ocrx_word' id='word_1_392' title='bbox 818 4265 845 4304; x_wconf 90' lang='lat' dir='ltr'>ut</span> <span class='ocrx_word' id='word_1_393' title='bbox 862 4265 886 4304; x_wconf 93' lang='lat' dir='ltr'>et</span> <span class='ocrx_word' id='word_1_394' title='bbox 900 4258 970 4317; x_wconf 76' lang='lat' dir='ltr'>plena</span> <span class='ocrx_word' id='word_1_395' title='bbox 986 4258 1068 4303; x_wconf 75' lang='lat' dir='ltr'>salutis</span> <span class='ocrx_word' id='word_1_396' title='bbox 1084 4252 1235 4314; x_wconf 87' lang='lat' dir='ltr'>insequenti</span> 
     </span>
     <span class='ocr_line' id='line_1_47' title="bbox 129 4331 1231 4366; baseline 0.004 -2"><span class='ocrx_word' id='word_1_397' title='bbox 129 4331 229 4364; x_wconf 81' lang='lat' dir='ltr'>summae</span> <span class='ocrx_word' id='word_1_398' title='bbox 241 4333 396 4366; x_wconf 82' lang='lat' dir='ltr'>summarum.</span> <span class='ocrx_word' id='word_1_399' title='bbox 698 4334 777 4366; x_wconf 87' lang='lat' dir='ltr'>versu.</span> <span class='ocrx_word' id='word_1_400' title='bbox 1230 4348 1231 4351; x_wconf 64' lang='lat'><em>=</em></span> 
     </span>
    </p>
   </div>
   <div class='ocr_carea' id='block_1_5' title="bbox 0 0 1444 4852">
    <p class='ocr_par' dir='ltr' id='par_1_7' title="bbox 0 0 1444 4852">
     <span class='ocr_line' id='line_1_48' title="bbox 0 0 1444 4852; baseline 0 0"><span class='ocrx_word' id='word_1_401' title='bbox 0 0 1444 4852; x_wconf 95' lang='lat' dir='ltr'> </span> 
     </span>
    </p>
   </div>
  </div>
 </body>
</html>
