2872 4852
228 247 272 309 20
610 243 653 310 Τ.
684 242 956 309 LUCRETII

316 400 472 477 Officere,
488 409 585 484 atque
601 402 744 479 obstare,
759 401 794 464 id
809 401 842 464 in
857 401 944 464 omni
958 408 1103 483 tempore
1119 399 1252 465 adesset

317 502 500 567 Omnibus:
524 502 614 568 hau'd
628 503 727 588 igitur
741 503 919 587 quidquam
933 502 1114 586 procedere
1129 512 1253 585 posset,

252 618 300 664 340
318 605 518 689 Principium
533 606 685 689 quoniam
700 605 838 669 cedendi
852 604 941 669 nulla
956 605 1049 668 daret
1063 626 1128 668 res.

317 707 365 771 At
379 730 464 772 nunc
479 729 538 791 per
553 708 664 784 maria,
680 729 718 771 ac
733 718 849 783 terras,
867 705 1069 790 sublimaque
1084 705 1170 783 coeli,

317 809 426 874 Multa
439 810 543 874 modis
557 808 666 873 multis
681 809 770 873 varia
784 810 909 874 ratione
924 809 1045 873 moveri

317 911 486 977 Cernimus
502 921 577 976 ante
592 910 721 989 oculos3
745 933 829 995 quae,
847 912 875 974 si
888 934 953 975 non
968 921 1057 976 esset
1071 911 1197 988 15555,

317 1015 396 1078 Non
412 1025 477 1078 tam
492 1013 627 1078 sollicito
641 1025 732 1078 motu
746 1015 873 1098 privata
888 1024 1036 1079 carerent
1048 1041 1057 1091 ;

252 1132 299 1177 345
319 1117 427 1197 Quam
441 1119 551 1200 genita
567 1119 695 1181 omnino
709 1116 798 1182 nulla
812 1118 937 1181 ratione
952 1116 1106 1181 fuissent:

316 1220 472 1303 Undique
488 1219 646 1284 Materies
662 1220 813 1303 quoniam
829 1220 948 1303 stipata
964 1220 1118 1303 quiesset.

359 1321 536 1399 Praeterea,
553 1322 699 1405 quamvis
713 1321 836 1385 Solidae
852 1343 904 1386 res
920 1344 993 1386 esse
1008 1330 1177 1405 putentur,

317 1423 405 1488 Hinc
421 1434 528 1487 tamen
543 1446 617 1487 esse
630 1423 707 1488 licet
722 1422 814 1487 Raro
830 1446 903 1488 cum
918 1445 1055 1507 corpore
1070 1444 1203 1487 cernas:

316 1527 356 1589 In
371 1528 457 1590 saxis
474 1549 511 1590 ac
528 1525 690 1610 speluncis
707 1536 876 1611 permanat
891 1524 1063 1608 Aquarum

253 1642 300 1687 555
316 1629 477 1713 Liquidus
492 1628 620 1704 humor,
639 1639 673 1692 et
687 1629 843 1691 uberibus
859 1627 939 1691 flent
954 1628 1060 1691 omnia
1074 1626 1195 1711 guttis3

317 1731 479 1815 Dissupat
493 1731 526 1793 in
541 1751 659 1813 corpus
677 1751 747 1793 sese
762 1728 864 1794 Cibus
881 1752 974 1794 omne
991 1730 1205 1793 animantum:

316 1832 477 1897 Crescunt
491 1831 658 1909 Arbusta,
668 1842 701 1895 et
715 1831 814 1896 foetus
830 1832 863 1895 in
879 1842 1024 1916 tempore
1040 1831 1193 1909 fundunt,

318 1935 419 2009 Quod
434 1933 537 1998 Cibus
552 1934 584 1996 in
600 1942 685 1997 totas
701 1955 805 2016 usque
820 1935 862 1997 ab
877 1933 1042 1998 radicibus
1057 1935 1128 1996 imis

317 2037 383 2101 Per
398 2047 543 2112 truncos,
560 2059 598 2100 ac
614 2058 673 2120 per
687 2059 794 2100 ramos
810 2035 1006 2100 diffunditur
1021 2037 1162 2100 omneis:

253 2154 300 2200 555
318 2140 409 2204 Inter
424 2149 517 2224 septa
532 2149 640 2202 meant
655 2139 688 2203 V
691 2161 777 2216 5555,
792 2150 825 2204 et
840 2137 951 2203 clausa
966 2139 1135 2203 domorum

317 2242 580 2309 Transvolitant:
604 2243 744 2327 rigidum
759 2253 929 2327 permanat
943 2241 1062 2325 Frigus
1079 2242 1121 2305 ad
1137 2262 1223 2305 ossa.

318 2347 430 2424 Quod,
447 2346 508 2409 nisi
523 2346 652 2408 Inuum
668 2346 743 2423 sint,
759 2368 825 2429 qua
840 2355 976 2430 possent
992 2343 1141 2427 Corpora
1155 2365 1297 2428 quaeque

316 2450 486 2524 Transire,
503 2447 592 2511 haud
607 2446 672 2511 ulla
686 2446 759 2510 fieri
773 2448 897 2511 ratione
913 2447 1053 2511 videres.

359 2550 524 2633 Denique,
540 2571 598 2614 cur
613 2548 691 2613 alias
707 2548 777 2612 aliis
792 2560 950 2633 praestare
965 2549 1112 2612 ridemus

252 2665 299 2711 565
316 2651 469 2716 Pondere
484 2672 536 2713 res
553 2651 664 2726 rebus,
682 2650 781 2714 nihilo
795 2651 917 2734 majore
932 2650 1062 2734 figura?

317 2752 415 2829 Nam,
433 2752 460 2814 si
475 2752 665 2815 tantundem
681 2752 721 2815 ’st
736 2753 768 2815 in
785 2751 888 2814 Lanae
903 2750 1057 2835 glomere,
1073 2764 1230 2837 quantum

230 2970 314 3010 contra
322 2959 440 3009 Codicum
450 2961 534 3008 fidem:
545 2961 571 3009 in
579 2961 690 3024 equenti
697 2976 769 3009 versu
802 2976 884 3008 rerum
896 2961 1035 3025 particulas,
1047 2979 1101 3025 quae
1118 2964 1227 3027 Corpora
1240 2978 1348 3026 quaeque

231 3031 320 3074 obesset
331 3041 375 3089 pro
387 3029 484 3074 adesset.
512 3026 588 3074 ldem.
801 3027 986 3088 pertransirent.

264 3092 319 3138 341.
337 3093 482 3152 Sublimcque
494 3094 559 3154 coeli]
573 3091 608 3138 Ut
619 3099 689 3138 acuta
707 3093 766 3147 betti,
835 3092 889 3138 350.
907 3091 988 3154 Flent]
1002 3095 1095 3150 Fluunt,
1109 3093 1137 3140 Β.

230 3157 261 3204 ab
274 3155 395 3204 Horatio:
413 3157 501 3203 occultu
512 3164 534 3203 et
550 3163 636 3203 remota
653 3157 738 3216 templi,
754 3170 768 3202 a
835 3157 889 3203 353.
909 3159 975 3208 Quod
985 3155 1229 3218 crescentemque]
1239 3159 1347 3206 Artem

230 3222 343 3270 Caesare:
360 3222 471 3268 sublimus
487 3229 575 3278 autem,
590 3229 618 3268 ut
634 3222 766 3277 imbecillus,
799 3219 845 3268 via
857 3219 915 3268 licet
927 3237 1001 3285 supra
1017 3222 1127 3286 posuerit
1143 3224 1254 3269 Arbusta.
1289 3221 1346 3270 Alii

230 3290 337 3343 inermus,
350 3289 446 3342 luiturus,
459 3295 505 3333 etc.
800 3293 882 3332 tamen
905 3285 997 3348 legunt,
1021 3295 1069 3335 tota
1091 3304 1161 3348 usque
1181 3290 1218 3334 ret
1238 3289 1276 3344 ab,
1297 3293 1344 3336 etc.

228 3375 232 3381 ·
263 3353 318 3398 344.
336 3354 435 3399 Privata
446 3348 563 3412 carerent]
577 3349 706 3397 Turnebus
724 3349 767 3396 ali·
803 3349 996 3408 5111155555,νὶ5.
1010 3351 1089 3400 foetus.

230 3416 326 3477 quando
354 3415 421 3478 legit,
446 3423 546 3477 pronote
573 3422 695 3462 carerent:
723 3414 768 3462 ali·
835 3417 889 3463 353.
908 3416 986 3478 Fieri]
998 3417 1057 3473 Alii,
1070 3433 1115 3478 quc
1126 3419 1194 3464 irent.

230 3480 326 3542 quando
334 3483 429 3541 privata
438 3479 562 3542 jacerent.-
580 3479 684 3534 frustra;
702 3488 730 3527 ut
744 3488 769 3527 et
835 3480 897 3529 Ibid.
915 3481 1022 3544 Videres]
1034 3481 1093 3538 Alii,
1106 3484 1199 3528 ualeret.

229 3543 378 3602 Gassendus,
391 3544 433 3606 qui
444 3561 465 3592 v.
480 3545 534 3592 346.
551 3560 596 3608 pro
609 3547 714 3606 quiesset,
731 3544 766 3592 le·
834 3547 888 3594 359.
907 3549 1018 3608 Denique,
1028 3563 1069 3594 cur
1080 3549 1147 3604 alias,
1158 3543 1215 3607 etc]
1228 3543 1343 3595 Tertium

228 3608 265 3672 git
269 3606 364 3668 suisset.
801 3625 849 3672 quo
858 3612 976 3674 probatur
987 3613 1059 3659 Inane
1076 3619 1247 3674 argumentum
1259 3626 1282 3658 v.
1304 3613 1343 3661 12.

261 3672 316 3724 stt.
334 3675 460 3731 Praeterea,
471 3677 581 3735 quamvis,
598 3671 654 3736 etc]
675 3674 768 3721 lterum
801 3674 930 3722 deducitur
939 3691 952 3722 e
962 3675 1057 3723 diverso
1067 3691 1157 3733 rerunt,
1167 3691 1220 3737 quae
1232 3675 1344 3737 ejusdem

228 3755 250 3787 v.
266 3739 303 3785 12.
315 3738 402 3802 probat
413 3740 485 3786 Inane
499 3754 559 3796 esse,
577 3738 691 3801 quoniam
709 3738 767 3796 Res,
801 3739 977 3802 magnitudinis
993 3748 1018 3786 et
1034 3740 1119 3802 iigurae
1135 3750 1200 3798 sunt,
1217 3740 1342 3804 pondere:

228 3819 282 3866 quae
295 3802 401 3850 maxime
418 3802 502 3850 solide
517 3803 640 3861 videntur,
659 3804 768 3867 Corpora
801 3819 879 3866 neque
891 3803 957 3851 enim
969 3803 1086 3867 explicari
1097 3816 1186 3869 potest,
1198 3821 1242 3853 cur
1253 3821 1267 3852 e
1279 3804 1342 3854 duo·

228 3867 338 3930 quedam
350 3877 485 3930 permeant,
503 3878 528 3914 et
543 3877 696 3932 permanant.
728 3867 767 3916 Sic
800 3869 846 3917 bus
858 3868 1006 3931 Corporibus
1018 3871 1126 3931 ejusdem
1139 3871 1224 3932 figurae
1235 3879 1261 3918 et
1271 3885 1342 3934 mag-

228 3935 300 3995 Aqua
316 3947 418 3987 saxum3
445 3932 598 3980 Alimentum
613 3933 696 3981 omnia
713 3932 765 3980 ani·
800 3932 920 3981 citudinis
931 3933 1098 3998 alterumplus
1107 3934 1223 3998 ponderis
1232 3934 1342 3995 baberet,

228 3997 329 4046 malium
346 3997 470 4053 membra;
495 3997 586 4045 Succos
608 4007 706 4045 truncos
727 4013 766 4045 ra·
801 3997 904 4045 alterum
916 3998 1012 4054 minus3
1036 3999 1082 4048 nisi
1101 4001 1165 4062 quod
1181 4001 1208 4047 15
1225 3999 1268 4047 1115
1284 4000 1342 4063 plus

228 4077 328 4125 mosque
338 4061 466 4116 arborum;
485 4061 544 4110 Soni
555 4062 662 4125 parietes
670 4072 695 4109 et
706 4077 766 4110 moe-
800 4062 860 4110 insit
870 4065 983 4124 Corporis,
995 4064 1034 4112 cui
1046 4065 1145 4113 Pondus
1159 4064 1270 4113 naturale
1287 4074 1340 4114 est:

228 4127 283 4182 nitu
301 4136 326 4174 et
338 4126 426 4189 Frigus
438 4142 535 4176 carnem
548 4137 573 4174 et
585 4142 673 4175 nervos
690 4142 767 4188 usque
799 4126 826 4174 in
843 4128 889 4175 hoc
906 4143 964 4175 vero
981 4128 1036 4192 plus
1054 4132 1143 4187 Incnr’s,
1161 4130 1225 4192 quod
1244 4129 1341 4179 nullum

228 4192 259 4241 ad
270 4191 323 4256 ipsa
335 4207 389 4238 ossa
400 4200 518 4255 penetrat.
547 4192 609 4246 Quae
620 4201 702 4238 tamen
718 4207 767 4239 non
800 4192 900 4239 omnino
911 4192 985 4241 habet
996 4195 1099 4256 pondus.

228 4257 328 4305 omnino
339 4257 433 4313 fierent,
446 4254 494 4303 nisi
504 4265 586 4304 essent
600 4257 684 4304 Vacua
700 4272 765 4318 quae-
833 4256 887 4304 361.
908 4258 1023 4320 Glornere]
1045 4261 1156 4315 Pondere,
1179 4259 1227 4316 alii,
1249 4259 1340 4309 soliciti

228 4323 283 4370 dam
304 4319 407 4385 spatiola
427 4321 491 4368 inter
512 4320 644 4368 solidarum
664 4321 767 4368 istarum
799 4321 830 4368 de
842 4322 989 4383 quantitate;
1003 4324 1099 4386 inepte:
1112 4339 1180 4385 aeque
1192 4323 1257 4372 enim
1269 4323 1341 4374 licuit
