2872 4852
212 215 277 280 cos
548 296 553 312 Β
591 209 634 277 T.
660 207 929 276 Lucaurn
972 237 975 247 ι

299 369 439 434 Fervida
453 368 492 434 fit
506 366 612 433 Glans
627 369 660 432 in
676 389 785 445 cursu,
800 388 875 431 cum
889 362 990 430 multa
1003 365 1128 449 rigoris.

299 471 448 558 Corpora
461 471 625 535 dimittens
641 471 749 556 ignem
762 468 912 553 concepit
925 467 959 531 in
974 467 1072 532 auris-

342 573 396 638 an
411 594 552 659 quoque,
569 584 606 637 ut
618 573 722 658 ipsius
738 570 850 656 Plagae
864 571 912 634 vis
928 569 1050 634 excitet
1063 570 1183 654 ignem,

299 674 433 760 Frigida
447 696 521 741 cum
536 674 636 739 Venti
651 674 778 758 pepulit
792 673 840 737 vis
855 672 953 736 missa
969 672 1038 736 sine
1053 670 1139 756 igni:

234 791 283 839 ³10
297 777 460 842 Nimirum
474 778 551 861 quia
566 799 640 842 cum
654 776 837 842 vehementi
851 774 990 860 perculit
1002 775 1082 851 ictu,

300 880 474 945 Confluere
489 902 531 944 ex
544 880 618 965 ipso
631 890 771 964 possunt
785 878 944 955 elementa
959 876 1122 962 Vaporis3

302 984 349 1047 Et
365 982 458 1047 simul
470 1005 512 1047 ex
526 981 592 1060 illa,
605 1005 679 1066 quae
695 992 763 1047 tum
778 1004 832 1046 res
847 981 970 1065 excipit
984 980 1095 1056 ictum,

300 1084 348 1149 Ut
362 1084 505 1169 lapidem
519 1083 607 1148 ferro
622 1107 695 1148 cum
711 1083 879 1160 caedimuS,
896 1080 1003 1147 evolat
1017 1080 1127 1166 Ignis;

300 1187 375 1252 Nec
389 1187 479 1270 quod
492 1186 611 1271 frigida
626 1188 673 1249 vis
690 1186 733 1249 sit
746 1184 836 1261 ferri,
851 1183 915 1248 hoc
931 1184 1036 1248 secius
1051 1182 1105 1247 illa

238 1301 285 1347 ³15
302 1289 431 1353 Semina
446 1299 644 1354 concurrunt
658 1287 754 1353 calidi
769 1287 906 1370 fulgoris
922 1286 963 1350 ad
979 1286 1097 1350 ictum:

302 1392 357 1454 Sic
372 1392 471 1476 igitur
485 1413 615 1476 quoque
631 1413 685 1454 res
700 1389 835 1454 accendi
848 1386 995 1451 Fulmine
1012 1388 1124 1465 debet,

303 1493 501 1579 Opportuna
515 1493 578 1558 fuit
592 1495 619 1557 si
633 1492 730 1570 forte,
746 1502 780 1556 et
795 1491 913 1555 idonea
927 1491 1074 1555 flammis.

301 1595 376 1660 Nec
392 1606 511 1660 temere
527 1596 656 1659 omnino
671 1593 767 1680 plane
782 1595 830 1657 vis
844 1593 963 1678 frigida
978 1593 1080 1659 Venti

303 1698 389 1761 Esse
404 1708 524 1782 potest,
540 1720 582 1762 ex
597 1720 663 1780 quo
678 1708 769 1761 tanta
783 1697 816 1760 vi
829 1697 971 1760 immissa
987 1717 1127 1780 superne
1142 1695 1202 1759 'st:

238 1812 286 1856 ³²0
302 1800 392 1872 Quin
407 1800 497 1883 prius
512 1801 544 1863 in
560 1822 657 1864 cursu
675 1801 781 1865 sinon
797 1799 986 1865 accenditur
1000 1799 1079 1882 igni,

303 1901 350 1965 At
365 1900 528 1986 tepefacta
543 1912 649 1966 tamen
663 1903 771 1966 veniat
786 1903 953 1967 commista
967 1900 1087 1966 calore.
1187 1942 1190 1945 ·

346 2002 514 2068 Mobilitas
530 2016 639 2070 autem
652 2004 690 2069 fit
705 2003 875 2082 Fulminis,
890 2015 923 2068 et
939 2004 1046 2088 gravis
1061 2005 1158 2079 ictus,

304 2106 352 2171 Et
366 2106 463 2171 celeri
476 2105 577 2171 ferme
591 2116 735 2192 pergunt
747 2107 792 2171 sic
807 2104 955 2170 Fulmina
968 2105 1082 2191 lapsu:

280 2240 283 2246 ·
304 2208 459 2273 Nubibus
473 2210 546 2294 ipsa
559 2211 650 2294 quod
666 2209 794 2273 omnino
809 2210 901 2294 prius
916 2209 1016 2272 incita
1031 2231 1066 2272 se
1081 2208 1144 2274 Vis

241 2324 289 2370 ³2⁵
304 2311 459 2396 Conligit,
473 2323 507 2377 et
522 2335 673 2396 magnum
688 2333 845 2377 conamen
860 2311 956 2375 sumit
971 2310 1088 2374 eundi:
1104 2360 1114 2378 .

307 2414 401 2492 lnde,
416 2415 473 2479 ubi
487 2437 552 2479 non
567 2415 675 2500 potuit
689 2414 793 2479 nubes
809 2436 926 2498 capere
941 2413 1069 2497 impetis
1084 2420 1228 2489 auctum,

305 2517 512 2602 Exprimitur
527 2518 586 2594 vis,
602 2528 701 2600 atque
716 2517 791 2580 ideo
806 2515 893 2579 volat
907 2516 1027 2599 impete
1042 2514 1135 2592 miro,

307 2620 355 2684 Ut
369 2618 482 2683 validis
498 2642 572 2703 quae
587 2619 631 2683 de
645 2618 832 2682 Tormentis
847 2618 945 2681 missa
960 2615 1120 2680 feruntur.

351 2721 448 2786 Adde
464 2722 553 2805 quod
569 2744 586 2785 e
602 2721 721 2806 parvis,
738 2742 775 2784 ac
789 2719 925 2784 laevibus
937 2730 988 2783 est
1003 2717 1190 2796 elementis:

231 2837 289 2893 ¹aaa
305 2823 379 2888 Nec
392 2821 485 2887 facile
499 2823 541 2887 'st
556 2823 612 2888 tali
622 2832 753 2903 naturae
768 2823 927 2886 obsistere
943 2822 1135 2906 quicquam3

253 3120 307 3178 306,
314 3119 369 3172 307.
377 3124 484 3171 Maltcrr'
500 3125 546 3171 oria
555 3121 667 3186 Corpora]
677 3123 757 3171 Multa
789 3121 872 3171 fremit
881 3131 906 3170 et
914 3123 999 3181 fervet,
1009 3123 1091 3172 omnia
1102 3122 1174 3172 nubis
1185 3122 1262 3170 latera
1269 3136 1328 3186 per*

219 3183 309 3247 frigida
318 3201 432 3250 corpora:
450 3140 521 3246 inis,
534 3204 556 3237 v.
569 3187 624 3239 367.
635 3197 659 3237 et
670 3188 711 3238 lib.
724 3188 756 3237 V.
789 3196 876 3245 tentat,
890 3188 1031 3251 exitumque
1042 3189 1137 3251 quaerit,
1153 3187 1257 3249 ideoque
1270 3201 1329 3235 curn

220 3265 243 3298 v.
257 3250 310 3300 639.
325 3251 379 3303 745.
789 3252 928 3318 perruperit
950 3269 1112 3317 magnacum
1132 3252 1227 3316 impetu
1247 3251 1330 3299 evolet

255 3318 309 3365 308.
321 3319 363 3366 aa
371 3335 464 3381 qaoque,
474 3326 500 3366 rt
511 3321 592 3381 ipsius,
601 3317 658 3382 etc]
671 3320 756 3367 Poste·
790 3333 889 3366 necesse
900 3327 946 3377 est,
957 3334 979 3366 v.
993 3317 1015 3369 7.
1041 3317 1114 3366 Adde
1125 3317 1189 3380 quod
1200 3331 1215 3364 e
1226 3315 1330 3365 minutia

220 3380 278 3438 rior,
301 3398 323 3431 v.
349 3385 385 3431 14.
415 3384 511 3433 Ventus
533 3384 560 3432 iu
582 3399 634 3432 rem
651 3384 757 3448 aliquam
790 3393 816 3432 et
835 3383 936 3431 loevibus
953 3382 1088 3432 seminibus
1104 3390 1206 3440 constat,
1224 3380 1331 3443 ideoque

221 3444 348 3510 impingat,
361 3449 391 3496 nd
407 3448 483 3497 ictum
495 3458 544 3498 tarn
557 3465 589 3497 ex
599 3459 673 3498 vento
685 3465 758 3512 quam
789 3464 835 3560 pqr
852 3447 937 3496 inanes
955 3457 1049 3496 meatus
1067 3447 1129 3496 a‘e'ris
1147 3445 1242 3503 transit,
1260 3460 1283 3494 r.
1306 3447 1329 3493 5.

221 3524 252 3583 ex
268 3526 295 3558 re
311 3514 424 3575 perculsa
434 3514 529 3563 semina
543 3513 608 3578 ignis
619 3514 756 3570 confluant3
819 3513 840 3562 is
851 3514 971 3576 subjunge
985 3512 1051 3560 illius
1062 3512 1214 3576 gravitatem,
1226 3524 1331 3572 eamque

220 3574 278 3622 rnde
295 3586 382 3625 ventus
396 3579 543 3636 accenditur,
561 3591 586 3627 et
602 3579 630 3626 fit
646 3579 755 3627 fulmenc
790 3578 840 3626 ictu
857 3578 963 3625 maxime
978 3577 1113 3635 adauctam,
1131 3593 1153 3625 v.
1172 3578 1194 3624 3.
1213 3576 1330 3633 Demum,

221 3637 295 3713 talem
306 3649 387 3688 autem
404 3643 525 3692 seminum
541 3643 606 3706 ignis
616 3644 757 3691 confluxum
790 3658 812 3690 v.
824 3645 848 3690 8.
859 3642 931 3690 Adde
941 3642 1026 3704 quode
1035 3641 1168 3705 longinquo
1176 3640 1250 3698 cadit,
1259 3639 1329 3689 ideo-

221 3702 275 3750 fien
297 3719 368 3766 posse
390 3705 541 3756 demonstrat
562 3707 620 3756 ferri
638 3717 664 3755 et
682 3706 758 3756 silicis
791 3722 838 3769 que
852 3707 936 3771 plures
950 3706 1083 3755 celeritatis
1099 3709 1190 3770 gradus
1206 3713 1332 3753 momento

222 3766 363 3842 conflictus:
382 3785 461 3830 neque
473 3772 527 3834 quis
543 3773 641 3834 objiciat
656 3781 756 3820 ventum
790 3772 899 3834 quolibet
909 3771 1021 3834 acquirit,
1038 3772 1121 3820 forsan
1138 3771 1211 3820 etiam
1227 3768 1332 3834 abipso

222 3846 275 3880 esse
284 3831 407 3895 fng1dum,
418 3833 490 3894 (illud
498 3845 579 3884 autem
588 3836 689 3884 minime
698 3851 756 3884 con·
790 3836 996 3899 atreadjuvatun
1014 3837 1105 3900 etquid
1115 3836 1204 3885 mirum
1211 3834 1232 3883 si
1240 3849 1332 3898 corpus

222 3896 425 3953 cedendumcum
432 3908 555 3948 matutam
562 3900 758 3963 perniciemne)
791 3916 865 3964 grave
883 3917 1044 3963 magnacum
1061 3901 1084 3949 vi
1102 3914 1241 3965 erumpens,
1258 3906 1284 3946 et
1299 3900 1332 3948 ab

223 3961 280 4011 ferri
292 3961 357 4010 enim
369 3971 456 4010 natura
472 3979 521 4011 non
534 3964 615 4012 minus
626 3963 721 4028 frigida,
734 3974 760 4014 at
791 3966 846 4014 aliis
857 3965 1000 4030 corporibus
1012 3975 1153 4031 protrusum
1165 3979 1253 4029 magna
1264 3963 1330 4012 cele-

222 4042 236 4075 e
248 4026 312 4074 ferro
323 4041 439 4090 percusso
450 4027 520 4090 ignes
531 4028 636 4079 evolant
791 4031 864 4079 ritate
872 4031 950 4089 cadat,
958 4040 983 4079 et
991 4031 1099 4094 graviter
1106 4030 1223 4096 percellat
1231 4027 1331 4078 omnia?

255 4093 309 4140 322.
322 4093 442 4140 Mobilitas
452 4099 528 4140 catam
533 4096 565 4153 fit
574 4092 689 4155 fulminis,
701 4094 757 4158 eta]
824 4097 880 4144 82⁵.
895 4098 1003 4157 Conligit,
1015 4103 1039 4143 ct
1054 4113 1161 4159 magnum
1172 4110 1278 4144 conamen
1289 4109 1330 4142 aa·

223 4156 358 4206 Pernicita
367 4165 392 4204 et
401 4156 629 4206 vehementissimus
639 4157 702 4207 ictus
710 4158 757 4207 ful·
791 4163 833 4207 mit
849 4159 931 4222 candi]
950 4160 1061 4223 Metaph.
1077 4161 1107 4210 ab
1124 4160 1155 4210 iis
1171 4168 1275 4225 sumpta.
1287 4158 1332 4222 qui

222 4223 295 4271 minis
315 4238 329 4270 e
349 4221 525 4287 suprapositis
547 4221 618 4270 facile
639 4222 758 4286 explicari
790 4224 898 4274 collectis
909 4224 1002 4273 viribus
1014 4234 1039 4272 et
1055 4224 1144 4290 spiritu
1161 4241 1215 4275 rere
1226 4225 1258 4274 ad
1273 4236 1332 4272 cur·

221 4296 315 4350 potera
345 4303 401 4336 nam
421 4295 509 4347 ventus
527 4287 633 4336 nubibus
649 4286 759 4338 inclusus
790 4304 872 4338 suram
882 4297 976 4353 parant
994 4292 1077 4338 Faber.
