2872 4852
494 261 662 327 LIBER
682 262 921 328 SEXTUS.

175 430 223 482 970
239 419 437 502 Barbigeras
453 416 593 482 oleaster
607 441 647 483 eo
657 419 751 502 juvat
761 441 870 503 usque
887 418 1049 504 Capellas,
1097 435 1104 451 ⁸

240 521 379 586 Diffluat
393 522 554 585 ambrosia
569 523 766 606 quasivero,
782 532 816 586 et
831 534 963 587 nectare
978 525 1116 589 tinctus:

240 622 288 688 At
301 623 381 687 nihil
393 635 454 700 est,
472 622 605 688 Homini
620 624 737 689 fronde
752 623 814 688 hac
829 624 918 708 quod
935 626 1073 690 amarius
1090 636 1189 690 extet.

241 726 393 809 Denique
411 725 641 790 Amaracinum
657 725 776 810 fugitat
792 726 868 804 Sua
886 736 919 790 et
935 726 1025 791 timet
1039 750 1132 793 omne

242 827 472 912 Unguentum3
496 851 580 905 nam,
598 829 746 912 setigeris
763 829 864 893 subus
881 850 955 893 acre
971 851 1129 894 venenum
1145 831 1197 908 'st,

175 939 222 989 975
240 929 340 1002 Quod
356 951 415 993 nos
428 929 592 993 interdum
606 941 759 1013 tanquam
776 951 923 994 recreare
939 931 1076 995 videtur.
1156 921 1157 924 ¹

239 1030 287 1095 At
302 1042 415 1096 contra
430 1031 537 1095 Nobis
554 1031 693 1096 Coenum
709 1032 873 1102 teterrima
889 1053 962 1095 cum
977 1033 1019 1095 sit

239 1135 431 1219 Spurcities,
446 1134 560 1197 eadem
576 1133 686 1197 Subus
703 1133 774 1197 haec
787 1155 840 1197 res
856 1134 976 1198 munda
991 1135 1131 1213 videtur,

238 1235 468 1299 Insatiabiliter
481 1236 541 1298 toti
555 1245 593 1299 ut
607 1233 777 1301 volvantur
790 1235 921 1300 ibidem.

283 1338 359 1403 Hoc
374 1340 470 1404 etiam
487 1349 647 1423 superest,
662 1340 735 1423 ipsa
748 1362 845 1424 quam
860 1339 969 1404 dicere
985 1340 1027 1404 de
1042 1362 1078 1406 re

175 1452 224 1499 98⁰
240 1440 437 1525 Aggredior,
453 1441 542 1524 quod
558 1440 731 1505 dicendum
745 1442 836 1525 prius
851 1463 924 1506 esse
939 1442 1079 1507 videtur.

240 1542 348 1607 Multa
363 1542 519 1606 foramina
530 1563 607 1621 cum
622 1543 717 1606 variis
734 1543 798 1606 sint
812 1543 942 1608 reddita
956 1545 1066 1622 rebus,

241 1631 398 1710 Dissimili
412 1645 496 1709 inter
510 1666 544 1708 se
560 1654 676 1708 natura
690 1646 829 1730 praedita
841 1646 963 1711 debent

242 1748 337 1822 Esse,
354 1758 388 1812 et
403 1747 526 1812 habere
543 1770 634 1811 suam
650 1758 798 1812 naturam
812 1771 963 1833 quaeque,
980 1750 1125 1834 viasque,

240 1850 374 1934 Quippe
390 1851 509 1914 etenim
523 1851 603 1914 varii
619 1873 733 1915 sensus
750 1848 979 1916 Animantibus
994 1852 1116 1930 insunt,

174 1963 222 2011 985
239 1952 387 2025 Quorum
402 1955 541 2038 quisque
557 1977 647 2018 suam
662 1955 794 2039 proprie
811 1976 878 2019 rem
894 1955 1033 2039 percipit
1048 1956 1081 2018 in
1097 1975 1150 2019 se:

238 2054 327 2118 Nam
342 2066 513 2140 penetrare
530 2055 592 2120 alia
607 2056 743 2132 sonitus,
760 2055 886 2140 aliaque
904 2079 1053 2141 saporem

239 2157 409 2222 Cernimus
424 2179 443 2221 e
460 2158 576 2233 succis,
594 2155 655 2219 alia
669 2155 806 2220 Nidoris
823 2157 953 2235 odores,

240 2258 382 2342 Propter
397 2257 583 2323 dissimilem
599 2268 759 2335 naturam,
776 2268 931 2342 textaque
947 2280 1067 2322 rerum.

240 2360 406 2424 Praeterea
421 2382 552 2424 manare
567 2359 656 2426 aliud
671 2381 731 2443 per
747 2359 834 2424 Saxa
847 2360 993 2425 videtur:

175 2474 223 2522 999
239 2461 351 2546 Atque
367 2461 455 2527 aliud
470 2485 530 2546 per
545 2462 670 2546 Ligna:
694 2461 782 2526 aliud
797 2463 934 2527 transire
950 2482 1010 2547 per
1025 2461 1174 2528 Aurum:

239 2564 454 2650 Argentoque
471 2564 558 2629 foras
575 2564 673 2642 aliud,
690 2564 853 2648 Vitroque
866 2586 984 2629 meare.

238 2667 327 2731 Nam
341 2667 444 2732 fluere
458 2666 521 2731 hac
535 2667 680 2752 Species,
696 2666 750 2730 illa
765 2666 863 2731 Calor
876 2668 924 2731 ire
939 2668 1088 2747 videtum

239 2767 351 2853 Atque
366 2768 435 2832 aliis
451 2767 539 2832 aliud
552 2769 647 2833 citius
662 2769 881 2834 transmittere
897 2767 1030 2834 eidem:

240 2870 370 2935 Scilicet
384 2871 418 2936 id
433 2870 506 2934 fieri
521 2871 608 2955 cogit
623 2869 754 2935 Natura
767 2870 902 2950 viarum,

175 2984 222 3033 995
238 2973 442 3038 Multimodis
457 2974 596 3051 varians,
612 2984 648 3037 ut
663 2971 772 3057 paullo
788 2974 988 3040 ostendimus
1004 2987 1090 3041 ante.

240 3076 454 3160 Quapropter
468 3078 552 3142 bene
568 3077 626 3140 ubi
640 3075 712 3140 haec
728 3076 918 3141 confirmata
932 3088 1030 3162 atque
1045 3078 1151 3143 locata

240 3178 359 3242 Omnia
374 3179 578 3243 constiterint
592 3178 686 3241 nobis
700 3177 878 3261 praepdsta,
894 3190 1026 3261 parata:

240 3279 341 3352 Quod
356 3289 518 3364 superest,
534 3277 627 3342 facile
643 3277 719 3342 hinc
734 3279 817 3343 ratio
832 3280 1001 3358 reddetur,
1017 3292 1050 3345 et
1065 3283 1167 3345 omnis

240 3381 348 3445 Causa
361 3381 508 3466 patefiet,
524 3404 598 3466 quae
612 3379 706 3445 Ferri
720 3380 862 3464 pelliciat
878 3383 950 3447 vim.

167 3494 230 3542 1000
285 3482 461 3566 Principio,
476 3481 578 3546 fluere
594 3503 612 3546 e
627 3481 755 3567 Lapide
770 3482 834 3546 hoc
848 3483 1009 3568 permulta
1023 3506 1157 3550 necesse
1174 3485 1214 3550 ’st

187 3683 242 3735 977.
261 3686 307 3733 aes
322 3683 419 3747 manda]
439 3684 497 3743 Alii,
516 3688 564 3733 tae
574 3685 689 3747 jucunda,
723 3684 826 3732 Duobus
842 3683 921 3732 modis
937 3683 987 3732 vim
1003 3683 1164 3748 magneticam
1182 3701 1258 3750 expo·
1336 3695 1337 3699 ’

153 3749 199 3798 viz.
209 3749 347 3812 spurcities,
356 3765 410 3812 quae
420 3749 500 3808 lectio,
510 3749 625 3812 quicquid
634 3765 690 3798 sen·
722 3748 771 3797 suit
778 3748 908 3811 Epicurus,
920 3747 1009 3797 mirum
1017 3765 1074 3798 vero
1082 3749 1185 3802 alterum
1194 3766 1257 3814 prae·

152 3815 182 3863 tit
195 3814 336 3872 Lambinus,
349 3814 406 3862 ferri
417 3823 505 3878 potest
722 3813 856 3862 remisisse
868 3813 1016 3872 Lucretium,
1028 3814 1077 3862 nisi
1088 3813 1150 3863 torte
1161 3815 1203 3863 ille
1214 3831 1257 3867 ex-

184 3880 241 3934 986.
255 3881 317 3927 Nam
331 3887 453 3940 penetrare
466 3882 515 3928 aliu
525 3883 619 3936 sonitus,
631 3877 688 3941 eta]
722 3878 805 3926 cidite
818 3886 893 3936 textu,
905 3894 933 3926 ac
944 3878 1097 3942 potissimum
1106 3895 1162 3927 cum
1175 3895 1259 3929 versus

153 3945 212 3995 Sine
224 3943 291 3992 omni
304 3943 398 4005 judicio
415 3943 528 3992 Gitanius
544 3943 571 3991 in
588 3953 690 4006 utraque
722 3953 844 4005 sequatur,
868 3943 955 4006 quibus
976 3959 1026 3992 non
1053 3943 1117 3993 male
1139 3944 1258 4000 cohaeret3

152 4009 259 4057 editione
276 4009 324 4057 scri
342 4008 375 4057 sit
386 4011 439 4067 alio,
451 4012 547 4070 altoque,
559 4023 615 4056 cum
632 4023 689 4070 aga·
722 4023 826 4070 cumque
838 4023 873 4065 ea,
883 4021 938 4071 quae
945 4008 1075 4057 Lucretius
1085 4024 1174 4072 magno
1182 4024 1258 4072 appa-

153 4073 234 4121 tarde
250 4025 362 4131 meando,
378 4074 536 4136 penetrando,
549 4072 689 4128 subeundo;
722 4082 777 4121 ratu
785 4072 919 4137 praemittit,
932 4073 1061 4122 videantur
1070 4089 1124 4122 esse
1132 4072 1176 4130 illi,
1188 4088 1261 4134 quam

152 4137 218 4196 unde
234 4152 292 4187 mox
310 4138 378 4202 legas
391 4155 434 4201 per
450 4155 514 4196 saxa,
531 4155 575 4200 per
595 4140 689 4200 lignum,
723 4137 848 4213 superstiti
859 4137 1087 4186 accommodatiora:
1109 4137 1130 4186 si
1142 4136 1258 4199 plurare-

149 4218 195 4263 ραν
214 4218 301 4260 aarum,
319 4213 346 4253 et
363 4220 438 4252 meare
454 4207 520 4262 vitro,
539 4203 565 4252 id
583 4212 627 4261 est,
646 4217 692 4266 per
723 4218 812 4265 quires,
821 4202 868 4270 vid
880 4202 1001 4251 Gassendi
1009 4212 1066 4250 tom.
1076 4202 1112 4249 11.
1121 4217 1144 4264 p.
1157 4202 1210 4247 125.
1218 4199 1261 4248 ubi

155 4264 258 4314 vitrum:
277 4269 359 4316 Faber.
724 4267 801 4316 multa
816 4267 928 4316 invenies
940 4283 993 4331 quar
1010 4265 1112 4330 Epicuri
1126 4264 1261 4314 doctrinam

179 4330 258 4390 1000.
267 4330 691 4396 Pampto,fluereezaptdeue,ea.]
724 4331 854 4382 illustrant
