2872 4852
454 215 626 282 mana
658 195 879 282 Fuluus,

202 370 355 456 Simplice
370 382 487 436 natura
499 383 532 437 et
545 383 657 457 pateat
671 383 800 438 tantum
814 373 1087 451 lmmoderatum;

199 472 275 538 Nec
289 474 396 552 Mare,
413 494 472 539 nec
488 474 615 552 Tellus,
632 497 692 539 nec
708 473 792 540 Coeli
807 474 916 540 lueida
930 475 1061 561 templa,

199 575 272 640 Nec
288 574 431 639 Mortale
445 598 561 661 genus,
576 598 638 641 nec
653 575 776 640 Divrim
790 598 928 661 corpora
943 588 1056 643 sancta

126 689 187 737 1015
199 675 368 762 Exiguum
383 688 519 762 possent
533 677 627 742 horai
642 679 758 743 sistere
772 689 919 764 tempus:

199 778 287 843 Nam
303 779 450 864 dispulsa
465 803 524 845 suo
540 782 581 846 de
597 791 686 847 coetu
701 779 857 844 Materiai

198 871 302 967 Copia
316 881 458 946 ferretur
472 905 623 967 magnum
638 905 698 967 per
712 881 813 947 Inane
829 882 954 962 soluta;

198 983 274 1049 Sive
289 983 372 1048 adeo
387 985 496 1068 potius
511 1006 676 1067 nunquam
692 995 844 1049 concreta
858 984 1003 1050 creisset

198 1085 307 1150 Ullam
321 1107 400 1159 rem,
416 1087 567 1170 quoniam
583 1087 657 1170 cogi
672 1086 809 1170 disjecta
824 1087 1003 1171 nequisset.

124 1199 185 1247 1020
240 1186 328 1250 Nam
343 1198 432 1252 certe
447 1209 553 1273 neque
569 1187 703 1252 consilio
718 1188 903 1254 Primordia
916 1192 1026 1254 rerum

197 1289 325 1354 Ordine
341 1311 375 1354 se
391 1311 542 1374 quaeque,
558 1300 656 1374 atque
673 1293 783 1374 sagaci
796 1302 903 1356 mente
917 1289 1086 1369 locirunt3

196 1389 271 1454 Nec
286 1412 369 1475 quos
384 1413 523 1475 quaeque
540 1392 656 1456 darent
671 1403 778 1456 motus
793 1394 949 1477 pepigere
964 1393 1133 1477 profecto:

197 1491 266 1556 Sed
280 1493 356 1577 quia
370 1491 579 1570 multimodis,
594 1493 715 1569 multis,
731 1503 866 1571 mutata,
881 1516 941 1579 per
957 1493 1064 1559 Omne

197 1593 252 1658 Ex
267 1579 392 1659 infinito
408 1604 568 1659 vexantur
583 1595 707 1679 percita
721 1594 837 1680 plagis,

108 1760 161 1810 dus.
196 1763 330 1813 Lambinus
349 1765 434 1822 haret,
455 1762 585 1827 aliquando
604 1780 646 1813 au·
681 1764 765 1825 fateor,
778 1765 879 1815 alteram
891 1765 964 1828 hujus
975 1763 1114 1830 argumenti
1124 1773 1221 1829 partem

108 1835 158 1875 tem
176 1827 242 1891 legit,
263 1832 313 1877 Aut
332 1832 360 1889 ai,
381 1833 451 1879 etiam
470 1833 608 1878 alterutrum
627 1833 649 1878 ai
681 1832 796 1895 proponit
813 1830 840 1879 in
861 1831 907 1895 Ep.
927 1831 958 1879 ed
979 1830 1099 1879 Herodot.
1123 1829 1173 1878 <ire
1191 1828 1221 1879 ri

108 1896 213 1941 terminet
229 1895 326 1942 aiterum
342 1911 425 1953 eornm,
442 1897 550 1957 Simpliee
563 1902 648 1943 natare
680 1897 751 1944 κενὸν
767 1893 798 1953 ἦν
810 1893 944 1958 ὡρισμένον,
956 1895 989 1945 τὰ
999 1894 1025 1945 ti
1036 1895 1137 1956 σώματα
1152 1894 1220 1943 ἄπει-

104 1964 187 2016 pateat
205 1965 281 2006 temen
300 1962 479 2007 immoderatam.
513 1957 569 2006 Hac
590 1974 646 2006 sen·
680 1958 813 2020 paoiabr
828 1959 881 2021 εἶχε
898 1959 930 2008 τὰ
946 1958 1030 2023 ἄπειρα
1046 1959 1146 2020 σώματα
1162 1957 1222 2007 ὅπου

108 2020 198 2069 tentia:
216 2022 268 2070 Aut
281 2021 310 2081 si,
327 2023 423 2072 etiamsi
434 2023 579 2071 alterutrum
596 2032 645 2071 ter·
680 2022 787 2082 irim.
822 2025 871 2072 Sed
885 2039 939 2072 eam
956 2023 1066 2087 neglexit
1082 2022 1220 2082 Lueretius,

107 2085 185 2134 minet
195 2086 299 2134 alterum
311 2103 402 2147 eorum,
414 2096 497 2152 pateat
506 2096 588 2135 tamen
599 2088 646 2135 im·
680 2087 794 2150 quoniam
805 2090 877 2136 Inone
886 2104 939 2136 esse
949 2088 1074 2137 infinitum
1083 2087 1138 2137 aliis
1147 2103 1219 2152 argu·

108 2150 267 2209 moderatum,
279 2151 390 2216 simplice
402 2151 554 2210 naturaie.
569 2152 647 2200 Inane
679 2152 770 2200 mentis
778 2155 830 2214 jam
842 2152 993 2216 probaverat.

107 2215 646 2274 tantumsitinfinitumunicanatura,hocest,
714 2218 784 2264 1012.
797 2216 986 2279 immoderatam]
1005 2217 1163 2264 Immensum.
1180 2215 1221 2264 Sic

108 2279 218 2342 Oorpora
227 2279 365 2342 primanon
376 2279 646 2337 sintinlinitasedln·
680 2279 732 2328 cic.
747 2283 769 2328 2
782 2280 812 2328 de
824 2282 882 2328 Nat.
896 2280 970 2328 Deor.
983 2296 1015 2328 ex
1034 2279 1163 2344 Euripide,
1178 2281 1219 2328 Vi·

108 2358 156 2391 ane
163 2344 282 2391 duntaxat
288 2343 320 2391 sit
327 2344 463 2392 infinitum:
473 2344 516 2391 sed
522 2343 647 2392 hancsen-
681 2346 721 2392 dea
737 2347 832 2393 sublime
842 2343 923 2406 suanm
939 2347 1111 2392 immoderatum
1126 2347 1221 2392 albem

108 2406 212 2455 tendam
221 2408 350 2456 abundem
359 2423 412 2456 esse
422 2411 476 2469 lpse
484 2407 547 2456 vidit
555 2415 581 2454 et
589 2423 648 2456 con·
716 2409 786 2456 1016.
798 2407 923 2470 Dirpelsa]
940 2411 1070 2470 Diasipete,
1083 2409 1111 2457 C.

108 2471 187 2520 lessus
202 2480 247 2530 est,
264 2481 290 2520 et
305 2472 405 2520 tandem
420 2471 488 2535 legit,
504 2475 555 2520 Aut
571 2475 648 2531 etiam,
715 2471 779 2521 Ibid
797 2475 834 2521 De
853 2471 926 2535 coam]
944 2475 1072 2530 Deiectum,
1088 2473 1118 2520 B.
1147 2472 1221 2521 Unde

108 2539 246 2585 alterutram
263 2539 310 2585 nisi
328 2540 434 2585 terminet
449 2540 547 2585 aiteram
563 2553 647 2596 comm,
679 2537 768 2599 aliquis
778 2536 893 2586 conficiat
903 2538 1000 2601 dejecta,
1013 2538 1057 2588 sed
1067 2540 1095 2586 de
1109 2545 1170 2585 eoetu
1180 2536 1220 2586 vel

108 2609 131 2649 et
142 2603 250 2663 Simplice
259 2610 344 2650 natura
350 2609 433 2663 pateat
442 2609 531 2650 tunium
539 2604 646 2650 imnwde·
679 2606 740 2650 coita
752 2601 839 2665 placet.

107 2673 190 2714 ratam.
225 2666 359 2715 Existimat
371 2666 450 2714 Faber
461 2666 585 2728 vulgatam
595 2665 646 2714 lec·
714 2668 783 2715 1020.
793 2670 857 2716 Nem
865 2676 932 2726 certe,
943 2666 1000 2730 eta]
1011 2666 1105 2716 Stoicos
1113 2665 1220 2716 irridens

108 2729 200 2778 tionem
213 2731 367 2779 retinendam
379 2746 439 2790 esse,
452 2738 477 2779 et
488 2731 581 2793 aliquot
591 2746 646 2779 ver·
676 2732 760 2793 jocose
776 2731 930 2797 propositum
945 2740 1117 2796 argumentum
1132 2746 1218 2794 prose-

108 2810 150 2843 sus
160 2795 200 2843 hic
214 2795 342 2854 excidisse,
359 2795 394 2843 ita
405 2803 433 2844 ut
444 2811 500 2844 cum
510 2794 542 2843 de
553 2795 645 2844 incom·
680 2797 770 2858 quitur,
788 2812 811 2845 v.
827 2798 864 2844 14.
899 2796 983 2845 Finita
998 2796 1064 2845 enim
1081 2795 1176 2845 semina
1190 2795 1219 2844 in

108 2859 193 2917 modis,
206 2861 236 2909 ab
249 2863 319 2908 laena·
335 2862 481 2909 immoderato
491 2859 545 2908 sine
556 2859 647 2908 admis-
679 2860 777 2910 infinito
794 2861 874 2925 spatio
891 2860 1002 2925 dispersa
1017 2876 1143 2924 nunquam
1159 2875 1218 2909 con·

108 2923 174 2972 tione
187 2924 302 2988 Corporis
313 2924 412 2983 infiniti,
425 2934 450 2973 et
460 2924 561 2973 alternis
572 2924 647 2983 misti,
679 2925 812 2984 venissent,
837 2925 893 2984 uisi,
917 2927 982 2989 quod
1003 2927 1092 2975 Stoicis
1118 2924 1219 2990 placuit,

108 2989 299 3051 proficientibus,
334 2989 441 3046 dixerim
480 2989 557 3038 altera
588 3005 646 3052 pars
680 2989 790 3038 Mundus
806 3000 872 3039 esset
886 2991 979 3054 grande
994 2991 1091 3050 animal,
1104 3001 1129 3038 et
1144 2989 1218 3054 plane

108 3054 197 3102 omissa
216 3055 255 3114 sit,
275 3063 319 3103 aut
338 3064 388 3103 nrm
405 3053 465 3103 satis
482 3054 612 3128 perspicue
631 3070 646 3102 a
680 3055 1217 3118 Deumejusqueseminasummaarteetcon-

108 3119 223 3168 Lucretio
236 3119 370 3183 explicata3
388 3119 492 3168 eandem
505 3134 571 3167 emm
586 3118 645 3168 ivaro·
679 3119 734 3168 silio
742 3136 757 3168 a
766 3119 855 3183 spiritu
866 3135 911 3184 per
922 3120 1005 3168 omnia
1017 3121 1126 3176 membra
1137 3119 1219 3168 infuso

107 3181 159 3246 plan
170 3200 280 3233 remeare
291 3196 390 3233 neeesse
402 3200 469 3232 esse:
487 3183 576 3232 deinde
586 3183 647 3232 duas
679 3184 798 3248 disposita
816 3183 926 3234 fuissent
961 3183 1096 3233 Prudentia
1112 3185 1172 3241 haec,
1193 3193 1220 3232 et

107 3248 162 3297 illas
169 3264 240 3298 voces
247 3253 345 3297 aunam
353 3257 379 3297 et
387 3252 524 3297 alterutram
529 3249 646 3313 probisse
678 3248 823 3297 meditantia
834 3249 971 3297 Stoicorum
982 3248 1104 3312 principia
1115 3247 1218 3306 deridet,

108 3313 172 3376 quod
183 3314 250 3362 dicia
284 3313 425 3377 Displicent
434 3312 532 3361 omnia:
550 3313 647 3376 integer
679 3322 705 3361 et
715 3329 747 3361 ex
757 3313 855 3376 placitis
865 3312 968 3377 Epicuri
979 3313 1066 3367 deceta
1082 3327 1123 3360 res
1134 3326 1219 3360 omnes

108 3387 145 3426 est
162 3379 245 3436 Pota,
258 3377 368 3440 nullique
384 3377 528 3425 exciderunt
544 3393 646 3433 versus3
678 3378 779 3425 fortuito
785 3374 1220 3440 infinitorumCorporuminiafinite

107 3442 205 3504 reJectis
226 3441 323 3499 Aurati,
347 3441 475 3498 Gessendi,
496 3440 647 3503 aliorumque
681 3441 754 3489 Inani
784 3440 939 3490 volitantium
969 3456 1090 3490 concursu
1118 3440 1218 3490 tandem

108 3506 261 3568 conjecturis,
274 3504 417 3553 admittatur
428 3505 498 3553 codd
509 3505 583 3552 MSS.
595 3505 644 3553 lec·
679 3513 819 3580 procreatas
827 3505 910 3565 fuisse,
921 3514 945 3553 et
953 3505 1061 3568 quotidie
1070 3504 1179 3570 reparari
1185 3521 1218 3555 ex

109 3570 150 3630 tio,
163 3580 188 3619 et
199 3587 258 3619 rana
269 3569 381 3634 protinus
393 3578 465 3618 erunt
476 3569 559 3618 omnia
569 3578 595 3618 et
607 3569 646 3617 in·
679 3570 734 3618 rstis
750 3569 891 3628 seminibus,
906 3586 960 3633 quae
976 3570 1074 3618 infinita
1087 3586 1218 3634 corporum

109 3646 183 3699 tegra.
210 3637 336 3698 Legantur
352 3635 441 3697 itaque,
459 3637 645 3693 Antetiam,ei·
678 3634 813 3699 primorum
825 3635 896 3699 copia
903 3635 997 3699 J'ugiter
1009 3635 1156 3701 suppeditat

109 3709 222 3750 teretrum
243 3703 290 3748 nisi
313 3704 421 3760 terminat
442 3703 540 3748 aiterum
562 3716 647 3758 eorum,
714 3702 784 3748 1021.
807 3703 892 3756 Ordine
911 3717 935 3749 re
955 3717 1055 3763 queque,
1073 3700 1130 3764 etc]
1154 3700 1217 3756 Qui-

107 3769 214 3828 Simpiiee
229 3774 316 3814 natare
328 3773 411 3827 pateat
424 3767 645 3813 temenimmodera-
679 3765 735 3812 dam
751 3764 815 3824 libri,
835 3768 921 3814 Ordine
936 3782 960 3814 ae
976 3783 1016 3814 arco
1032 3771 1132 3828 qunque.
1160 3765 1216 3813 Ma·

108 3840 154 3879 tum
161 3850 171 3886 ,-
189 3833 267 3880 Inane
278 3830 324 3879 viz.
336 3838 365 3877 ut
375 3839 505 3892 sequentes
517 3845 609 3887 versus,
622 3838 648 3877 et
678 3829 725 3877 rul.
745 3832 830 3878 Ordine
838 3847 924 3893 qaoque
932 3848 979 3878 sao.
997 3829 1118 3887 Giianius‚
1131 3833 1218 3878 Ordine

107 3912 155 3945 vox
166 3896 220 3960 ipsa
229 3903 312 3957 petent
322 3896 497 3943 demonstrant.
524 3895 587 3942 Haec
598 3894 645 3958 igi-
678 3911 702 3943 ae
718 3912 764 3942 sao.
784 3894 924 3957 Aliquando
939 3894 1013 3944 etiam
1030 3895 1165 3944 Lambinus
1180 3895 1217 3943 le·

107 3972 147 4010 tur
162 3961 250 4009 horum
262 3975 376 4009 versuum
390 3959 527 4008 sententia:
545 3958 594 4007 nisi
610 3962 645 4008 ei·
678 3959 722 4022 git,
735 3962 1024 4023 Sadrdinaanoqnaqne.
1053 3962 1139 4008 Ordine
1150 3975 1217 4021 seque

108 4023 646 4088 teretrum,Corpusvinadamianorumviz.
679 4041 726 4080 aaa,
740 4025 768 4072 B.
803 4024 863 4084 Alii,
887 4029 916 4074 Se
938 4027 1024 4074 Ordine
1046 4041 1139 4087 quaque
1158 4041 1218 4072 ruer

110 4091 194 4148 inane,
204 4090 326 4147 terminet,
340 4089 418 4138 Inane
428 4104 486 4137 vero
497 4088 576 4137 solum
585 4104 644 4137 con·
678 4089 818 4153 proximum
829 4105 927 4139 versum
938 4105 988 4139 non
1000 4088 1110 4153 agnoscit
1121 4089 1151 4136 Β.

108 4155 207 4203 cedatur
226 4158 347 4216 infinitam,
365 4163 393 4201 ut
412 4153 471 4202 olim
491 4152 599 4217 probavi,
621 4160 646 4201 et
715 4156 783 4202 1023.
796 4154 854 4218 Sed]
870 4159 933 4212 Qaae,
946 4155 976 4203 G.

110 4218 192 4275 Stoici,
210 4229 296 4268 contra
314 4235 374 4281 quos
397 4218 503 4283 disputo,
523 4219 644 4274 fatentura
714 4218 777 4268 ibid.
788 4218 945 4282 Multimodis]
963 4221 1041 4268 Malta
1057 4219 1135 4275 modia,
1148 4213 1217 4262 EC·

103 4297 154 4331 ¹nec
164 4283 235 4333 Mare
241 4298 288 4337 nee
297 4283 388 4345 Tellus,
399 4292 445 4334 etc.
456 4283 578 4348 Epicurus
585 4283 646 4348 ipse,
680 4282 729 4333 Gis.
