2872 4852
449 248 618 315 LIBER
646 250 903 328 TERTIUS.

207 406 251 469 Se
267 405 371 489 fingit,
388 428 550 490 sensuque
567 429 628 471 suo
642 409 838 472 contaminat
853 410 997 474 adstans.

207 508 294 572 Hinc
310 509 497 593 indignatur
512 531 547 573 se
563 509 739 576 Mortalenr
753 533 826 576 esse
842 523 998 590 creatum,

205 611 279 675 Nec
295 612 393 688 videt,
409 612 443 674 in
457 632 533 675 vera
547 612 670 677 nullum
684 612 755 678 fore
771 624 875 679 morte
890 614 986 679 alium
1001 613 1065 692 Se;

207 713 274 794 Qui
287 714 393 798 possit
406 714 497 778 vivus
513 715 575 778 sibi
591 715 634 780 Se
649 714 761 800 lugere
776 717 992 801 peremptum,
1124 713 1126 716 ’

140 829 189 875 90⁰
209 816 372 900 Stansque
382 817 558 901 jacentem,
574 839 635 883 nec
650 817 796 896 lacerari,
811 819 902 882 urive
916 818 1041 885 dolore.

204 918 292 983 Nam
308 920 381 983 siin
396 930 500 986 morte
515 920 634 986 malum
647 920 689 986 'at
703 921 793 985 malis
809 944 984 1006 morsuque
998 922 1140 988 ferarum

203 1020 366 1099 Tractari,
382 1044 447 1086 non
461 1025 591 1088 invenio
605 1023 663 1108 qui
677 1045 743 1087 non
758 1024 800 1087 sit
814 1025 969 1089 acerbum

202 1123 338 1208 Ignibus
353 1125 538 1208 impositum
553 1125 666 1189 calidis
681 1135 863 1190 torrescere
876 1126 1031 1204 flammis3

202 1223 273 1289 Aut
286 1227 319 1287 in
335 1225 428 1289 melle
444 1227 541 1289 situm
556 1226 720 1304 suffocari,
736 1238 834 1311 atque
849 1229 957 1312 rigere

138 1336 185 1382 905
204 1324 352 1410 Frigore,
367 1348 441 1391 cum
456 1329 487 1390 in
504 1348 628 1393 summo
643 1327 743 1412 gelidi
757 1332 856 1394 cubat
871 1352 1003 1414 aequore
1019 1329 1108 1407 saxi;

203 1428 363 1512 Urgerive
379 1450 520 1514 superne
535 1429 692 1494 obtritum
706 1433 852 1515 pondere
868 1442 975 1496 terrae.

218 1584 221 1590 .
244 1528 292 1593 At
303 1530 371 1614 jam
386 1552 449 1593 uon
466 1532 583 1595 domus
599 1533 737 1616 accipiet
751 1544 784 1597 te
799 1532 885 1611 laeta,
901 1556 1008 1617 neque
1024 1555 1107 1598 uxor

202 1633 349 1716 Optima,
364 1653 424 1696 nec
440 1632 552 1697 dulces
568 1646 740 1718 occurrent
754 1635 866 1699 oscula
881 1637 950 1699 nati

200 1734 394 1820 Praeripere,
411 1746 444 1800 et
459 1738 558 1801 tacita
573 1749 689 1822 pectus
706 1737 879 1803 dulcedine
894 1748 1049 1824 tangent3

136 1848 183 1894 910
201 1837 280 1900 Non
294 1839 417 1922 poteris
434 1837 527 1903 iactis
543 1840 602 1905 tibi
617 1840 758 1906 fortibus
772 1863 855 1919 esse,
872 1841 1002 1926 tuisque

200 1939 377 2004 Praesidio:
402 1940 525 2005 Miser!
550 1940 700 2007 bruiser!
724 1942 826 2020 aiunt,
843 1943 949 2006 omnia
963 1943 1084 2007 ademit

114 2123 206 2186 Fayus;
234 2125 329 2190 lepide:
355 2126 458 2174 cadaver
479 2126 524 2174 vin
545 2126 610 2175 ieras
628 2135 653 2175 et
687 2129 724 2176 la.
735 2126 914 2190 dumnulgaria
925 2126 1000 2175 refert
1010 2125 1126 2181 lamenta,
1134 2122 1224 2186 quibus

112 2188 223 2236 volucres
244 2190 367 2252 abigeret:
391 2199 441 2238 tam
462 2190 552 2239 bellum
574 2190 650 2238 inter·
684 2200 793 2239 mortuos
812 2191 893 2238 Amici
912 2189 1027 2253 prosequi
1046 2188 1133 2246 solent,
1154 2189 1223 2250 quasi

112 2262 207 2314 pretem
219 2254 352 2317 Diogenes,
364 2253 423 2302 satis
434 2255 494 2312 scio,
505 2255 643 2317 castigaret.
684 2255 722 2303 illi
733 2256 792 2312 bec,
806 2269 860 2316 quar
871 2255 999 2302 moriendo
1008 2253 1170 2311 demiserunt,
1178 2251 1222 2303 tlt-

147 2318 201 2365 896.
220 2321 335 2381 Sensuqac
343 2337 383 2367 suo
391 2323 531 2367 contaminat
542 2317 651 2380 musas]
685 2318 800 2367 siderent.
830 2319 945 2366 Mortuus
957 2320 1021 2365 'acet
1035 2332 1125 2365 sensus
1139 2325 1165 2364 et
1179 2332 1224 2365 cu·

115 2380 145 2428 id
157 2390 200 2439 est,
214 2383 271 2430 dum
283 2383 361 2430 credit
377 2400 401 2430 se
417 2392 473 2446 post
488 2392 593 2431 mortem
610 2397 650 2430 ca·
683 2383 795 2446 piditatis
811 2396 906 2445 expers,
924 2335 986 2429 nibil
1000 2389 1076 2444 optat,
1127 2380 1164 2438 tit,
1181 2390 1233 2430 aut·

112 2446 188 2494 darer
203 2444 264 2495 illud
281 2448 399 2504 futurum,
417 2463 517 2496 sensum
533 2462 605 2496 suurn
625 2447 653 2494 in
683 2447 785 2510 indiget,
796 2447 855 2509 quid
864 2446 940 2509 igitur·
949 2445 1092 2495 deflendusi
1111 2445 1224 2494 Socrates

113 2510 138 2558 id
150 2512 328 2573 quodammodo
340 2512 461 2560 transfert.
491 2515 575 2562 Faber.
683 2511 710 2560 in
720 2511 874 2598 Dialogoqui
882 2511 948 2574 apud
957 2511 1087 2559 Platonem
1098 2508 1223 2559 Axiochus

145 2577 199 2624 903.
230 2577 326 2640 Ignibus
347 2579 484 2638 impositum,
507 2574 565 2639 etc]
587 2576 652 2625 Tres
684 2575 832 2634 inscribitur,
848 2573 1152 2624 Ηκουσαδὶπηὲκάτοῦ
1160 2581 1222 2637 Προ-

111 2642 197 2689 modos
219 2641 351 2704 sepulturae
377 2641 463 2704 tangit,
486 2642 528 2704 qui
556 2656 649 2690 crema-
683 2639 749 2690 tuor
769 2639 893 2702 λέγοντος,
913 2640 982 2690 ὅτιὸ
1004 2633 1104 2689 θάνατος
1124 2639 1152 2688 οὐ
1169 2639 1223 2702 περὶ

111 2706 206 2764 bantur,
219 2706 260 2768 qui
273 2714 338 2754 terra
349 2705 520 2765 obruebantur,
532 2715 558 2755 ct
569 2706 611 2768 qui
623 2707 650 2754 in
682 2706 739 2755 τοὺς
753 2703 842 2767 ζῶντάς
859 2707 933 2764 ἐστιν,
945 2703 973 2754 ab
989 2705 1042 2766 περὶ
1058 2702 1114 2754 τοὺς
1129 2713 1222 2765 μετηλ.

111 2769 214 2834 lapideis
230 2771 292 2819 arcis
310 2787 366 2819 cum
385 2771 456 2819 melle
474 2771 649 2830 condebantur,
683 2768 800 2833 λαχότας·
818 2769 855 2819 ὅτι
871 2770 924 2833 περὶ
939 2768 984 2830 μὲν
1000 2769 1056 2818 τοὺς
1085 2787 1161 2818 erras
1178 2769 1221 2818 οὐκ

110 2848 173 2896 quos
182 2835 217 2883 ait
228 2835 255 2882 in
271 2835 346 2899 gelidi
361 2850 459 2898 aequore
476 2836 529 2884 saxi
545 2838 649 2892 cubare3
684 2832 757 2894 iussu,
771 2836 794 2884 sl
804 2833 830 2884 ti
843 2832 1001 2884 ductortuus
1017 2834 1060 2882 οὐκ
1078 2833 1222 2892 uiolabere

110 2899 162 2946 baec
175 2900 283 2948 breviter
294 2901 427 2949 Salmasius
444 2901 475 2948 ad
492 2900 610 2959 Solinum,
623 2917 647 2965 p.
681 2900 709 2948 οὔ
721 2898 774 2963 περὶ
785 2916 815 2949 os
827 2901 869 2948 νῦν
880 2898 955 2958 ἔστιν,
967 2899 1007 2961 (oi
1021 2897 1069 2961 γὰρ
1083 2896 1222 2962 stimma)

110 2965 166 3011 ato.
203 2965 296 3014 Forsan
316 2981 374 3014 vero
395 2966 525 3014 Lucretius
546 2966 650 3030 castigat
681 2966 744 3024 stre,
758 2965 803 3014 dn
819 2961 909 3022 πόθοις,
922 2963 992 3013 iosos
1007 2964 1062 3026 περὶ
1075 2979 1114 3022 ss,
1126 2962 1158 3013 rt
1173 2962 1222 3025 γὰρ

37 3070 40 3076 ,
112 3029 269 3078 Heraclidem
282 3031 418 3088 Ponticum,
431 3040 455 3079 et
470 3032 649 3090 Democritum,
681 3029 786 3092 οὔκέοῃ.
805 3026 1065 3087 Μάταιοςοῦνὴλύπη
1073 3027 1222 3090 περὶτοῦμὴ

109 3093 141 3140 de
163 3094 251 3156 quibus
272 3096 358 3144 Varro.
396 3096 478 3151 Quare
502 3096 649 3145 Heraclides
681 3091 948 3154 irrosmltreioopbss
955 3091 1220 3156 τερὶἈξίοχονἋξΙο-

111 3158 228 3208 Ponticus
246 3160 304 3223 plus
325 3159 396 3225 sapit,
417 3161 459 3223 qui
481 3161 599 3225 praecepit
620 3170 650 3209 ut
680 3177 729 3220 χον
739 3157 868 3222 ὀδύρεσθαι,
881 3159 921 3207 asi
933 3157 1020 3218 ὅμοιον,
1033 3159 1063 3207 ὣς
1075 3156 1096 3206 sl
1106 3156 1160 3219 sepi
1175 3159 1220 3215 τῆς

108 3225 288 3283 comburerent,
300 3241 373 3287 quam
386 3225 549 3282 Democritus,
562 3225 603 3287 qui
621 3234 651 3273 ut
681 3223 803 3282 Σκύλλης,
813 3223 829 3281 ἢ
840 3225 884 3271 τοῦ
900 3221 1036 3284 Κενταύρου
1051 3221 1088 3270 sis
1103 3220 1220 3283 ὀδύραιτο,

110 3286 136 3334 in
148 3288 220 3337 melle
237 3298 369 3347 servarent,
382 3304 453 3352 quem
471 3287 492 3337 si
504 3289 592 3352 vulgus
607 3304 648 3337 se·
679 3291 729 3336 τῦν
742 3287 804 3347 uim
821 3287 901 3343 durau,
914 3287 976 3346 μήτε
992 3287 1092 3347 ὕστερον
1102 3284 1155 3347 sepi
1174 3284 1221 3343 τὴν

107 3362 181 3400 cutus
193 3362 263 3409 esset,
276 3369 374 3416 peream
387 3353 408 3402 si
424 3363 523 3401 centum
540 3351 648 3411 denariis
680 3352 799 3409 τελευτὴν
809 3349 934 3410 ἐσομένων.
958 3349 993 3398 'rb
1001 3349 1049 3412 γὰρ
1058 3348 1163 3411 φοβερὸν
1170 3350 1221 3399 sois

107 3416 211 3464 calicem
233 3418 306 3465 mulsi
329 3433 410 3465 emere
432 3417 560 3480 possimus.
604 3417 646 3464 In·
681 3414 748 3464 οὖσιν
760 3415 822 3472 ἔστι,
833 3416 884 3463 tois
896 3413 922 3462 il
934 3414 977 3463 obs
988 3411 1042 3462 sios
1051 3412 1204 3471 sissinius

108 3481 184 3543 digna
196 3481 261 3529 enirn
273 3481 424 3546 pbilosophis
440 3490 489 3528 tam
506 3481 592 3544 putida
608 3493 647 3529 se-
716 3479 777 3527 Ibid.
795 3483 830 3528 At
834 3479 888 3542 jem
899 3496 942 3527 aas
956 3478 1047 3540 Mnus]
1060 3478 1139 3527 Vetus
1155 3479 1220 3527 Gra·

108 3545 206 3608 pulchri
218 3561 291 3593 cura:
309 3545 395 3594 fortius
407 3554 433 3593 et
443 3544 579 3608 sapientius
594 3545 648 3610 ipsa
681 3544 749 3593 norii
764 3544 852 3602 codex,
867 3547 912 3591 stra
928 3560 973 3592 noa
981 3543 1036 3606 jasa
1051 3545 1137 3600 domm,
1154 3543 1221 3593 uude

110 3610 255 3658 Petronius:
285 3619 310 3658 at
332 3610 398 3658 enim
420 3609 534 3658 fluctibus
561 3612 649 3659 obruto
681 3608 816 3657 Salmasius
831 3607 930 3670 conjicit
946 3608 1077 3671 legendum
1093 3611 1156 3669 quin,
1176 3623 1220 3660 seu
1260 3659 1266 3672 ,

108 3691 159 3723 rson
179 3675 300 3739 contingit
319 3675 451 3740 sepultura,
472 3683 588 3738 tanquam
609 3675 647 3723 in·
681 3674 764 3738 potius
775 3677 862 3737 tapso
879 3689 945 3728 eun,-
962 3681 991 3720 ut
1006 3676 1027 3721 s's
1043 3676 1109 3729 tess's
1125 3676 1181 3734 ipsa,
1193 3671 1220 3724 id

109 3741 181 3789 tersit
190 3740 326 3806 periturum
340 3741 435 3804 Corpus
444 3753 500 3803 quae
511 3740 575 3789 ratio
589 3755 649 3789 con·
682 3748 726 3798 est,
739 3738 818 3802 qualis
829 3738 869 3786 hic
881 3753 973 3796 canon
984 3737 1058 3785 talem
1069 3736 1174 3800 accipiat
1184 3737 1219 3787 ibi

106 3814 196 3864 sumat,
207 3806 278 3869 ignis,
289 3822 322 3854 an
330 3805 468 3863 fluctuata
480 3820 562 3862 marm
579 3805 648 3868 quicss
681 3805 768 3852 domus
779 3804 841 3852 laeta
871 3802 982 3850 Tandem
991 3801 1117 3851 verodicit
1127 3802 1219 3866 optime

107 3870 168 3934 quid
179 3871 265 3920 feceris
279 3872 331 3919 hac
349 3871 431 3919 omnia
448 3870 533 3919 eodem
545 3880 649 3919 ventura
680 3869 737 3933 legi,
758 3871 779 3926 Ι,
798 3884 842 3932 asp
852 3868 906 3930 jasa
923 3870 1007 3915 dossas
1046 3867 1148 3917 Frustra
1166 3868 1219 3924 baec

109 3944 181 3992 sunt3
202 3935 261 3984 iera
276 3945 359 3984 tamen
375 3937 472 4000 Corpus
492 3935 647 3991 lacerabunts
681 3934 769 3993 omnia,
788 3943 813 3982 ct
829 3932 891 3980 nibil
909 3932 1019 3996 profecto
1036 3931 1147 3996 putidius
1163 3932 1218 3981 Sal·⁴

109 4008 224 4063 tanquam
236 4001 325 4049 melius
336 4000 406 4064 Ignis
417 4000 528 4064 accipiat
680 3998 758 4048 masio
769 4014 826 4047 curn
836 3997 978 4046 Lucretium
990 3996 1173 4060 interpretetur.

142 4065 197 4116 907.
215 4066 306 4128 Atjom
317 4083 361 4115 soa
378 4068 456 4114 domas
472 4069 576 4128 accipiet,
589 4063 647 4127 etc]
713 4065 768 4112 91⁰.
786 4063 840 4111 Non
849 4061 1016 4124 poterisssctis
1027 4065 1080 4119 titt,
1088 4060 1146 4124 etc]
1159 4061 1218 4118 Alii,

108 4129 232 4182 Quoniam
244 4130 317 4193 vulgo
330 4131 434 4179 babetur
445 4130 543 4187 malurn,
556 4129 648 4194 privari
681 4125 1093 4191 Noapstsrisscctisstomts'bssesse
1099 4129 1218 4186 csiqunms

110 4191 165 4239 istis
181 4194 253 4242 rebus
273 4195 360 4257 quibus
379 4195 406 4243 in
423 4195 474 4244 vita
493 4195 606 4252 fruimur,
623 4202 649 4246 et
680 4191 940 4250 dilaniaverunt„
950 4195 1036 4253 psters's
1045 4189 1122 4251 jactis
1132 4192 1217 4248 staen-
1247 4220 1249 4223 -

109 4255 248 4305 senonibus
279 4260 366 4322 quibus
399 4259 531 4324 fungimur,
560 4274 648 4308 vanam
681 4262 743 4308 aas
758 4274 806 4307 esss
824 4261 877 4306 tais.
906 4257 1071 4311 Qmsversus
1087 4255 1167 4300 amat!
1186 4253 1219 4304 Iu

107 4321 174 4368 hanc
194 4321 334 4385 opinionem
353 4325 449 4373 deridet
469 4324 605 4382 Lucretius,
623 4339 646 4372 v.
680 4322 792 4386 sequenti
804 4337 876 4370 versu
887 4321 995 4382 quidam,
1005 4322 1087 4366 ansero
1097 4319 1185 4368 ubera

312 4405 318 4421 r
815 4401 829 4434 z
