2872 4852
180 185 271 286 'rra
585 218 628 282 r.
660 215 932 281 Lucnurn

291 379 406 441 Sinon
421 377 493 459 ipsa
507 373 614 458 palam
629 375 717 459 quod
733 395 786 437 res
803 372 894 436 dedit
909 393 948 435 ac
964 371 1074 435 docuit
1089 374 1172 434 nosi
1191 383 1195 392 “

291 477 339 543 At
355 479 486 542 dimissa
502 475 621 541 Anima
636 498 755 560 corpus
771 485 860 540 caret
874 474 1018 557 undique
1034 496 1144 551 sensu,

292 581 408 644 Perdit
423 581 506 644 enim
524 579 612 663 quod
627 600 693 642 non
708 578 875 661 proprium
889 575 951 639 fuit
965 576 1036 660 ejus
1051 577 1084 638 in
1099 597 1188 652 aevo;

294 682 468 765 Multaque
483 690 643 764 praeterea
659 680 779 764 perdit,
795 701 869 743 cum
883 675 1057 760 expellitur
1072 698 1152 740 aevo.

175 863 177 865 ι
230 797 277 844 seo
341 783 462 847 Dicere
480 804 576 866 porro
593 780 717 845 Oculos
732 779 852 843 nullam
867 801 935 843 rem
950 801 1084 843 cernere
1099 799 1216 862 posse3

295 885 363 949 Sed
378 906 439 968 per
454 906 511 947 eos
527 880 682 946 Animum
696 891 734 944 ut
749 880 874 946 foribus
891 890 1040 964 spectare
1055 881 1203 956 reclusis,

296 986 459 1070 Desipere
475 985 526 1062 'st,
543 994 655 1049 contra
670 1006 743 1048 cum
758 1005 873 1046 sensus
889 983 977 1047 dicat
991 1005 1123 1046 eorum:

297 1089 420 1152 Sensus
436 1088 521 1151 enim
536 1086 646 1163 trahit,
664 1095 763 1169 atque
776 1085 862 1149 acies
879 1085 1026 1148 detrudit
1039 1085 1081 1148 ad
1096 1085 1195 1167 ipsas.

297 1188 437 1273 Fulgida
451 1189 633 1272 praesertim
648 1210 721 1252 cum
736 1209 869 1252 cernere
883 1208 971 1270 saepe
985 1187 1167 1269 nequimus,

232 1303 279 1349 365
297 1292 437 1356 Lumina
450 1291 624 1354 luminibus
640 1291 717 1374 quia
731 1291 825 1354 nobis
841 1290 1105 1374 praepediuntur:

295 1394 400 1477 ,Quod
414 1393 539 1456 foribus
555 1414 620 1456 non
635 1391 691 1467 fit,
714 1414 820 1476 neque
836 1393 932 1468 enim,
947 1413 1013 1474 qua
1028 1390 1188 1454 cernimus
1202 1389 1276 1471 ipsi,

299 1497 396 1560 Ostia
412 1489 592 1577 suscipiunt
606 1493 708 1557 ullum
722 1493 849 1558 reclusa
862 1492 1017 1557 laborem.

342 1598 518 1672 Praeterea,
536 1596 563 1659 si
578 1618 638 1679 pro
654 1595 793 1660 Foribus
812 1606 887 1659 sunt
900 1595 1022 1658 lumina
1036 1605 1158 1672 nostra,

299 1699 322 1762 J
324 1721 375 1762 am
389 1698 491 1780 magis
507 1697 666 1780 exemptis
683 1695 797 1761 Oculis
813 1697 934 1760 debere
950 1698 1078 1761 videtur

236 1813 284 1864 870
303 1800 446 1864 Cernere
463 1820 515 1862 res
531 1795 682 1874 Animus,
699 1797 834 1862 sublatis
850 1799 999 1883 postibus
1015 1800 1104 1883 ipsis.

344 1900 430 1964 lllud
445 1901 478 1963 in
492 1898 544 1962 his
560 1901 659 1963 rebus
675 1921 880 1984 nequaquam
896 1923 1023 1965 sumere
1037 1901 1156 1985 possis,

215 2105 316 2145 nostrum
326 2113 393 2144 sense
402 2099 526 2158 praeditum
538 2113 592 2154 esse,
605 2105 628 2144 et
638 2113 689 2144 sere
700 2112 751 2144 sers-
785 2114 845 2154 rnre
853 2095 899 2153 τὴν
911 2095 1027 2154 αἴσθησιν.
1047 2095 1165 2153 Laertius,
1173 2093 1215 2142 lib.
1226 2093 1258 2142 X.
1271 2093 1320 2141 Ubi

218 2165 270 2220 tire,
282 2164 328 2209 nisi
342 2163 403 2208 iilud
413 2164 473 2223 qaod
484 2178 520 2208 res
536 2165 587 2222 ipse
599 2163 682 2209 docet?
699 2161 752 2208 Ex·
785 2160 865 2208 eidem
882 2160 1012 2222 objectioni
1028 2160 1093 2208 idem
1110 2160 1242 2224 respondet
1258 2158 1321 2221 Epi-

214 2225 291 2289 plicat
301 2235 383 2273 autem
394 2227 459 2288 quod
470 2225 573 2283 dixerat,
593 2227 635 2273 Vel
644 2223 752 2286 menifes-
785 2241 858 2273 curus
867 2225 932 2286 quod
940 2226 986 2272 hoc
996 2240 1068 2274 versu
1079 2225 1208 2273 Lueretius
1215 2222 1321 2286 amplec-

216 2298 253 2338 tas
264 2307 301 2338 res
312 2298 399 2348 contre,
410 2308 518 2353 anaeque
530 2298 661 2354 repugnat,¹
673 2305 752 2352 neque
785 2290 853 2338 titur.

215 2354 283 2403 enim
294 2354 358 2418 petit
367 2355 442 2403 Poeta
453 2357 510 2417 quid
520 2358 551 2403 sit
562 2358 659 2402 seruas?
677 2353 754 2417 (quod
819 2355 874 2402 360.
893 2356 976 2402 Dicere
990 2371 1060 2416 porro
1077 2356 1245 2411 Oculos-rem,
1264 2351 1321 2414 etc]

216 2418 307 2467 faceret
315 2428 397 2468 tamen
408 2419 430 2467 si
440 2429 540 2484 recepta
550 2419 622 2467 lectio
631 2419 755 2482 sequenda
787 2419 852 2474 Quia
867 2419 973 2476 fuerunt,
986 2418 1027 2482 qui
1039 2419 1207 2467 existimarent
1218 2433 1268 2466 non
1279 2418 1322 2465 de·

216 2484 290 2546 foret)
303 2485 346 2532 sed
357 2485 391 2532 ait
402 2484 526 2532 hominem
535 2499 654 2546 quemque
663 2483 754 2532 sentire
786 2485 845 2532 bere
862 2491 940 2531 totum
956 2484 1125 2547 compositum,
1142 2492 1203 2548 puta
1215 2482 1323 2540 Animal,

217 2547 313 2612 Corpus
324 2565 396 2597 suum
408 2564 481 2596 sensu
492 2548 622 2613 praeditum
634 2563 694 2606 esse,
706 2549 753 2596 ita-
787 2548 836 2596 dici
852 2547 951 2606 sentire,
963 2549 1006 2596 sed
1018 2548 1133 2596 Animam
1150 2563 1195 2610 per
1209 2562 1235 2594 se
1247 2555 1272 2594 et
1283 2562 1322 2594 so-

218 2627 265 2674 que
287 2622 356 2661 tanta
380 2623 580 2676 argumentorum
606 2613 670 2660 mole
693 2612 755 2659 nihil
787 2613 836 2660 lam
852 2612 878 2659 id
894 2627 984 2660 munus
1003 2612 1038 2661 ita
1055 2612 1163 2674 exsequi,
1180 2622 1208 2659 ut
1224 2613 1324 2674 Organa

219 2692 272 2725 esse
289 2693 358 2740 opus.
392 2678 521 2736 Praeterea,
538 2677 584 2725 hoc
595 2676 683 2725 addam
694 2692 754 2738 quo·
787 2676 850 2724 nihil
866 2686 1067 2741 cooperarentur:
1094 2678 1138 2725 sed
1157 2685 1240 2724 essent
1255 2675 1324 2738 quasi

218 2756 273 2803 que,
290 2741 421 2798 neminem,
433 2742 474 2803 qui
486 2741 584 2802 quidem
601 2741 654 2789 sani
668 2741 756 2804 capitis
788 2756 862 2789 merae
880 2740 944 2789 fores
966 2757 1012 2804 per
1029 2757 1088 2804 quas
1106 2742 1212 2790 reclusas
1233 2740 1325 2789 Anima

218 2804 299 2862 fuerit,
311 2805 346 2852 sic
355 2820 462 2867 unquam
473 2805 588 2862 locutum,
599 2809 650 2866 quis
661 2809 723 2853 torno
730 2807 757 2852 id
787 2805 854 2853 intus
864 2805 972 2854 existens
981 2815 1084 2854 externa
1094 2806 1243 2870 perciperet;
1259 2805 1325 2853 inter

219 2876 306 2917 asseret
316 2873 362 2917 nisi
373 2873 532 2930 experientia?
542 2869 673 2918 ridiculum
682 2878 720 2918 est
728 2884 755 2916 ac
788 2885 849 2932 quos
866 2870 966 2917 emicuit
983 2871 1144 2934 Epicharmus
1161 2871 1252 2927 diceus,
1270 2871 1324 2918 νοῦς

219 2933 331 2991 delirum,
342 2941 456 2981 ettamen
467 2932 502 2981 ita
513 2933 653 2995 loqueretur
664 2935 756 2982 Lucre·
789 2935 839 2997 ὁρᾷ,
849 2935 902 2983 νοῦς
914 2933 999 2982 ἀκούει.
1018 2936 1076 2983 Ver.
1087 2936 1122 2983 ll.
1135 2935 1261 2997 subjungit
1273 2934 1324 2982 Lu-

221 2997 270 3045 tius
289 2997 338 3045 nisi
357 2998 473 3045 mendum
492 2997 644 3055 vidissemus,
663 3002 714 3060 quis
732 3001 758 3046 id
789 2998 887 3056 cretius,
907 3007 933 3046 et
952 2999 1039 3048 duobis
1055 2999 1205 3063 argumentis
1223 2999 1324 3047 demon·

220 3071 307 3110 asseret
313 3065 359 3110 nisi
367 3064 427 3124 qaod
435 3078 479 3120 res,
489 3070 531 3110 ete.
550 3062 612 3110 Haec
620 3063 706 3121 Faber,
712 3063 754 3124 qui
787 3072 848 3112 strat
858 3063 953 3111 futilem
963 3064 1035 3113 istius
1044 3064 1167 3128 opinionis
1179 3063 1324 3120 vanitatem

220 3141 276 3174 raro
289 3126 387 3189 quidem
404 3136 476 3184 errat,
488 3127 537 3175 nisi
552 3143 609 3175 cum
625 3127 755 3190 insigniter
787 3143 876 3191 nempe
899 3128 920 3175 si
943 3129 1007 3176 oculi
1030 3138 1112 3178 essent
1134 3138 1231 3177 tantum
1251 3127 1324 3185 fores,

221 3191 325 3240 fallatur.
348 3190 414 3247 Quid
425 3191 492 3238 enim
503 3192 541 3239 his
553 3191 633 3240 verbis
644 3192 754 3241 luculen-
788 3192 854 3240 unde
871 3193 921 3240 vim
932 3193 1037 3256 aliquam
1050 3204 1093 3242 aut
1108 3195 1215 3242 laborem
1227 3209 1241 3241 a
1251 3191 1325 3256 fulgi-

221 3256 278 3315 tius,
292 3258 757 3319 Osbanqaemefferetqaidsitcerpus
789 3257 827 3305 dis
850 3258 950 3319 objectis
973 3258 1099 3306 sentiunt?
1127 3257 1224 3306 Deinde
1243 3257 1327 3306 oculos

221 3325 313 3380 sentire,
331 3325 377 3370 nisi
393 3325 419 3370 id
437 3326 469 3369 sit
485 3325 597 3385 quadres
613 3324 758 3384 ipsepelam
791 3322 866 3384 (iores
893 3322 964 3384 istas)
988 3323 1085 3382 evellas,
1113 3322 1201 3371 melius
1225 3334 1328 3370 externa

221 3388 293 3443 dedit,
305 3403 333 3434 ec
344 3390 421 3435 docuit
430 3391 490 3435 nos?
790 3387 929 3452 perciperet
940 3387 1037 3447 Anima,
1048 3388 1105 3436 dum
1117 3387 1217 3436 liberior
1228 3386 1327 3435 daretur

255 3453 310 3498 358.
330 3454 413 3500 Perdit
428 3455 488 3500 esim
506 3455 567 3514 qaod
583 3469 626 3500 soa
639 3456 759 3514 propriam
790 3461 941 3517 prospectus.

216 3512 269 3576 fait
287 3515 338 3576 ejus
353 3519 378 3563 r'n
394 3515 453 3578 avo]
473 3517 548 3565 Hunc
564 3533 662 3566 versum
679 3517 759 3579 rejicit
824 3519 879 3566 362.
890 3520 1000 3580 Decipere
1011 3517 1054 3580 ἐι]
1066 3519 1105 3566 Ita
1115 3525 1182 3566 recte
1195 3515 1328 3565 Lambinus

224 3578 365 3637 Lambinus,
378 3589 403 3627 et
415 3590 556 3641 sequentem
568 3585 688 3643 Multaque
695 3598 755 3643 pra·
791 3591 876 3630 contra
887 3582 955 3630 codd
968 3582 1010 3644 qui
1022 3583 1139 3630 exhibent
1147 3585 1239 3643 diffisus
1250 3589 1291 3630 est.

223 3650 294 3700 terea,
311 3651 354 3691 etc.
371 3644 476 3700 retinet;
501 3661 573 3707 quem
592 3647 670 3694 Faber
681 3655 706 3693 et
718 3645 760 3693 alii
825 3647 880 3694 363.
904 3650 987 3695 Sensus
1008 3651 1074 3704 enim,
1097 3647 1154 3710 etc]
1181 3649 1281 3704 Omnes,
1306 3645 1328 3694 si

223 3719 373 3769 sequuntur:
398 3707 512 3757 Gifanius
528 3713 628 3772 ejusque
644 3724 760 3771 sequaces
793 3726 869 3758 unum
882 3711 975 3773 Fayum
987 3710 1103 3774 excipias,
1112 3709 1263 3774 (quanquam
1274 3709 1329 3773 quis

224 3781 274 3820 una
295 3786 351 3818 cum
371 3772 499 3819 Gassendo
520 3773 661 3836 parenthesi
681 3773 759 3821 inclu·
793 3773 871 3838 istel)
896 3774 1043 3837 interpretes
1063 3775 1128 3824 hunc
1150 3791 1248 3825 versum
1270 3775 1328 3837 reji-

224 3835 299 3890 dunt;
317 3850 362 3898 ego
373 3850 433 3882 vero
442 3835 597 3884 retinendum
609 3853 704 3894 censeo,
714 3852 760 3885 nec
792 3839 867 3886 ciunt.

224 3901 344 3948 affirmare
366 3899 475 3947 dubitem
497 3900 567 3948 illum
591 3901 681 3965 potiori
704 3903 761 3964 J‘ure
825 3903 880 3952 370.
893 3906 1001 3951 Postibus
1010 3903 1079 3966 ipsis]
1097 3907 1213 3952 Feribas:
1234 3904 1269 3953 sic
1286 3903 1329 3953 lib.

225 3965 291 4013 hunc
308 3963 388 4012 locum
405 3963 530 4026 possidere
549 3979 621 4026 quam
640 3967 761 4028 Multaque
794 3966 869 4015 lv.v.
879 3967 934 4018 276.
947 3970 1152 4027 Primoresim’st,
1164 3973 1225 4017 citra
1236 3967 1330 4033 posteis

225 4037 346 4093 meteres,
354 4043 426 4091 quem
434 4028 511 4076 codex
520 4028 653 4076 Vaticanus
660 4044 710 4077 non
717 4045 759 4094 eg·
793 4034 833 4093 qui
844 4034 1015 4087 cemiterd'e'r5
1027 4048 1071 4080 seu
1081 4032 1146 4095 sores
1158 4051 1208 4082 cam
1217 4037 1329 4096 postibus,

226 4094 311 4143 noscit
330 4092 460 4140 Rationem
471 4092 551 4167 petisl
570 4108 601 4141 en
613 4093 718 4141 validam
730 4110 761 4142 ex
793 4105 821 4144 ut
837 4097 944 4160 explicat
961 4097 1110 4156 Lactantius,
1126 4097 1168 4146 lib.
1180 4099 1212 4147 de
1223 4097 1332 4162 Opificio

226 4159 288 4223 ipsis
299 4157 401 4221 Epicuri
412 4158 492 4206 verbis
504 4157 617 4205 ductam:
631 4157 666 4205 διὸ
682 4157 760 4207 ἀπαλ-
794 4159 850 4218 Dei,
861 4177 914 4225 cap.
928 4163 949 4210 8.

227 4221 345 4283 λαγείσης
356 4224 400 4280 τῆς
414 4224 494 4285 ψυχῆς
504 4221 547 4270 οὐκ
558 4219 611 4283 ἔχει
621 4221 667 4276 τὴν
678 4222 760 4281 αἴσθῃ·
826 4227 881 4276 871.
895 4229 960 4274 Illud
975 4230 1000 4274 irs
1013 4230 1049 4275 his
1060 4231 1135 4284 rebus,
1143 4227 1199 4290 eta]
1208 4226 1275 4275 Olim
1287 4227 1331 4276 de·

228 4286 365 4350 tnasiydp
376 4284 597 4351 etetworpusw
609 4286 760 4347 ἑαυτῷὲκέκ-
793 4289 895 4339 claravit
913 4291 1042 4340 Lucretius
1060 4291 1176 4342 Animam
1194 4307 1247 4341 esse
1267 4291 1331 4341 mole
