2872 4852
448 229 621 293 LIBER
650 229 907 295 TERTIUS.
1151 236 1236 300 ’149

213 385 300 448 Esse
314 382 462 460 AnimoS,
478 382 679 470 Animosque
693 385 792 450 leveis
807 396 844 449 ut
859 406 994 451 noscere
1010 389 1135 472 possis3

148 500 196 546 440
214 486 406 571 Conquisita
421 486 488 564 diu,
505 487 657 571 dulcique
673 498 803 572 reperta
815 487 927 553 labore

213 589 324 673 Digna
339 598 396 651 tua
411 609 545 672 pergam
560 589 734 672 disponere
749 590 891 654 carmina
905 591 980 654 vita.

210 689 266 753 Tu
281 689 332 754 fac
347 700 521 774 utrumque
537 714 602 755 uno
617 693 796 776 subjungas
812 715 930 757 nomen
944 715 1068 771 eorum,

211 789 323 875 Atque
338 792 500 869 Animam,
517 794 608 857 verbi
622 815 732 869 causa,
750 817 823 858 cum
838 795 946 859 dicere
964 817 1111 881 pergam,

211 893 386 959 Mortalem
400 917 473 958 esse
489 896 629 973 docens3
654 894 808 960 Animum
823 920 954 982 quoque
969 899 1080 964 dicere
1096 899 1231 964 credas:

145 1008 193 1054 425
212 996 376 1076 Quatinus
391 1007 443 1061 est
456 1020 557 1061 unum
571 998 657 1062 inter
671 1021 716 1076 se,
733 1001 970 1085 conjunctaque
986 1024 1038 1066 res
1054 1012 1128 1066 est.
1204 1044 1208 1049 ,

253 1097 429 1181 Principio,
443 1099 595 1181 quoniam
611 1108 741 1162 tenuem
756 1109 906 1163 constare
921 1101 1053 1166 minutis

210 1200 411 1284 Corporibus
428 1199 534 1276 docui,
550 1199 717 1284 multoque
733 1202 912 1265 minoribus
927 1224 1001 1267 esse

208 1301 380 1383 Principiis
395 1299 523 1375 factam,
540 1322 636 1383 quam
650 1299 793 1385 liquidus
809 1302 926 1367 humor
942 1301 1054 1387 Aquai
1070 1304 1121 1381 ’st‚

209 1404 280 1465 Aut
293 1399 437 1477 Nebula,
453 1411 511 1462 aut
524 1399 647 1464 Fumus
660 1425 668 1463 :
691 1425 765 1466 nam
778 1403 875 1487 longe
890 1404 1069 1469 mobilitate

145 1516 193 1562 4³0
212 1504 364 1579 Praestat,
379 1513 412 1566 et
427 1524 447 1565 a
461 1503 551 1567 tenui
566 1524 664 1571 cauea
679 1506 780 1589 magis
796 1506 860 1570 icta
873 1519 1042 1584 movetur3

211 1604 343 1689 Quippe
358 1605 415 1669 ubi
429 1603 629 1688 Imaginibus
645 1604 750 1682 Fumi,
768 1605 976 1691 Nebulaeque
989 1618 1159 1673 movetur:

208 1707 309 1780 Quod
322 1728 425 1790 genus
441 1707 473 1768 in
490 1706 609 1770 somnis
626 1707 723 1791 sopiti
737 1708 794 1772 ubi
809 1709 970 1773 cernimus
986 1709 1052 1774 alta

206 1808 373 1873 Exhalare
389 1829 509 1892 vapore
523 1808 647 1886 altaria,
663 1809 814 1894 ferreque
829 1809 986 1890 Fumum3

206 1912 294 1976 Nam
309 1909 423 1996 procul
437 1910 508 1974 haec
524 1911 625 1975 dubio
639 1912 735 1975 nobis
750 1911 930 1977 Simulacra
943 1924 1127 1997 genantur:

142 2027 189 2073 445
203 2015 304 2079 Nunc
319 2015 417 2097 igitur
431 2013 582 2097 quoniam
598 2015 760 2098 quassatis
776 2014 920 2098 undique
936 2015 1022 2078 vasis

205 2116 367 2180 Diffluere
383 2114 575 2191 Humorem,
591 2125 624 2179 et
640 2115 787 2179 Laticem
803 2116 973 2181 discedere
989 2118 1094 2181 cernis
1108 2143 1116 2193 3

206 2220 253 2283 Et
267 2217 402 2283 Nebula
417 2240 455 2282 ac
470 2217 592 2282 Fumus
609 2218 760 2301 quoniam
775 2218 915 2282 discedit
929 2220 963 2282 in
978 2242 1094 2284 auras:

206 2321 313 2384 Crede
329 2318 479 2382 Animam
494 2341 625 2402 quoque
642 2317 793 2395 diffundi,
809 2318 976 2404 multoque
991 2323 1099 2404 perire

208 2423 322 2498 Ocius,
339 2430 372 2484 et
388 2421 481 2484 citius
497 2419 630 2484 dissolvi
643 2442 783 2504 corpora
797 2422 911 2505 prima,

141 2538 189 2584 440
210 2525 293 2588 Cum
309 2522 407 2587 semel
422 2525 571 2586 omnibus
586 2546 606 2587 e
620 2525 771 2587 membris
786 2523 895 2589 ablata
909 2527 1054 2590 recessit.

208 2626 341 2710 Quippe
356 2626 475 2690 etenim
490 2625 631 2709 Corpus,
644 2626 732 2710 quod
749 2649 804 2690 vas
819 2627 912 2711 quasi
928 2628 1072 2692 constitit
1086 2630 1168 2715 ejus,

119 2868 234 2916 mortales
249 2884 302 2916 esse
318 2869 471 2933 probaturus,
483 2869 619 2933 profitetur,
632 2885 655 2917 v.
690 2879 714 2917 et
724 2869 763 2917 hic
773 2869 820 2917 loci
829 2868 931 2918 ulterius
939 2870 1096 2917 confirmata:
1114 2878 1151 2917 est
1160 2869 1226 2916 euim

120 2935 142 2981 8.
161 2948 188 2980 se
207 2933 234 2980 in
254 2933 298 2981 bac
319 2933 483 2997 disputatione
503 2949 553 2982 non
572 2933 656 2982 indili·
689 2933 905 2998 quidCorporeum
912 2934 984 2996 longe
991 2934 1096 2992 tenuius,
1103 2933 1226 2991 mobilius,

119 3006 217 3060 gentem
233 2993 297 3052 'fore3
316 2997 429 3059 quoniam
447 3014 505 3046 vero
522 2998 576 3062 ipse
594 2998 655 3046 Ani·
689 3007 714 3045 et
736 2998 889 3047 dissolutioni
913 2999 990 3061 magis
1012 2998 1152 3056 obnoxium,
1175 3014 1225 3046 non

119 3077 186 3110 mum
206 3063 237 3109 ab
258 3062 348 3110 Anima
367 3062 513 3120 distinxerit,
533 3072 558 3110 et
581 3063 656 3111 Stoici
689 3063 761 3111 modo
777 3079 849 3125 quam
866 3078 935 3125 aqua,
953 3078 1038 3110 verum
1059 3062 1132 3110 etiam
1152 3078 1225 3125 quam

119 3126 225 3174 maxime
241 3126 401 3190 distinguunt,
419 3143 450 3175 ne
467 3127 517 3175 rim
534 3127 656 3176 rationum
688 3127 784 3185 nebula,
797 3137 839 3175 aut
850 3127 938 3185 fumus,
951 3127 1041 3191 quippe
1058 3144 1113 3176 cum
1129 3127 1223 3202 percel-

119 3205 168 3238 uon
179 3199 245 3239 recte
255 3192 395 3255 perciperet
411 3192 551 3249 Memmius,
564 3200 655 3249 monet,
688 3191 752 3239 latur
763 3193 836 3240 rebus
848 3192 913 3239 fumo
925 3192 1061 3254 nebulaque
1073 3191 1226 3239 tenuioribus

119 3255 201 3303 omnia
208 3271 253 3304 sua
263 3266 407 3319 argumenta
417 3272 486 3318 reque
496 3265 582 3304 contra
591 3255 654 3304 Ani-
689 3256 728 3317 (ut
738 3265 798 3320 puta
805 3257 902 3304 illorum
912 3255 1072 3312 simulachris,
1081 3271 1113 3302 ex
1121 3270 1224 3317 quorum

56 3336 62 3351 ·
118 3334 185 3367 mum
197 3336 225 3368 ac
237 3321 485 3383 AnImamequibus
497 3336 546 3368 una
559 3330 654 3369 tantum
687 3335 732 3382 per
755 3321 876 3368 sommum
902 3319 1014 3382 appulsu,
1037 3335 1077 3367 res
1104 3320 1224 3380 ejusmodi

119 3384 334 3442 resconstituitur,
347 3385 460 3433 militare.
687 3383 842 3446 cogitamus),
862 3383 965 3431 acideo
985 3399 1084 3432 necesse
1104 3384 1136 3432 sit
1156 3383 1224 3432 illam

151 3450 206 3496 421.
237 3447 381 3510 Tua-cita]
409 3449 453 3505 Te,
477 3464 557 3510 neque
584 3448 655 3496 aliter
687 3446 801 3511 dissipari
823 3463 896 3510 quam
918 3447 965 3495 iata
992 3447 1087 3496 facilius
1094 3467 1100 3504 ;
1133 3448 1225 3497 frustra

118 3512 175 3560 boni
186 3512 315 3577 scriptore
328 3513 482 3568 Latinitate
500 3516 591 3561 Faber:
609 3513 653 3560 ali·
687 3520 769 3559 autem
791 3511 879 3574 aliquis
902 3511 966 3560 dicat
988 3511 1055 3560 illam
1077 3529 1092 3561 a
1114 3514 1226 3576 Corpore

118 3578 215 3640 qnando
226 3587 308 3626 tamen
321 3577 378 3641 legi,
391 3585 498 3626 trovato.
687 3576 790 3624 solutam
799 3577 825 3623 in
835 3577 898 3624 Atre
907 3576 1027 3639 integram
1037 3592 1224 3642 manereposse,

150 3644 206 3690 422.
226 3641 310 3704 Tusco
320 3651 440 3705 atramque
451 3640 508 3703 uno]
521 3641 562 3690 Sic
579 3642 653 3690 MSS.
687 3641 746 3704 quid
763 3641 828 3689 enim
847 3641 927 3689 tenuis
944 3643 995 3690 A'er
1011 3641 1078 3691 illam
1095 3653 1224 3692 conservet

117 3707 186 3756 codd.
199 3723 249 3756 non
263 3711 297 3756 Tu
302 3707 358 3770 sace
365 3727 374 3763 ,·
388 3711 439 3770 jam
456 3707 521 3770 quod
537 3707 653 3768 sequitur,
686 3706 840 3764 incolumem,
850 3722 904 3768 quae
915 3721 960 3769 per
968 3716 1063 3756 meatus
1074 3707 1150 3757 crassi
1161 3708 1222 3757 Cor·

117 3788 162 3820 uno
169 3773 302 3836 subjungas,
312 3773 333 3821 si
343 3773 463 3838 scriptura
472 3773 600 3820 emendata
609 3781 652 3830 est,
686 3771 753 3835 poris
765 3787 829 3835 sepe
841 3771 935 3819 effluit?

117 3837 224 3900 positum
241 3853 287 3901 pro
305 3841 347 3885 sub
365 3855 408 3886 uno
422 3838 527 3900 jungar:
551 3837 589 3885 vel
611 3854 655 3884 uno
718 3838 774 3885 431.
793 3834 949 3900 Imaginibus]
968 3839 1136 3886 Simalaobrts:
1160 3838 1221 3901 Epi-

117 3901 209 3950 ffictum
237 3917 282 3965 pro
310 3907 357 3961 rani,
381 3902 419 3950 vel
446 3902 576 3966 legendum
605 3906 652 3950 ant.
686 3917 759 3950 curus
771 3901 836 3949 enim
848 3917 927 3964 neque
943 3902 1072 3964 quicquam
1089 3901 1165 3959 cerni,
1177 3917 1222 3951 ne-

118 3967 259 4015 Lambinus.
687 3981 734 4028 que
749 3966 823 4014 etiam
839 3966 948 4029 cogitari,
960 3975 1003 4014 aut
1019 3966 1135 4014 somniari
1151 3981 1224 4029 posse

149 4033 205 4080 426.
222 4035 349 4094 Princtpt'o,
359 4035 470 4094 quoniam,
478 4030 534 4093 etc]
544 4031 654 4079 Primum
687 4030 764 4079 voluit
775 4030 828 4079 sine
840 4030 994 4094 imaginibus.

116 4106 295 4159 argumentum,
307 4113 355 4159 quo
368 4098 456 4160 probat
466 4095 582 4145 Animam
595 4097 654 4158 (quo
719 4097 775 4143 484.
795 4095 927 4158 Genuntur]
941 4096 981 4143 An
989 4104 1103 4159 gerantur
1115 4093 1163 4156 legi
1179 4094 1222 4140 de·

117 4161 216 4208 nomine
233 4161 307 4209 etiam
323 4161 441 4209 Animum
457 4159 654 4224 comprehendit)
687 4161 743 4208 beat
762 4160 860 4224 litigent
881 4160 995 4209 Gitanius
1023 4168 1048 4208 et
1075 4157 1224 4206 Lambinus:

117 4226 244 4273 mortalem
265 4241 326 4283 esse,
345 4226 414 4274 ducit
433 4243 455 4274 v.
477 4228 514 4273 20.
536 4242 568 4273 ex
590 4224 656 4272 illius
687 4225 775 4273 melius
786 4225 867 4273 lorsam
877 4225 919 4273 ille
931 4225 972 4287 qui
977 4223 1090 4286 smntar
1100 4221 1167 4284 legit.

118 4289 252 4339 subtilitate
260 4300 284 4337 et
292 4290 411 4338 tenuitate
418 4290 475 4339 olim
482 4291 654 4348 demonstrata,
720 4292 775 4338 440.
796 4293 905 4338 Omnibus
920 4307 933 4336 c
949 4286 1067 4348 membris]
1086 4285 1136 4334 Alii
1153 4284 1222 4332 codd.
