2872 4852
208 231 265 286 126
468 223 577 284 TAN.
605 222 751 283 FABRI
779 223 1048 282 PRAEFATIO.

204 393 238 438 ut
259 379 375 437 deserta
395 376 538 454 tantisper
557 376 680 454 Epicuri
702 387 790 446 secta,
814 375 851 434 ad
874 377 1017 435 rationem
1041 376 1260 436 Platonicorum
1284 390 1312 436 te

205 483 348 552 conferas,
364 482 415 559 qui
429 481 541 540 animos
560 493 677 540 nostros
695 481 725 539 in
745 481 995 540 immortalitatem
1014 495 1212 542 asseruerunt.
1255 483 1314 541 Sed

205 588 297 646 tutius
310 584 413 656 multo,
432 586 466 656 si,
488 586 604 645 omissis
624 585 793 645 fluctuantis
815 586 1016 664 Philosophiae
1037 587 1313 656 concertationibus,

205 691 243 750 ad
258 690 336 749 Eum
351 701 431 750 recta
450 703 590 761 transeas,
611 691 662 768 qui
679 710 778 749 rerum
799 691 930 750 omniurn
952 691 1315 762 Parentem‚V1vsurruu
1359 700 1361 703 '

205 798 312 868 Dama,
341 814 404 856 nou
432 815 538 854 auran
564 795 766 855 Monruonun
798 814 877 867 ussa,
905 796 1129 856 demonstravit.
1177 795 1314 856 Alterum

205 922 286 972 vero,
302 902 342 960 mi
355 900 472 970 Lector,
485 901 566 978 quod
576 920 632 978 ego
647 912 714 959 ante
728 901 829 960 oculos
842 913 986 979 perpetuo
998 901 1164 961 habendum
1176 904 1313 974 arbitror,

205 1007 261 1066 hoc
276 1007 350 1066 erit:
378 1006 468 1065 animi
489 1006 581 1065 nostri
603 1005 650 1065 vel
670 1005 838 1084 spirituales
861 1008 1032 1076 habeantur,
1056 1006 1103 1066 vel
1126 1008 1269 1086 corporei,
1288 1009 1314 1066 si

204 1111 287 1170 voles
299 1135 307 1182 ;
329 1111 387 1169 illis
401 1121 480 1170 certe
495 1109 625 1169 Lucretii
639 1111 819 1188 argumentis
833 1111 913 1170 haud
927 1132 996 1171 sane
1010 1133 1187 1191 magnopere
1201 1115 1314 1172 moveri

205 1217 357 1286 debemus,
369 1236 436 1274 cum
446 1215 540 1285 nobis,
553 1215 604 1292 qui
616 1212 775 1275 Christiani
786 1237 896 1286 sumus,
908 1215 1074 1294 planissime
1086 1230 1115 1276 et
1129 1222 1315 1294 ἀναμφιβόλως

204 1341 378 1400 persuasum
392 1321 439 1393 sit,
454 1321 516 1380 fore
530 1321 618 1379 etiam
630 1320 797 1398 aliquando,
812 1334 846 1379 ut
865 1323 931 1380 baec
951 1325 1039 1381 bruta
1059 1324 1191 1401 corporis
1211 1323 1313 1393 moles,

205 1447 293 1505 quarn
308 1446 385 1485 nunc
399 1425 513 1484 animus
528 1438 627 1484 noster
648 1426 827 1496 circumfert,
848 1428 900 1487 ubi
921 1426 1061 1487 diuturno
1082 1447 1226 1487 annorum
1247 1447 1314 1485 cur-

203 1531 298 1592 riculo
318 1531 539 1609 computruerit,
562 1530 629 1590 dein
648 1552 750 1618 sparsa
771 1533 861 1591 fuerit
882 1552 917 1592 ae
939 1533 1072 1613 disjecta,
1096 1533 1195 1592 denuo
1217 1543 1314 1591 tamen

202 1635 358 1706 codsscat,
370 1649 450 1695 etex
462 1637 556 1713 aquis,
570 1643 645 1706 aere,
661 1637 747 1696 terris
760 1637 884 1698 collecta
897 1650 929 1698 et
943 1639 1116 1716 conquisita,
1131 1637 1169 1697 ad
1182 1637 1313 1696 intermi-

204 1740 333 1801 nabilem
354 1740 532 1800 saeculorum
552 1741 658 1800 seriem
681 1755 860 1819 perseveret.
909 1742 1021 1802 Probet
1044 1743 1135 1820 igitur
1159 1741 1314 1801 Lucretius

203 1865 293 1924 quam
306 1844 430 1915 iubebit,
446 1864 617 1923 corpoream
632 1864 696 1905 esse
711 1846 874 1907 animorum
888 1858 1032 1916 naturam,
1047 1859 1137 1924 atque
1151 1846 1226 1905 adeo
1248 1845 1313 1904 illos

205 1951 335 2010 interitui
355 1950 501 2010 obnoxios
526 1971 599 2020 esse,
624 1950 666 2008 nil
689 1951 738 2010 ille
763 1951 898 2030 profecto
920 1951 1038 2021 dixerit,
1064 1951 1144 2030 quod
1167 1951 1315 2010 hominem

199 2077 275 2117 uere
303 2054 502 2115 Christianum
526 2056 620 2134 possit
643 2055 823 2134 percellere;
854 2077 923 2116 cum
948 2057 1079 2135 corporis
1101 2056 1194 2115 nostri
1217 2077 1315 2115 resur·

204 2163 366 2223 rectionem
376 2174 407 2220 et
417 2160 666 2221 immortalitatem
677 2174 786 2240 praeter
796 2162 948 2222 universas
960 2161 1160 2240 Physiologioe
1176 2161 1315 2239 vulgaris,

204 2289 238 2328 ac
251 2265 385 2346 Chymiae
399 2267 491 2344 ipsius
505 2268 632 2326 rationes
646 2265 728 2344 (nam
749 2266 929 2327 admirabilis
951 2267 1000 2326 illa
1023 2267 1171 2346 Operatio,
1193 2268 1229 2326 de
1254 2288 1313 2345 qua

200 2385 232 2432 et
247 2373 453 2440 Quercetanus
467 2371 569 2441 etalii,
584 2371 624 2431 nil
637 2371 674 2430 ad
689 2373 933 2431 resurrectionem
949 2391 1105 2450 corporum
1127 2371 1211 2448 facit)
1232 2373 1312 2431 futu-

201 2497 265 2538 ram
284 2464 446 2547 credamus,
472 2496 540 2554 quae
565 2497 622 2546 res,
646 2477 672 2534 si
694 2497 752 2535 non
773 2476 924 2555 majorem,
945 2476 1126 2555 (quanquam
1146 2476 1312 2555 majorem)

201 2603 303 2662 parem
313 2597 394 2642 certe
409 2583 438 2640 in
452 2602 516 2642 sese
531 2581 735 2640 difficultatem
748 2581 847 2640 habet.
889 2572 960 2640 ¹Hoc
974 2593 1087 2639 tautum
1105 2581 1220 2652 addam,
1236 2580 1311 2640 Ter-

199 2685 316 2747 tulliani
329 2687 512 2758 Tractatum,
528 2688 579 2764 qui
593 2686 627 2745 ds
646 2685 754 2744 Anima
775 2686 953 2754 inscribitur,
975 2686 1005 2743 iu
1025 2686 1128 2763 primis
1153 2686 1249 2744 facere
1273 2686 1311 2745 ad

199 2794 280 2854 hunc
300 2792 408 2852 librum
428 2791 670 2870 intelligendum:
699 2811 766 2850 eum
788 2792 813 2848 si
833 2791 923 2868 leges,
947 2789 1222 2868 praestantissimum
1244 2789 1310 2848 Viri

202 2896 308 2976 Magni
321 2919 395 2976 opus
409 2897 526 2976 legeris.
569 2896 629 2954 Sed
643 2908 740 2955 tamen
755 2907 801 2955 est
815 2895 895 2955 uliud
909 2896 998 2954 etiam
1013 2891 1159 2954 tantillum
1178 2895 1259 2971 quod
1282 2909 1310 2954 te

199 3000 355 3062 volebam:
377 3003 402 3061 si
414 3003 485 3080 quid
497 3021 514 3061 a
525 3023 571 3061 me
582 3021 619 3061 ex
632 3013 730 3060 mente
742 3000 881 3069 Lucretii,
898 2999 946 3059 vel
961 3000 989 3057 in
1002 3001 1093 3058 hoece
1107 2998 1184 3057 libro
1198 2999 1310 3058 dictum

201 3108 299 3180 fuerit,
317 3109 364 3169 vel
378 3110 407 3167 in
421 3109 495 3179 aliis,
510 3109 608 3178 facito,
628 3127 739 3186 quaeso,
761 3118 794 3165 ut
816 3105 991 3174 memineris,
1014 3103 1147 3162 Actorrm
1170 3125 1233 3164 esse
1253 3126 1309 3174 me,

201 3233 261 3273 non
287 3213 413 3273 Portam.
464 3212 619 3291 Quidquid
644 3223 722 3272 certe
747 3211 806 3271 tale
830 3210 998 3289 properanti
1021 3209 1175 3279 exciderit,
1201 3210 1231 3267 id
1254 3230 1310 3288 ego

199 3339 289 3378 omne
302 3339 356 3397 pro
371 3318 481 3377 indicto
498 3318 601 3376 baberi
619 3317 705 3376 volo:
735 3317 929 3395 nequeenim
951 3337 985 3375 ea
1010 3315 1081 3374 vitae
1103 3328 1211 3374 nostrae
1235 3315 1309 3374 ratio

197 3435 256 3500 cst,
270 3435 312 3493 ut,
327 3444 415 3501 quern
429 3423 541 3482 exitum
564 3423 677 3483 Natura
697 3423 792 3482 brutis
813 3421 1008 3482 animantibus
1030 3440 1093 3480 esse
1116 3420 1218 3491 voluit,
1242 3440 1308 3478 euru

200 3548 254 3587 nos
268 3528 403 3599 libenter,
419 3529 470 3588 ubi
491 3529 641 3607 sejunctus
662 3551 680 3589 a
701 3547 824 3607 corpore
846 3529 958 3588 animus
982 3529 1080 3599 fuerit,
1105 3539 1306 3605 expectemus.

196 3631 284 3694 ‚Vale
