2872 4852
464 237 635 303 LIBER
664 236 938 312 QUARTUS.
1191 240 1257 304 ,199

233 395 322 458 Nam
336 392 416 457 nihil
430 413 503 458 esse
518 376 628 478 potest
644 394 732 459 aliud
748 396 809 458 nisi
824 395 944 458 lumine
960 416 1073 458 cassus

170 508 218 559 ³70
237 496 319 574 Aer,
335 498 380 574 id,
397 497 487 581 quod
502 520 561 562 nos
579 497 738 562 Umbram
753 497 927 582 perhibere
942 499 1105 575 suemus);

235 600 407 676 Nimirum,
424 600 500 684 quia
515 599 622 663 Terra
635 599 715 664 locis
731 622 773 663 ex
789 600 902 664 ordine
918 600 1016 664 certis

236 702 375 765 Lumine
390 703 537 785 privatur
551 701 648 780 Solis,
665 725 859 787 quacunque
875 713 1019 766 meantes
1036 729 1039 732 ·

235 803 424 877 Officimus:
448 802 594 887 repletur
609 805 696 882 item,
713 804 802 888 quod
817 804 967 888 liquimus
983 805 1066 888 ejus.

235 903 416 989 Propterea
430 905 479 983 fit,
496 907 544 970 uti
560 907 719 984 videatur,
736 928 810 990 quae
825 906 887 970 fuit
902 905 1029 970 Umbra

170 1016 217 1068 375
236 1007 403 1091 Corporis,
419 1030 437 1072 e
453 1009 585 1092 regione
600 1009 715 1072 eadem
729 1030 789 1071 nos
805 1030 909 1092 usque
926 1020 1055 1085 secuta3

234 1110 371 1194 Semper
385 1111 471 1174 enim
485 1133 569 1174 nova
585 1134 619 1174 se
635 1111 800 1174 radiorum
812 1109 934 1173 lumina
947 1109 1102 1186 fundunt,

237 1213 412 1296 Primaque
428 1213 631 1296 dispereunt,
648 1213 742 1296 quasi
756 1213 789 1275 in
804 1212 912 1296 ignem
928 1210 1023 1274 Lana
1037 1211 1203 1275 trahaturr

236 1314 419 1398 Propterea
433 1312 527 1377 facile
544 1322 577 1377 et
592 1313 751 1397 spoliatur
765 1312 884 1377 lumine
900 1312 1024 1391 Terra3

237 1417 285 1480 Et
300 1415 445 1499 repletur
457 1417 544 1493 item,
559 1417 734 1500 nigrasque
750 1416 813 1479 sibi
826 1413 928 1478 abluit
944 1415 1096 1478 Umbras

172 1530 220 1576 380
278 1518 352 1582 Nec
368 1529 474 1581 tamen
490 1517 543 1582 bic
559 1518 684 1582 Oculos
699 1518 766 1583 falli
780 1518 987 1582 concedimus
1002 1516 1121 1580 hilum:

235 1620 334 1696 Nam,
351 1641 546 1704 quocunque
560 1619 633 1684 loco
650 1621 691 1684 sit
707 1620 795 1697 Lux,
812 1620 912 1703 atque
928 1618 1066 1695 Umbra,
1084 1619 1170 1682 tueri
1232 1635 1234 1640 ·

236 1720 369 1785 Illorum
383 1733 445 1798 est,
462 1721 576 1785 eadem
592 1744 669 1785 vero
685 1722 749 1785 sint
763 1721 894 1798 lumina,
910 1742 1024 1797 necne,

237 1824 439 1909 Umbraque,
454 1847 529 1908 quae
544 1824 606 1889 fuit
621 1825 685 1902 hic,
702 1826 817 1889 eadem
832 1847 908 1888 num
925 1826 1071 1888 transeat
1085 1821 1173 1900 illuc,

236 1925 291 1990 An
306 1928 415 2012 potius
431 1927 500 2005 fiat,
515 1927 627 2012 paullo
642 1928 731 2012 quod
747 1928 888 1991 diximus
904 1936 979 1990 ante
992 1952 1000 2003 3

171 2039 218 2085 aas
237 2028 312 2092 Hoc
328 2030 440 2092 Animi
455 2031 584 2094 demum
599 2031 700 2094 Ratio
715 2030 901 2094 discernere
917 2029 1034 2093 debet:

236 2130 312 2195 Nec
327 2142 465 2214 possunt
481 2130 566 2195 oculi
581 2142 731 2195 naturam
743 2153 879 2195 noscere
895 2153 1015 2195 rerum.

237 2232 380 2296 Proinde
397 2230 507 2295 Animi
522 2232 711 2298 vitiumhoc
727 2232 844 2296 Oculis·
858 2231 1028 2314 adfingere
1043 2229 1120 2293 noli.

281 2333 358 2405 Qua
374 2332 521 2395 vehimur
535 2332 635 2408 Navi,
651 2333 767 2409 fertur,
784 2336 859 2396 cum
873 2335 958 2395 stare
973 2332 1121 2407 videturss

238 2434 323 2507 Quae
339 2444 447 2498 manet
461 2435 494 2497 in
510 2435 659 2511 statione,
675 2457 715 2497 ea
729 2445 851 2518 praeter
864 2435 1009 2498 creditur
1023 2435 1070 2496 ire
1085 2457 1092 2496 :

173 2547 221 2594 890
240 2535 286 2600 Et
302 2536 416 2620 fugere
432 2535 475 2599 ad
489 2536 626 2620 puppim
640 2534 749 2612 colleS,
766 2536 936 2619 campique
951 2535 1115 2612 videntur,

239 2637 333 2711 Quos
349 2638 473 2721 agimus
488 2648 610 2722 praeter
624 2638 740 2714 navim,
757 2635 901 2720 velisque
916 2635 1081 2702 volamus.¹

281 2740 398 2804 Sidera
412 2763 540 2804 cessare
557 2739 699 2804 aetheriis
715 2739 827 2803 adfixa
841 2741 985 2803 cavernis

238 2843 366 2908 Cuncta
380 2844 548 2921 videntur3
572 2854 606 2906 at
623 2843 761 2906 adsiduo
777 2844 810 2905 in
825 2853 901 2906 sunt
916 2843 1021 2906 omnia
1036 2850 1147 2906 motu:

238 2945 514 3029 Quandoquidem
529 2945 643 3031 longos
659 2947 766 3010 obitus
782 2955 896 3008 exorta
911 2945 1067 3021 revisunt,

173 3060 221 3107 395
240 3047 323 3111 Cum
337 3052 509 3132 permensa
525 3070 584 3112 suo
601 3059 678 3112 sunt
691 3047 810 3113 coelum
825 3069 961 3130 corpore
977 3047 1084 3110 claro:

239 3149 360 3234 Solque
376 3151 447 3234 pari
462 3152 586 3215 ratione
601 3173 743 3228 manere,
759 3160 793 3213 et
810 3149 908 3213 Luna
921 3149 1051 3213 videtur

238 3251 277 3315 In
294 3253 443 3329 statione,
459 3275 588 3335 eaquae
603 3252 681 3316 ferri
696 3256 749 3317 res
763 3252 885 3315 indicat
899 3251 981 3334 ipsa.

186 3464 241 3515 377.
265 3469 337 3517 Quasi
353 3471 377 3515 a'n
393 3470 468 3528 ignem
484 3469 552 3515 Lana
569 3466 691 3530 trabatur]
721 3467 805 3515 dinam
816 3480 940 3524 sensuum,
953 3482 1026 3529 quam
1038 3481 1088 3514 non
1101 3475 1196 3517 tantum
1212 3465 1260 3516 ista

153 3529 314 3578 Proverbium
341 3533 462 3588 Graecum,
491 3547 540 3595 quo
566 3548 625 3580 usus
653 3543 691 3580 est
722 3531 879 3594 problemata,
892 3532 934 3579 sad
951 3531 999 3578 alia
1015 3531 1096 3589 etiam,
1112 3548 1166 3594 quae
1182 3540 1262 3596 usquo

153 3594 231 3652 Plato,
242 3598 329 3655 ξαίνειν
339 3594 373 3645 εἰς
383 3597 436 3658 πῦρ,
448 3596 479 3644 de
490 3611 516 3645 re
533 3596 615 3644 inutili
632 3595 688 3655 dm·
723 3596 753 3644 ad
774 3611 796 3643 v.
820 3595 875 3646 470.
897 3601 1030 3654 enumerat,
1054 3597 1198 3646 labefactare
1221 3598 1267 3646 vis·

152 3657 221 3719 νότῳ,
231 3669 256 3707 et
268 3675 321 3721 quae
333 3660 426 3709 absolvi
436 3676 485 3708 non
496 3661 587 3724 possit:
605 3664 688 3710 Faber.
722 3661 838 3716 deantur;
867 3675 921 3722 quae
949 3661 1032 3709 omnia
1059 3661 1192 3725 explicare.
1209 3679 1260 3711 uon

152 3724 187 3772 Et
198 3724 250 3772 hoec
261 3725 354 3787 optime
367 3726 517 3774 conveniunt
533 3726 610 3774 menti
628 3727 688 3774 Ροὲ-
722 3740 784 3789 opus
794 3734 838 3781 est,
850 3724 909 3772 dum
920 3726 994 3788 plana
1008 3725 1058 3774 sint
1074 3738 1099 3774 et
1115 3727 1265 3776 familiarias

152 3797 191 3847 tae,
201 3799 229 3837 et
239 3799 385 3853 perpetuum
399 3790 473 3838 istum
490 3790 613 3839 radiorum
630 3791 689 3840 solis
721 3806 808 3838 sensus
818 3805 875 3838 vero
883 3800 962 3838 certos
974 3806 1027 3839 esse
1038 3790 1093 3839 ideo
1105 3792 1192 3855 arguit,
1202 3792 1263 3855 quia‘

151 3853 279 3902 interitum
295 3855 355 3903 satis
371 3863 427 3918 apte
445 3855 594 3918 exprimunt
629 3856 687 3904 Sca·
721 3855 845 3920 accipiunt
863 3870 947 3903 rerum
963 3854 1089 3918 imagines,
1108 3857 1192 3919 quales
1212 3856 1267 3906 sibi¹

151 3918 213 3981 liger
229 3928 312 3968 autem
329 3920 415 3968 Obser.
432 3921 463 3968 ad
480 3920 606 3968 Tibullum
621 3920 694 3984 legit,
722 3920 878 3976 deferuntur3
896 3935 946 3968 non
954 3931 1104 3983 cognoscunt
1112 3932 1212 3970 naturas
1219 3937 1259 3969 re·

154 3986 228 4035 Quasi
243 3983 352 4033 carmine
369 3988 424 4033 lana
440 3988 554 4033 trabam.
584 3986 690 4034 Carmen
722 4000 784 4043 rum,
799 4001 848 4033 non
861 3985 980 4047 judicant,
999 4000 1078 4047 neque
1094 3986 1187 4048 aliquid
1202 4001 1259 4049 pro·

152 4057 283 4098 autemest
293 4047 485 4099 instrumentum
494 4049 626 4098 lanificum.
722 4050 848 4107 nunciant,
860 4049 916 4098 ideo
931 4050 1012 4098 nullus
1029 4049 1055 4097 in
1071 4049 1102 4098 iis
1119 4066 1194 4107 error,
1206 4065 1267 4097 om-,

185 4113 309 4162 asu-Nec
322 4121 398 4164 tamen
411 4117 449 4162 bic
468 4116 555 4172 Oculos,
568 4113 624 4177 etc]
637 4115 689 4163 Ab·
722 4130 767 4163 nes
786 4125 868 4164 autem
888 4130 982 4163 errores
1006 4130 1038 4163 ex
1059 4114 1162 4178 opinatu
1183 4112 1260 4161 animi

153 4174 233 4225 soluta
243 4178 273 4226 de
284 4179 340 4228 visu
350 4189 376 4227 et
387 4179 480 4228 visione
492 4179 666 4243 disputatione,
676 4195 691 4228 a
723 4189 863 4229 nascuntur.
966 4216 967 4219 ,

153 4238 546 4315 duobnsaproblematibusultimo
556 4244 689 4320 propositis
754 4246 810 4294 389.
834 4247 863 4292 In
884 4243 996 4305 atatim]
1016 4244 1104 4290 Portu:
1133 4239 1260 4302 Virgilius,

153 4318 305 4355 occassonem
318 4308 407 4372 arripit
423 4309 571 4358 defendendi
588 4309 694 4359 certina
722 4309 800 4358 Statio
812 4311 917 4368 malefida
928 4311 1021 4356 carinis.
1209 4335 1210 4338 =
