2872 4852
236 243 279 305 88
621 237 664 301 Τ.
697 235 968 302 LUCRETII
1012 328 1017 337 ι

256 413 304 459 iet
325 395 562 479 Subsequitur:
588 415 688 478 quare
703 415 768 456 non
784 402 835 456 est
850 402 886 456 ut
901 391 1036 457 credere
1051 392 1173 477 possis,
1241 395 1260 453 “.

322 501 408 563 Esse
424 497 557 561 infinitis
573 497 727 560 distantia
744 496 865 558 semina
879 494 1004 571 formis,

320 602 376 666 Ne
392 601 542 685 quaedam
557 621 655 683 cogas
671 598 800 662 immani
815 598 1012 661 maximitate

321 705 420 781 Esse,
437 724 536 787 supra
551 700 642 784 quod
652 700 720 784 jam
735 700 832 764 docui
846 722 911 763 non
926 719 1024 782 posse
1040 697 1185 782 probari.

365 805 441 869 dam
455 804 515 868 tibi
530 802 717 866 Barbarieae
732 811 851 879 vestes,
868 800 1091 885 Meliboeaque
1107 799 1236 884 fulgens

258 921 306 968 ⁵0⁰
324 906 478 990 Purpura
494 903 686 969 Thessalico
703 902 899 968 concharum
914 903 1016 967 tincta
1030 902 1150 979 colore,
1166 914 1202 966 et

323 1007 436 1072 Aurea
452 1007 621 1071 Pavonum
635 1007 755 1070 ridenti
770 1006 894 1069 imbuta
907 1005 1021 1089 lepore

323 1109 428 1175 Saecla
442 1132 526 1174 novo
541 1131 650 1173 rerum
666 1118 821 1192 superata
836 1106 943 1172 colore
954 1108 1121 1191 jacerent:

324 1214 370 1277 Et
384 1221 591 1296 contemptus
607 1213 689 1276 odor
704 1209 864 1294 Myrrhae,
880 1208 1058 1295 Mellisque
1075 1231 1221 1294 sapores,

323 1316 371 1380 Et
387 1315 518 1399 Cycnea
532 1313 624 1391 mele,
643 1312 867 1396 Phoebaeaque
883 1311 1010 1376 daedala
1025 1311 1157 1377 chordis

259 1432 306 1479 ⁶05
325 1418 477 1482 Carmina
491 1414 647 1481 consimili
661 1415 786 1478 ratione
801 1436 960 1498 oppressa
975 1414 1116 1478 silerent.

299 1577 304 1589 ,.
323 1521 477 1605 Namque
491 1518 561 1582 aliis
577 1517 666 1581 aliud
680 1517 890 1601 praestantius
906 1528 1107 1582 exoraretur.

367 1623 494 1687 Cedere
508 1621 586 1685 item
600 1630 688 1683 retro
703 1628 838 1703 possent
853 1619 886 1682 in
901 1619 1080 1684 deteriores

324 1725 443 1789 Omnia
460 1724 504 1787 sic
519 1723 652 1805 parteis,
669 1732 705 1784 ut
720 1722 860 1785 diximus
876 1723 910 1786 in
923 1721 1090 1786 meliores:

324 1828 476 1910 Namque
491 1825 561 1889 aliis
575 1824 662 1888 aliud
678 1835 767 1888 retro
782 1847 913 1909 quoque
928 1825 1044 1890 tetrius
1061 1834 1148 1888 esset

258 1945 307 1991 510
325 1930 484 2007 Naribus,
499 1926 658 2005 AuribuS,
674 1936 773 2012 atque
789 1927 914 2006 Oculis,
932 1928 1075 2010 Orisque
1091 1926 1210 2010 sapori.

367 2032 453 2105 Quae
467 2031 619 2114 quoniam
633 2052 699 2093 non
714 2031 837 2093 suntin
852 2032 951 2094 rebus
967 2030 1107 2107 reddita,
1123 2040 1213 2094 certa
1227 2039 1260 2093 et

323 2133 413 2197 Finis
427 2134 579 2217 utrinque
595 2141 683 2196 tenet
700 2131 884 2197 Summam:
908 2131 1031 2197 fateare
1045 2153 1180 2197 necesse
1195 2131 1235 2195 'st

272 2314 328 2363 497.
340 2310 500 2374 Mueimitate]
513 2310 553 2360 sic
562 2311 699 2374 proximitas
710 2308 776 2377 apud
807 2312 868 2362 urbe
884 2312 1091 2376 interpretantur:
1116 2310 1159 2359 alii
1178 2319 1259 2358 tamen
1280 2309 1347 2372 quod

236 2377 361 2436 Ovidium,
379 2381 507 2439 optumitas,
520 2385 546 2426 et
560 2380 697 2440 opulentitas
710 2378 776 2442 apud
807 2377 882 2426 sciam
894 2376 1097 2435 Thessaliaeve
1107 2372 1275 2424 Meliboeensis
1285 2388 1345 2486 pur·

237 2443 360 2491 Plautum.
808 2441 1123 2508 puraenonmeminerunt:
1159 2450 1267 2497 raeterea,
1307 2453 1346 2486 es-

237 2530 240 2537 *
269 2509 325 2556 499.
343 2510 396 2556 Jam
413 2510 457 2554 tibi·
472 2509 609 2555 Barbartooe
626 2515 704 2563 vertes,
718 2500 774 2569 eta]
808 2517 848 2556 tus
865 2503 1000 2570 Pompeius
1008 2500 1068 2554 dicit
1083 2505 1122 2554 ins
1149 2521 1188 2553 am
1197 2503 1279 2562 fuisse,
1292 2505 1345 2551 Me·

237 2572 295 2621 Ver.
307 2574 344 2620 15.
357 2571 429 2619 aliam
441 2572 525 2634 accipe
536 2572 668 2620 rationemt
682 2571 709 2619 Si
721 2571 775 2619 alise
807 2575 876 2620 liboeu
888 2588 994 2634 purpura
1009 2588 1024 2619 a
1043 2575 1132 2620 nomine
1150 2572 1239 2627 insula,
1256 2572 1282 2616 r'a
1300 2584 1348 2632 qua

237 2645 263 2685 et
273 2636 327 2685 aliae
338 2636 423 2698 ligurae
434 2635 460 2683 in
474 2635 602 2684 Infinitum
610 2637 774 2684 concederen-
807 2641 913 2700 tingitur,
925 2644 1025 2685 uocatur.
1051 2635 1188 2699 Atquihaec
1197 2637 1308 2682 Meliboea
1319 2633 1347 2682 in

237 2710 285 2759 tur,
309 2699 382 2747 nulloe
405 2710 486 2748 essent
509 2709 624 2749 extrema
647 2700 776 2763 qualitates
807 2717 904 2750 recessu
917 2701 993 2759 sinus,
1006 2716 1078 2763 quem
1091 2703 1160 2749 Ossae
1171 2710 1196 2748 et
1212 2698 1275 2747 Pelii
1286 2712 1347 2811 pro-

236 2780 318 2813 rerum
328 2764 474 2812 naturalium
484 2774 557 2812 certe
565 2765 774 2821 etdetermiuataer
807 2765 929 2815 montoria
950 2765 1066 2824 efficiunt,
1088 2775 1142 2814 erat
1160 2764 1215 2823 sita,
1235 2763 1288 2812 nihi
1298 2776 1348 2826 que

236 2829 334 2892 quando
343 2828 488 2892 figuratione
497 2844 561 2876 nova
570 2829 605 2877 ita
613 2830 774 2887 variarentur,
806 2831 889 2879 minus
899 2841 950 2878 erat
962 2846 1034 2894 quam
1045 2831 1132 2880 insula.
1158 2829 1251 2878 Locum
1262 2828 1347 2891 itaque

235 2903 266 2942 ut
275 2903 300 2942 et
314 2908 457 2956 quacunque
469 2893 561 2956 optima
572 2894 665 2952 melior,
677 2906 702 2942 et
713 2909 773 2957 qua·
808 2895 915 2943 Lucretii
934 2904 959 2943 et
975 2895 1073 2958 Virgilii
1090 2896 1121 2943 de
1138 2893 1269 2943 Phoenicea
1285 2907 1347 2956 pur-

237 2973 333 3021 cunque
354 2957 460 3022 pessima
480 2957 586 3006 deterior
606 2959 696 3007 exoriri
716 2975 774 3022 pos·
807 2976 868 3025 pura
888 2960 1057 3024 accipiendum
1080 2975 1133 3008 esse
1154 2958 1284 3007 existimor
1315 2958 1346 3006 lii

237 3023 276 3072 sit
294 3024 382 3072 Vestes
394 3032 563 3086 pretiosissimi
574 3023 669 3080 coloris,
680 3023 773 3082 odores,
807 3025 900 3074 ditione
912 3025 978 3073 enim
995 3025 1113 3090 Apamiae,
1126 3039 1180 3087 quar
1196 3023 1265 3072 Pella
1279 3021 1348 3074 dicte

237 3087 299 3146 soni,
312 3097 336 3137 et
347 3103 446 3152 sapores
457 3088 544 3151 optimi
560 3089 590 3136 ab
601 3088 655 3136 aliis
673 3104 773 3152 supera·
807 3099 885 3139 erata
903 3089 1087 3148 Macedonibus,
1104 3098 1225 3153 caputque
1240 3085 1288 3136 fuit
1299 3086 1347 3135 ali-

141 3197 144 3202 ,
237 3161 329 3212 rentur,
346 3169 391 3202 nec
406 3151 510 3217 amplius
525 3152 552 3200 in
568 3153 660 3201 honore
679 3163 774 3209 estante
807 3155 914 3218 quandiu
926 3155 1035 3203 omnium
1051 3154 1127 3219 Syriae
1137 3153 1264 3202 civitatum
1275 3151 1347 3201 insu·

237 3219 295 3268 dum
308 3235 362 3282 quae
375 3220 427 3280 jam
439 3217 605 3280 ingratissima
615 3218 737 3277 videntur,
751 3229 775 3267 et
807 3220 855 3269 lain
873 3220 1014 3268 Meliboeam
1026 3219 1150 3283 eleganter
1164 3216 1280 3267 describit
1292 3218 1345 3281 Op-

236 3299 292 3346 quae
307 3284 413 3332 maxime
429 3298 577 3340 aversamur,
594 3298 645 3347 prae
661 3283 715 3331 aliis
731 3284 774 3332 de·
807 3285 903 3349 pianus,
924 3284 995 3333 sitam
1015 3284 1041 3332 iii
1062 3287 1155 3332 Oronte
1174 3281 1282 3341 flumine,
1304 3281 1345 3344 qui

236 3349 366 3398 terioribns
378 3348 486 3412 quotidie
498 3347 589 3397 exortis
601 3348 753 3410 eligeremus.
806 3359 936 3413 antequam
944 3349 1005 3397 mari
1014 3349 1140 3412 mergitur,
1151 3347 1200 3396 late
1207 3347 1271 3396 circa
1276 3345 1347 3395 illam

239 3438 241 3442 Α
270 3412 773 3479 lbid.Barbarieoeuestes]Phrygiae,Per·
806 3424 910 3478 stagnat
941 3417 1084 3463 Thessalicas
1096 3429 1155 3462 vero
1166 3413 1221 3461 illas
1232 3411 1347 3469 conchas,

236 3476 300 3535 sicae,
313 3479 474 3543 Babylonica.
806 3479 870 3528 dixit
892 3479 1029 3536 Lucretius,
1052 3477 1109 3542 quia
1127 3494 1142 3527 a
1161 3476 1286 3526 Thessalia
1305 3475 1348 3525 vel

271 3541 334 3590 lbid.
351 3542 515 3605 Meliboeaque]
533 3543 556 3591 A
578 3543 661 3591 Peneo
679 3544 710 3591 ad
728 3543 773 3592 Se·
806 3543 905 3594 condita
917 3554 961 3603 est,
974 3543 1013 3592 vel
1023 3543 1150 3592 nominata
1160 3551 1198 3592 est
1208 3542 1256 3591 ista
1271 3541 1348 3590 Phoi-

235 3604 316 3668 piada,
340 3607 458 3670 Gyrtone,
486 3611 603 3664 Meliboea,
632 3608 773 3656 Castanaea:
806 3610 877 3657 niciae
890 3609 1013 3658 Meliboea.
1048 3608 1160 3657 Thessali
1171 3607 1237 3657 enim
1249 3616 1275 3655 et
1287 3606 1348 3655 Ma·

165 3680 172 3697 '
235 3685 307 3734 paras
324 3671 354 3718 ad
370 3672 467 3728 famam,
484 3671 532 3719 nisi
544 3672 608 3734 quod
625 3672 774 3720 Philoctetes
806 3673 910 3721 redones
932 3673 1069 3722 innumeris
1092 3673 1168 3738 Syriae
1187 3671 1247 3720 locis
1265 3670 1349 3736 patria

235 3733 359 3782 Alumnus
376 3735 517 3783 Meliboeam
536 3735 665 3784 illuminat.
700 3737 773 3783 Pom·
806 3738 917 3786 indidere
928 3739 1081 3801 cognomina.
1106 3738 1173 3786 Hinc
1184 3737 1228 3786 illa
1236 3737 1263 3784 in
1274 3736 1350 3800 Syria

235 3798 324 3862 panius
337 3799 481 3857 Mela,l.ll.
491 3815 511 3846 c.
522 3801 544 3846 3.
562 3800 602 3847 Ad
611 3815 682 3862 quein
693 3800 774 3848 locum
806 3801 931 3859 vocabula,
957 3803 1080 3861 Berrhaea,
1110 3804 1211 3861 Edessa,
1240 3801 1349 3860 Larissa,

236 3863 352 3918 Vossiust
382 3878 431 3912 non
450 3864 481 3911 ob
499 3863 659 3912 Philoctetam
678 3872 773 3913 tantum
807 3865 936 3924 Heraclea,
974 3867 1052 3931 AEgoe,
1085 3867 1190 3926 Chalcis,
1224 3866 1294 3915 Euro

235 3928 293 3975 urbs
310 3928 363 3975 hiso
379 3927 497 3976 illustrior
508 3936 560 3975 erat
576 3927 630 3976 aliis
646 3928 700 3976 istis
712 3929 772 3977 dua·
806 3931 890 3989 Dium,
905 3931 1030 3992 Maronea,
1043 3933 1131 3992 Pieria,
1142 3931 1275 3999 Cyrestica,
1309 3931 1350 3981 ia·

235 3993 287 4049 bus,
311 3992 355 4040 sed
382 4001 408 4039 et
433 3993 464 4040 ob
491 4007 606 4056 purpuria
634 3991 772 4052 tincturam,
806 4012 853 4059 que
865 3995 969 4045 infinita.

235 4056 373 4113 Lucretius,
395 4056 412 4103 l.
438 4057 474 4104 Il.
504 4058 657 4119 Meliboeaque
677 4056 773 4120 fulgent
839 4063 893 4109 503.
915 4062 1033 4126 Myrrha]
1054 4062 1110 4110 Vet
1134 4061 1203 4109 codd.
1224 4063 1351 4123 Smyrna.-

235 4123 344 4183 Purpura
364 4122 637 4169 vveeeotaooonoiorum
649 4125 772 4171 tinctam-
805 4125 870 4174 idem
890 4136 968 4184 sonat,
991 4127 1067 4190 μύῤῥα
1088 4124 1136 4188 γὰρ
1151 4124 1167 4183 ἡ
1183 4123 1276 4188 σμύρνα
1290 4126 1349 4189 παρ’

236 4189 289 4235 lore.
315 4185 364 4234 Sed
375 4195 400 4234 et
408 4183 508 4248 Virgilii
518 4184 606 4243 locum,
619 4201 673 4234 cum
685 4186 772 4250 inquit,
805 4190 939 4248 Αἰολεῦσιν,
957 4191 1038 4249 ἐπειδὴ
1057 4190 1089 4239 τὰ
1105 4189 1188 4239 πολλὰ
1203 4192 1252 4238 τᾶν
1267 4187 1352 4302 uffa

236 4253 421 4314 Quamplurt'rna
431 4254 516 4299 cirrum
527 4252 638 4311 Purpura
653 4253 774 4300 Maearrdra
806 4254 844 4303 διὰ
855 4252 1123 4316 Σμύρνηςὲσκευάζπο.
1150 4254 1278 4317 Athenp.
1307 4256 1351 4305 88.

234 4318 324 4378 duplici·
340 4315 458 4366 Meliboea
471 4318 591 4370 rucuma,-
611 4315 642 4363 de
658 4315 703 4364 hac
720 4315 774 4384 ipsa
807 4319 946 4368 Vid.etiam
955 4319 1152 4383 Theophrastum
1163 4316 1341 4373 deodoribiia'
