2872 4852
221 239 281 302 140
598 233 640 298 T.
672 230 947 296 LUCRETII

305 392 498 475 Propterea,
514 412 620 473 neque
636 389 817 453 detractum
834 388 876 451 de
892 388 1037 472 pondere
1053 387 1243 470 quicquam:

305 495 478 570 Nimirum,
493 493 569 576 quia
584 490 696 569 multa,
711 493 899 575 minutaque
916 491 1036 555 semina
1052 489 1175 554 Succos

305 597 473 674 Efficiunt,
490 605 523 660 et
539 593 685 658 Odorem
700 594 733 656 in
747 603 817 657 toto
833 615 971 677 corpore
985 614 1103 656 rerum.

305 700 418 774 Quare
432 700 530 763 etiam
542 708 643 781 atque
659 698 756 761 etiam
772 696 896 761 Mentis
912 706 1073 771 naturam,
1090 693 1284 777 Animaeque

240 814 288 862 230
307 803 398 867 Scire
413 801 489 866 licet
503 822 662 886 perquam
677 797 828 883 pauxillis
844 820 917 862 esse
933 809 1074 862 creatam
1158 803 1161 812 '

306 905 508 969 Seminibus:
533 904 684 988 quoniam
697 901 826 987 fugiens
842 900 886 965 nil
901 901 1055 986 ponderis
1071 898 1187 963 aufert.

348 1006 422 1071 Nec
436 1017 542 1070 tamen
558 1005 630 1070 haec
645 1004 782 1089 simplex
797 1006 890 1069 nobis
905 1015 1024 1068 natura
1038 1003 1185 1087 putanda
1201 1003 1259 1066 ’stt

306 1108 431 1172 Tenuis
447 1110 532 1173 enim
546 1109 697 1192 quaedam
710 1109 921 1172 moribundos
936 1107 1060 1170 deserit
1074 1105 1168 1169 Aura

307 1211 410 1276 Mista
424 1210 570 1295 Vapore,
585 1210 701 1295 Vapor
714 1233 813 1295 porro
830 1210 930 1275 trahit
944 1207 1036 1273 Aera
1050 1230 1177 1285 secum;

241 1328 288 1374 235
306 1313 380 1378 Nec
396 1313 493 1378 Calor
507 1323 557 1377 est
569 1313 752 1396 quisquam,
768 1314 820 1377 oui
835 1335 901 1377 non
917 1312 957 1374 sit
972 1312 1087 1375 mistus
1103 1322 1136 1374 et
1151 1310 1239 1373 Aer:

307 1417 398 1481 Rara
411 1418 502 1500 quod
517 1417 589 1501 ejus
604 1416 689 1478 enim
704 1425 832 1481 constat
846 1424 964 1478 natura
979 1434 1112 1477 necesse
1129 1412 1168 1475 'st

307 1518 405 1583 Aiiris
421 1520 505 1583 inter
520 1540 594 1582 eum
609 1518 786 1602 primordia
800 1515 901 1580 multa
916 1517 1003 1581 cieri.

349 1621 372 1684 J
373 1643 424 1684 am
439 1619 560 1704 triplex
575 1619 686 1683 Animi
701 1620 740 1683 'st
753 1619 853 1702 igitur
867 1628 985 1682 natura
999 1628 1142 1701 reperta.

307 1723 381 1787 Nec
397 1734 504 1787 tamen
517 1723 589 1786 haec
605 1732 656 1786 sat
671 1733 746 1787 sunt
760 1722 804 1785 ad
821 1722 960 1785 Sensum
976 1731 1093 1784 cuncta
1108 1720 1304 1784 creandum:

243 1838 291 1884 aso
305 1825 364 1889 Nil
377 1825 494 1890 horum
509 1826 661 1909 quoniam
675 1825 791 1909 recipit
805 1847 895 1888 mens
909 1845 1008 1907 posse
1023 1845 1135 1888 creare

308 1927 490 1993 sensiferos
505 1938 624 2004 motus,
641 1927 790 2012 quaedam
803 1928 861 2010 qui
876 1936 983 1990 mente
999 1924 1156 1990 volutent.

254 2113 308 2164 227.
329 2117 388 2166 Quia
400 2112 486 2176 malta]
499 2112 555 2161 Nisi
566 2128 614 2161 vox
625 2112 673 2161 ista
685 2115 758 2160 malta
789 2128 835 2176 per
851 2114 960 2161 membra
976 2112 1074 2171 excitat,
1097 2127 1229 2176 omnesque
1249 2121 1331 2176 partes

221 2179 298 2237 sileat,
311 2193 397 2227 vereor
409 2194 439 2225 ne
452 2179 528 2226 Poeta
539 2176 585 2226 sibi
615 2193 684 2225 arum
698 2194 756 2225 con·
791 2178 907 2242 Corporis
918 2193 962 2241 pro
974 2177 1070 2226 diverso
1081 2187 1149 2225 motu
1167 2178 1205 2226 vel
1222 2178 1329 2225 dolorem

221 2254 285 2292 stare
302 2243 426 2292 videatur:
451 2243 501 2291 sint
517 2242 583 2290 euim
631 2242 701 2290 inuta
718 2258 756 2290 se·
791 2243 830 2291 vel
841 2243 990 2306 voluptatem
1003 2241 1119 2290 sentiunt.
1155 2242 1272 2290 Simatus
1289 2241 1329 2289 hic

221 2309 295 2366 mina,
315 2316 340 2356 at
357 2311 430 2355 multa
447 2308 567 2365 detrahas,
587 2315 612 2354 et
633 2307 713 2356 Moles
733 2316 758 2355 ct
790 2307 958 2357 vehementior
977 2307 1010 2354 sit
1030 2322 1103 2370 quarn
1125 2307 1210 2355 Animi
1234 2315 1330 2355 textura

221 2373 321 2421 Pondus
330 2372 493 2421 diminuetur:
511 2371 559 2420 vid.
572 2373 654 2431 etiarn,
666 2389 688 2420 v.
703 2370 757 2422 279.
790 2373 841 2437 pati
852 2372 936 2436 possit,
947 2372 968 2419 si
979 2387 1055 2434 usque
1067 2371 1098 2420 ad
1109 2387 1164 2419 ossa
1175 2381 1200 2420 et
1211 2371 1331 2419 medullas

254 2441 308 2486 232.
336 2441 387 2486 Nec
409 2447 484 2486 tamen
506 2441 555 2486 hcc
576 2441 678 2500 simplex,
701 2436 758 2499 etc]
790 2447 910 2502 penetret,
921 2437 1054 2500 dissipatur
1067 2437 1164 2494 Anima,
1177 2446 1202 2485 et
1213 2452 1278 2485 mors
1290 2435 1328 2483 in·

222 2503 329 2551 Subtiles
340 2503 385 2551 has
396 2504 525 2551 Atomose
542 2502 630 2563 quibus
642 2501 758 2551 Animam
791 2502 908 2564 sequitur.
946 2501 973 2548 Si
994 2502 1075 2550 minus
1098 2502 1236 2558 vehemens,
1260 2502 1280 2549 si
1303 2500 1330 2548 in

221 2567 364 2632 composuit,
382 2583 431 2615 nan
448 2582 502 2615 esse
518 2567 591 2614 unius
609 2576 633 2614 et
649 2567 759 2628 ejusdem
791 2567 907 2631 Corporis
916 2566 1045 2630 superficie
1055 2566 1161 2624 sistatur,
1170 2576 1223 2614 tum
1235 2567 1331 2629 integra

220 2632 318 2695 generis
345 2632 439 2688 asserit,
461 2648 483 2680 v.
512 2632 535 2678 6.
581 2633 759 2680 observaverat
791 2641 874 2680 manet
885 2631 991 2687 Anima3
1010 2644 1035 2679 et
1051 2645 1146 2690 sensus,
1162 2631 1214 2679 sive
1232 2631 1330 2689 doloris,

221 2697 331 2745 enimin
349 2696 509 2744 morientibus
530 2696 639 2744 exhalari
657 2697 758 2754 Auram,
791 2696 843 2744 sive
866 2695 998 2759 voluptatis
1021 2696 1104 2744 oritur.
1149 2697 1218 2754 Haec,
1242 2713 1264 2745 v.
1290 2698 1329 2743 21.

222 2776 323 2822 eamque
340 2760 451 2818 calidam,
468 2775 517 2808 una
536 2776 591 2808 cum
603 2764 674 2818 ,Aere
694 2760 759 2821 (sine
792 2762 938 2809 Plutarchus
950 2761 1027 2809 etalii
1039 2761 1124 2809 dicunt
1134 2761 1269 2825 Epicurum
1280 2776 1331 2808 non

221 2841 269 2888 quo
285 2825 358 2873 Calor
375 2840 428 2872 esse
445 2839 494 2872 non
513 2824 585 2886 solet)
603 2825 757 2880 *intermistm
791 2826 877 2874 fecisse
889 2826 1026 2889 simplicem
1038 2825 1135 2874 Anima
1150 2835 1269 2883 naturam,
1287 2825 1331 2873 sed

221 2899 246 2938 at
263 2890 304 2952 qui
322 2888 431 2946 moritur,
449 2889 514 2937 efflat
527 2889 566 2937 vel
583 2890 679 2954 expirat
695 2890 758 2938 Ani·
792 2906 846 2939 esse
865 2890 978 2949 voluisse,
1002 2892 1080 2954 κρᾶμα
1103 2892 1131 2939 ἐκ
1149 2887 1281 2951 τεσσάρων,
1303 2891 1332 2938 ἐκ

221 2970 304 3003 marn:
329 2953 432 3016 ideoque
454 2953 545 3002 Anima
562 2954 610 3002 ista
629 2970 659 3002 ex
684 2956 758 3012 Aura,
791 2956 860 3004 ararad
878 2955 1002 3017 πυρόδονς,
1026 2957 1054 3004 ἐκ
1071 2957 1140 3003 ποιοῦ
1160 2955 1280 3018 ἀερώδους,
1303 2957 1331 3002 ἐκ

221 3021 294 3077 Aere,
312 3028 337 3067 et
354 3018 442 3066 Calore
459 3027 561 3067 constat.
596 3019 668 3081 Ψυχὴ
691 3021 759 3080 σῶμά
791 3019 1329 3083 πονοῦπνενματνκοῦ,ἐκτετάρτοντινδςᾶκα-

223 3086 275 3132 ἐστι
292 3081 439 3145 λεπτομερὲς
454 3082 508 3146 παρ’
525 3082 584 3132 ὅλον
598 3083 759 3146 τοᾶθροισμα
790 3081 947 3146 τονομάοτου,
963 3084 977 3133 b
992 3083 1022 3142 ἣν
1036 3086 1099 3146 αὐτῷ
1115 3083 1257 3144 αἰσθητικόν.
1290 3085 1331 3132 De

221 3146 422 3213 παρεπορμένον,
456 3147 700 3212 προσεμφαρέοτοτον
733 3147 759 3198 δὲ
792 3150 877 3198 Placia
890 3150 953 3198 Phil.
966 3149 1007 3198 lib.
1021 3151 1065 3199 lv.
1078 3166 1129 3214 cap.
1145 3153 1167 3198 3.

220 3215 335 3276 πνεύματι
351 3215 436 3278 θερμοῦ
451 3213 505 3262 τινὰ
521 3215 606 3278 κρᾶσιν
617 3212 706 3275 ἔχοντι,
720 3215 759 3263 καὶ
824 3217 879 3263 241.
909 3213 1035 3276 Semiferos
1057 3223 1137 3274 matus,
1161 3217 1265 3278 qaaedm
1291 3219 1331 3277 qui

220 3281 255 3344 πῇ
264 3277 309 3341 μὲν
318 3278 395 3340 τούτῳ
406 3277 575 3342 προσεμφερὲς,
585 3279 620 3342 πῇ
630 3277 656 3327 δὲ
666 3278 757 3342 calep:
791 3289 863 3328 menta
875 3280 987 3343 volutent]
1003 3280 1124 3338 Gifanius,
1141 3277 1267 3341 Seruifaras
1283 3297 1330 3328 ma-

159 3387 161 3389 .
221 3347 342 3406 Epicurus.
370 3346 403 3393 Et
414 3345 480 3409 apud
497 3344 655 3394 Plutarchum
671 3345 756 3393 adver·
792 3349 950 3407 tusquoedam,
963 3354 1097 3408 paramenta
1113 3349 1232 3394 salutant.-
1256 3345 1331 3403 Eum,

220 3426 262 3458 sus
285 3410 402 3468 Galatam,
427 3409 544 3474 Epicurei
568 3409 689 3467 dicuntur,
713 3410 759 3468 τὴν
791 3411 827 3459 uti
839 3410 908 3468 salet,
920 3411 1030 3473 sequitur
1042 3414 1137 3469 Parcas,
1149 3411 1185 3459 ita
1196 3420 1277 3459 tamen
1289 3409 1329 3458 in·

220 3475 264 3530 τῆς
275 3476 355 3536 ψυχῆς
366 3473 449 3523 οὐσίαν
460 3473 642 3535 συμπηγνύντες
654 3473 682 3523 ἔκ
694 3494 758 3524 τινος
792 3485 952 3540 terpretatur;
973 3480 1033 3529 Quia
1050 3481 1111 3525 ratio
1128 3479 1208 3524 Animi
1226 3492 1270 3523 nan
1285 3491 1329 3536 ap-

221 3540 312 3599 θερμοῦ,
326 3539 365 3586 aad
375 3541 539 3599 πνευματικοῦ,
553 3540 592 3588 καὶ
604 3540 724 3602 ἀερώδους.
789 3544 1000 3604 prabatqat'cqaam
1011 3545 1090 3589 harum
1102 3545 1172 3588 triam
1180 3558 1246 3603 passe
1256 3544 1329 3588 senti·

254 3600 308 3652 237.
328 3602 403 3665 Cleri]
417 3604 480 3652 Cum
491 3605 606 3653 Turnebo
623 3609 696 3658 cieri,-
719 3605 758 3653 vel
784 3605 850 3667 feras
861 3614 933 3654 matus
944 3623 1033 3663 curare,
1046 3609 1085 3667 qui
1098 3613 1170 3654 matus
1186 3622 1223 3654 rea
1240 3609 1331 3667 aliquas

220 3682 277 3715 cum
288 3666 342 3714 aliia
354 3672 436 3716 maaeri
447 3668 521 3730 legas,
533 3669 636 3732 perinde
649 3677 692 3717 est.
791 3675 891 3732 cogitare
911 3678 934 3717 et
952 3673 1054 3718 volutare
1075 3679 1166 3732 queant.
1202 3670 1252 3718 Ista
1272 3686 1331 3718 vera

253 3732 308 3778 238,
325 3734 378 3778 Jam
390 3735 475 3793 triplex
486 3736 565 3781 Animi
575 3736 612 3790 ὀὶ,
624 3731 682 3795 ete]
694 3733 756 3781 Ani·
789 3734 883 3782 Gifanii
894 3734 999 3782 lectione
1010 3734 1072 3782 nihil
1088 3735 1194 3798 nequius
1210 3744 1253 3783 aut
1268 3734 1329 3783 ridi-

219 3808 260 3844 ma
272 3796 323 3842 hsec
335 3810 367 3842 ex
375 3796 451 3853 Aura,
462 3796 534 3853 Adra,
545 3797 632 3845 Calore
644 3807 758 3845 constans
791 3798 872 3846 culum
896 3798 986 3860 magis:
1015 3799 1083 3862 prior
1106 3809 1186 3848 autem
1210 3799 1252 3848 illa
1280 3815 1330 3848 non

220 3870 258 3909 est
270 3859 342 3923 plane
355 3860 505 3923 imperfecta,
516 3861 625 3909 nandum
637 3862 687 3909 vim
701 3876 756 3909 sen·
791 3873 856 3911 stare
871 3871 959 3927 potest,
977 3863 1035 3926 quid
1051 3864 1116 3912 enim
1135 3865 1189 3913 sani
1206 3866 1280 3913 habet
1295 3865 1329 3922 id,

220 3925 297 3974 tieudi
309 3933 352 3973 aut
367 3924 490 3987 cogitandi
507 3925 623 3980 sortitum
644 3936 758 3988 quartum
790 3927 855 3990 quod
860 3929 912 3988 jam
924 3927 1031 3977 lecturus
1042 3931 1085 3976 esl
1103 3932 1171 3978 Meas
1182 3934 1242 3978 nihil
1251 3934 1330 3978 barum

219 3991 295 4054 igitur
304 3989 408 4051 aliquod,
420 3990 581 4052 quodcunque
590 3989 651 4038 illud
662 3991 701 4047 sit,
713 4006 755 4038 na·
790 3995 873 4054 recipit
882 4009 946 4054 patae
955 4009 1033 4042 creare
1043 4002 1121 4052 matur,
1131 4000 1170 4057 qni
1182 4004 1254 4043 mente
1266 4013 1328 4057 qua·

221 4055 287 4104 mine
308 4054 373 4102 enim
394 4064 465 4103 tenus
487 4054 616 4118 Epicureis
638 4055 756 4117 ignotum,
790 4060 844 4104 dam
863 4061 970 4106 salutant.
1009 4058 1095 4120 Itaque
1115 4076 1161 4123 pro
1181 4060 1220 4107 his
1239 4060 1329 4118 verbis,

220 4120 358 4169 addendum
370 4127 423 4168 est:
440 4119 507 4167 istud
519 4127 631 4181 quartum
645 4135 658 4166 e
675 4119 755 4168 minu·
792 4124 901 4174 Quadam
910 4126 949 4185 qai
957 4127 1144 4181 maataaalutent,
1153 4124 1188 4172 sic
1197 4125 1330 4188 legendum

219 4184 328 4242 tissimis,
345 4183 450 4232 maxime
466 4183 567 4232 laevibus
583 4193 608 4231 et
628 4183 757 4233 subtilibus
790 4186 910 4245 existimo,
921 4190 1071 4239 Queiramnt'a
1078 4192 1242 4238 nobilitantur.
1256 4189 1330 4238 Certe

220 4251 428 4308 Aramiscanstat,
441 4249 531 4313 quippe
549 4249 655 4311 primum
673 4264 755 4297 move·
790 4251 825 4298 ita
834 4252 943 4326 postulat
954 4252 1023 4310 ratio,
1036 4253 1075 4301 cui
1087 4254 1272 4303 auscultandum
1283 4265 1329 4312 ast,

220 4324 267 4375 tur,
280 4325 304 4364 et
316 4324 368 4364 tum
380 4315 500 4372 Calorem,
518 4314 618 4370 Auram,
631 4322 656 4360 et
670 4313 756 4362 Aerem
790 4316 875 4366 invitis
886 4327 984 4366 centurn
997 4317 1105 4369 millibus
1118 4319 1190 4367 MSS.
1208 4319 1330 4369 codicum.
