2872 4852
440 235 611 302 LIBER
639 235 896 301 TERTIUS.
1161 232 1224 298 14⁷

201 393 381 459 Democriti
396 394 484 477 quod
501 403 612 458 sancta
627 394 688 458 viri
702 393 863 457 sententia
876 391 979 475 ponit,

199 495 354 581 Corporis
370 505 468 580 atque
485 494 595 559 Animi
610 493 787 580 primordia
802 492 928 578 singula
943 493 1055 577 primis

199 595 363 681 Adposita
377 598 509 662 alternis
524 598 659 674 variare,
676 619 714 661 ac
729 606 859 661 nectere
873 597 1027 660 membra.

137 708 185 761 37⁵
203 698 292 762 Nam
307 721 379 763 cum
395 698 496 763 multo
512 709 588 762 sunt
604 697 735 763 Animal
749 698 907 762 elementa
921 699 1055 774 minora,

185 885 187 890 Ι
201 800 309 873 Quam
325 801 444 886 quibus
459 822 477 865 e
494 800 624 885 Corpus
640 801 733 865 nobis
749 811 783 865 et
797 799 936 865 Viscera
953 809 1112 876 constant,

200 902 288 966 Tum
302 925 437 967 numero
452 925 584 987 quoque
600 903 793 980 concedunt,
810 913 844 966 et
859 924 933 965 rara
947 924 1007 985 per
1022 911 1112 965 artus

200 1002 328 1068 Dissita
343 1015 428 1081 sunt,
446 1005 606 1068 duntaxat
622 1015 659 1068 ut
672 1004 736 1068 hoc
750 1003 939 1086 promittere
954 1003 1073 1086 possis,

201 1105 369 1178 Quantula
383 1107 488 1190 prima
502 1115 624 1189 queant
638 1105 732 1168 nobis
747 1105 867 1187 injecta
881 1104 965 1167 ciere

137 1218 185 1265 380
199 1207 351 1291 Corpora
366 1207 541 1271 sensiferos
554 1217 661 1271 motus
676 1207 710 1270 in
726 1205 884 1289 Corpore,
901 1215 991 1268 tanta

202 1307 377 1373 Intervalla
393 1318 504 1372 tenere
519 1308 654 1371 exordia
669 1307 772 1390 prima
788 1303 930 1369 Animal.

203 1410 292 1472 Nam
306 1431 412 1493 neque
428 1408 577 1473 Pulveris
593 1408 756 1472 interdum
772 1408 926 1471 sentimus
941 1406 1110 1470 adhaesum

203 1509 361 1594 Corpore,
378 1533 438 1576 nec
453 1512 603 1576 membris
617 1511 779 1574 incussam
792 1509 933 1572 insidere
949 1508 1090 1584 Cretam,

203 1611 277 1676 Nec
291 1612 457 1676 Nebulam
472 1624 581 1690 noctu,
598 1635 658 1677 nec
673 1609 798 1675 Aranei
812 1611 923 1674 tenuia
936 1610 992 1674 fila

139 1727 186 1773 ³85
205 1715 313 1778 Obvia
329 1716 496 1792 sentimus,
513 1716 644 1799 quando
660 1715 838 1779 obretimur
853 1724 986 1777 euntes:

202 1816 276 1880 Nec
293 1839 391 1901 supra
407 1826 506 1900 caput
521 1816 668 1901 ejusdem
684 1815 841 1880 cecidisse
857 1816 975 1879 vietam

202 1919 349 1996 Vestem,
366 1942 427 1983 nec
443 1918 576 1982 Plumas
591 1919 708 1995 avium,
726 1918 925 2002 Papposque
941 1916 1110 1993 volanteis,

202 2021 270 2094 Qui
284 2020 382 2084 nimia
395 2019 526 2084 levitate
542 2021 664 2085 cadunt
679 2019 870 2104 plerumque
885 2018 1060 2102 gravatim:

200 2122 274 2186 Nec
288 2123 435 2206 repentis
450 2123 530 2185 itum
546 2122 818 2206 cujusviscunque
834 2118 1018 2184 Animantis

138 2234 186 2282 39⁰
205 2223 381 2299 Sentimus,
398 2245 458 2287 nec
473 2224 565 2306 priva
579 2223 700 2306 pedum
715 2222 853 2304 vestigia
869 2244 1020 2307 quaeque,

203 2324 350 2408 Corpore
363 2347 437 2409 quae
452 2325 485 2387 in
499 2335 612 2389 nostro
628 2323 769 2400 Culices,
785 2334 818 2387 et
834 2334 952 2388 caetera
967 2335 1104 2408 ponunt.

204 2426 321 2510 Usque
336 2426 419 2490 adeo
434 2426 524 2509 prius
541 2427 638 2489 estin
655 2426 748 2488 nobis
763 2423 864 2488 multa
879 2425 1027 2489 ciendum

206 2528 348 2604 Semina,
365 2527 557 2611 corporibus
573 2528 692 2591 nostris
707 2527 846 2591 immista
861 2549 921 2610 per
935 2537 1037 2604 artus,

205 2629 313 2702 Quam
328 2630 505 2713 primordia
521 2631 695 2694 sentiscant
710 2652 868 2694 concussa
883 2629 1024 2707 Animal,

119 2895 226 2944 parvam,
256 2888 380 2942 totamque
407 2880 474 2928 illius
497 2879 657 2929 substantiam
724 2880 1129 2944 374.Necrer2]1taomnes1ibri;
1149 2882 1229 2946 Fayus

120 2945 210 3007 exiguo
231 2944 285 2992 loco
305 2960 377 3007 posse
394 2945 483 3008 excipi,
506 2944 528 2992 si
548 2960 657 2993 seorsum
691 2955 773 2994 tamen
785 2954 880 2994 vertere.

356 3009 381 3120 t
398 3011 449 3071 u
468 3009 658 3121 lernae
692 3009 1230 3124 „iterati,iumenta

121 3074 545 3202 {bisibbli'eiseiripirleesrilurirporis,
557 3108 659 3186 totideni
692 3155 726 3186 me
738 3091 1114 3202 iesum‘ariacsvereqproniitro.
1222 3158 1224 3164 ·

121 3211 205 3266 partes
222 3202 319 3250 Animae
335 3202 384 3250 illis
401 3202 529 3267 applicitas
545 3203 658 3266 ponebat.
725 3205 781 3250 382.
807 3202 945 3265 Adtoesam]
968 3203 1021 3251 Lib.
1047 3203 1092 3250 lV.
1113 3219 1135 3250 v.
1159 3205 1229 3252 1236.

124 3267 186 3314 lnde
197 3266 263 3315 enim
273 3275 414 3329 sequeretur
424 3282 468 3314 nos
477 3266 559 3314 omnia
568 3267 659 3315 sentire
692 3269 761 3314 Locis
775 3271 830 3329 qaia
846 3284 890 3314 non
904 3271 965 3328 potis
981 3275 1016 3314 ert
1032 3268 1131 3328 adfigere
1148 3267 1229 3316 adhae·

123 3329 1231 3444 1312130130213333331..11313313133222“””

121 3406 311 3524 qqimgaupapp
312 3412 370 3507 milli
376 3411 505 3522 oibbositli
526 3409 660 3514 moveaa'tur.
727 3411 781 3504 3813.
799 3456 916 3519 insidere]
928 3457 986 3516 Alii,
998 3429 1089 3506 odere:
1107 3458 1174 3508 etin
1190 3477 1228 3510 se·

123 3523 209 3587 quidni
234 3540 320 3573 sensus
343 3523 465 3571 oriretur?
495 3522 530 3570 At
556 3521 662 3586 plurima
694 3522 778 3584 quenti
790 3537 869 3580 versu,
881 3525 986 3570 nebulam
997 3527 1077 3571 noctis.

123 3592 189 3647 sunt,
201 3598 229 3637 ut
237 3605 269 3637 ex
278 3589 357 3637 allatis
367 3587 486 3650 exemplis
494 3595 597 3643 constat,
608 3601 661 3648 qua
727 3584 783 3636 387.
806 3585 954 3649 Papposque]
972 3587 1125 3637 Carduorum
1144 3589 1229 3640 flores:

122 3653 228 3716 Corpori
256 3653 333 3702 nostri
360 3652 477 3716 applicita
508 3666 660 3713 nequaquam
693 3654 776 3700 Festus
782 3671 791 3707 ,·
809 3651 849 3713 qui
862 3652 927 3700 huno
939 3667 1036 3700 versum
1047 3653 1137 3702 laudat.
1172 3659 1175 3665 ’

124 3716 662 3845 transeuntesque
693 3718 781 3830 n³⁹l
804 3715 1232 3835 iilitttlls‘
1264 3801 1266 3804 ψ

125 3793 364 3909 iliquisconjungat
414 3798 431 3846 p
582 3796 627 3845 φο
694 3814 859 3894 bir‘abilomirra
870 3802 1151 3911 Ttynm’Adoenieirtibrii
1161 3849 1233 3913 priva

158 3910 663 3973 372.Democritiqaodsanctaoiri]Sancta
695 3915 761 3959 dabo.
800 3911 937 3970 Lucretius,
962 3912 1003 3960 lib.
1028 3913 1081 3960 lll.
1124 3915 1190 3966 Quod
1210 3919 1232 3963 sl

124 3980 240 4024 santerna
261 3980 306 4024 oiri
328 3978 454 4024 Democriti
472 3990 518 4038 pro
537 3974 591 4038 ipso
611 3976 662 4023 De·
689 3975 753 4039 sorte
766 3975 868 4024 Animas
884 3981 1025 4025 extrinsecas
1041 3981 1156 4026 insinuari
1175 3980 1230 4026 Ver·

126 4040 235 4097 mocrito,
247 4040 373 4089 commode
382 4049 407 4088 et
416 4040 540 4103 eleganter
551 4039 600 4088 dici
614 4053 664 4087 non
695 4044 777 4100 mitur,
786 4048 809 4089 et
834 4041 899 4090 aras
908 4045 932 4090 in
943 4044 1044 4105 Corpora
1052 4059 1145 4105 queque
1156 4046 1232 4091 venire

126 4121 199 4168 posse
218 4106 297 4153 Faber
316 4104 452 4160 existiman
476 4103 580 4166 ideoque
596 4103 663 4167 legit,
693 4108 796 4154 ‘Credite
839 4105 917 4154 onius.
1223 4107 1226 4111 ’

128 4179 156 4217 ut
172 4178 198 4218 et
212 4169 239 4218 in
252 4186 276 4218 v.
293 4170 348 4217 621.
365 4168 406 4217 lib.
420 4169 450 4216 V.
463 4172 589 4218 Democriti
605 4171 665 4230 qaod
730 4171 784 4218 392.
803 4173 873 4218 Prius
881 4178 916 4220 ert
924 4174 948 4219 in
957 4173 1021 4219 nobis
1032 4173 1104 4217 malta
1115 4167 1232 4232 modam]

127 4242 208 4293 sancta
219 4233 264 4282 sibi
277 4237 485 4287 renuntiantium
502 4242 530 4281 ut
546 4233 572 4281 in
589 4232 630 4281 lib.
644 4233 664 4280 I.
699 4234 739 4282 Ita
751 4238 839 4295 passim
856 4235 998 4283 Lucretius:
1020 4232 1062 4281 alii
1078 4248 1143 4291 vero,
1163 4231 1234 4283 Prius

124 4301 160 4348 :ta
170 4301 230 4361 quod
239 4301 391 4360 Anaxagoras
402 4298 449 4346 sibi
460 4298 542 4346 sumit.
698 4301 722 4346 'in
734 4302 945 4348 nobistantmaltc
956 4299 1043 4346 cienda
1223 4308 1225 4315 ·
