2872 4852
445 219 616 284 LIBER
648 219 867 284 PRIMUS.
1169 226 1212 288 27

192 376 359 462 CorporiS,
376 385 473 460 atque
490 375 582 454 Loci,
599 398 652 440 res
667 377 700 441 in
715 400 780 462 quo
795 400 934 462 quaeque
950 390 1114 463 gerantur.

235 481 383 564 Corpora
398 492 474 542 sunt
488 501 587 562 porro
602 480 720 563 partim
736 478 918 545 Primordia
932 485 1051 559 rerum',

127 595 175 641 485
193 584 317 648 Partim
332 581 477 646 Concilio
493 603 566 665 quae
581 593 732 647 constant
745 584 987 668 principiorum.

193 686 271 764 Sed,
288 707 362 770 quae
378 694 454 748 sunt
469 706 577 748 rerum
593 684 786 762 Primordia,
801 685 889 750 nulla
901 697 1011 770 potest
1025 688 1073 750 vis

193 789 377 872 Stringere3
402 809 475 850 nam
491 786 603 851 Solido
617 788 749 852 vincunt
763 810 803 852 ea
818 811 955 874 corpore
970 791 1116 854 demum:

194 890 241 954 Et
257 892 284 954 si
298 888 428 954 difficile
444 912 516 953 esse
532 889 661 953 videtur
675 891 809 955 credere
825 892 997 975 quicquam

193 993 232 1056 In
247 996 346 1058 rebus
363 991 475 1057 Solido
490 993 627 1076 reperiri
641 1015 777 1077 corpore
792 1016 909 1077 posse;

129 1107 177 1154 490
192 1095 328 1160 Transit
342 1097 427 1160 enim
441 1094 577 1159 Fulmen
593 1095 667 1160 coeli
681 1119 741 1180 per
757 1106 850 1180 septa
865 1097 1046 1173 domorum,

194 1197 323 1262 Clamor
338 1208 385 1274 ut,
401 1219 438 1261 ac
453 1196 583 1261 Voces:
606 1197 744 1262 Ferrum
759 1199 925 1262 candescit
939 1200 973 1261 in
987 1199 1080 1282 igne:

192 1287 432 1382 Dissiliuntque
447 1298 517 1363 fero
532 1298 688 1363 ferventia
704 1300 792 1363 Saxa
807 1323 945 1384 vapore:

193 1401 480 1466 Conlabefactatus
495 1401 584 1485 rigor
599 1399 685 1464 Auri
701 1401 835 1465 solvitur
849 1413 951 1465 aestu:

194 1503 283 1567 Tum
297 1502 416 1588 glacies
434 1502 524 1566 AEris
541 1501 669 1565 flamma
685 1504 814 1567 devicta
828 1503 991 1587 liquescit:

129 1619 177 1667 495
196 1606 370 1670 Permanat
384 1604 471 1669 calor
486 1602 680 1689 Argentum,
696 1605 927 1690 penetraleque
942 1607 1056 1691 frigus,

194 1709 338 1784 Quando
353 1718 538 1791 utrumque,
554 1729 650 1770 manu
665 1709 842 1795 retinentes
858 1708 976 1792 pocula
989 1710 1062 1784 rite,

193 1812 372 1887 Sensimus
388 1810 495 1874 infuso
511 1808 715 1894 lympharum
729 1832 803 1874 rore
820 1833 980 1894 superne:

193 1914 309 1998 Usque
324 1914 407 1977 adeo
422 1913 454 1975 in
469 1914 568 1976 rebus
586 1911 689 1976 Solidi
703 1911 784 1976 nihil
796 1935 869 1977 esse
885 1913 1023 1978 videtur.

193 2017 260 2081 Sed
276 2017 353 2101 quia
366 2039 443 2080 vera
458 2026 565 2080 tamen
581 2017 674 2093 ratio,
691 2026 871 2099 naturaque
887 2038 996 2099 rerum

128 2132 176 2178 500
194 2120 303 2204 Cogit,
321 2120 411 2196 ades,
427 2120 540 2205 paucis
556 2120 634 2183 dum
650 2121 797 2182 versibus
813 2120 1037 2202 expediamus,

193 2221 279 2285 Esse
294 2243 344 2298 ea,
359 2243 433 2304 quae
449 2220 561 2284 Solido
577 2232 675 2303 atque
691 2232 813 2284 aeterno
829 2243 965 2304 corpore
981 2232 1142 2297 constent,

195 2324 325 2387 Semina
339 2345 414 2405 quae
429 2343 548 2398 rerum,
565 2320 813 2404 Primordiaque
828 2344 901 2385 esse
916 2323 1086 2399 docemus;

194 2424 293 2488 Unde
310 2423 411 2486 omnis
428 2420 553 2485 Rerum
569 2444 654 2485 nunc
667 2432 795 2486 constet
811 2422 943 2486 Summa
958 2434 1076 2488 creata.
1175 2486 1178 2491 .

139 2617 194 2664 483.
214 2617 332 2680 Corporis]
346 2619 476 2679 Corporum,
489 2615 538 2664 Gir.
551 2615 636 2665 etalii.
678 2633 725 2680 que
738 2617 879 2677 Lambinus,
891 2618 912 2667 si
924 2618 970 2667 ista
982 2618 1054 2668 lectio
1067 2618 1217 2676 admittatur,

140 2681 203 2729 Ibid.
223 2681 353 2744 Geronton]
373 2685 500 2738 Genantur,
518 2681 573 2729 alii:
595 2681 644 2740 alii,
678 2687 713 2730 ito
725 2683 814 2732 debere
826 2683 926 2732 attribui
937 2687 1015 2732 solido.

106 2755 233 2809 regantur:
250 2756 381 2810 utrumque
392 2746 486 2796 vitiose.
710 2749 766 2796 489.
784 2749 813 2796 In
821 2747 901 2811 rebar]
912 2751 941 2797 ln
950 2766 1025 2797 reram
1035 2757 1127 2797 natura.
1154 2748 1217 2811 Fay-

138 2813 193 2860 484.
211 2815 312 2874 Corpora
320 2819 374 2861 tunt
380 2828 457 2873 porro,
467 2809 524 2873 eto]
535 2812 644 2859 Demon-
677 2828 714 2870 us,
725 2815 753 2860 ln
763 2816 830 2862 rebar
839 2817 897 2875 ipris
906 2818 1032 2862 conmotis:
1050 2823 1075 2862 et
1085 2813 1150 2861 idem
1162 2813 1217 2861 dix-

105 2876 187 2924 stratis
201 2878 253 2938 jam
272 2876 366 2926 duobus
383 2877 485 2924 Naturae
504 2875 644 2939 Principiis,
677 2876 738 2925 isset
748 2879 884 2936 Lucretius,
897 2878 917 2927 si
929 2878 1015 2927 liusset
1027 2879 1115 2942 Fayua.

106 2941 214 3004 Corpore
233 2940 278 2990 viz.
296 2951 322 2990 et
339 2941 420 2999 Inani,
439 2952 464 2989 et
480 2940 602 3004 explicata
618 2957 643 2989 e·
710 2944 766 2991 491.
794 2946 884 2992 Clamor
903 2951 936 3001 nt,
957 2961 985 2991 oc
1006 2942 1087 3006 Vocet]
1111 2942 1218 2998 Quidam

105 3004 165 3053 tiam
178 3005 263 3054 Inanis
281 3006 382 3064 Natura,
395 3006 425 3054 de
442 3007 551 3070 Corpore
567 3005 646 3055 fusius
678 3006 754 3055 Codd.
769 3010 859 3057 Clamor
870 3012 924 3056 item
940 3025 968 3057 ac
984 3025 1061 3057 vocer:
1079 3008 1138 3071 Nar.
1151 3023 1217 3066 vero,

105 3070 225 3134 disputat:
244 3071 353 3135 Corpora
362 3080 444 3120 autem
453 3069 541 3119 dividit
549 3071 575 3118 in
584 3073 644 3118 Sim·
679 3074 770 3120 Clamor
781 3081 807 3121 ut
816 3081 840 3121 et
850 3077 916 3121 vocia

102 3138 176 3196 plicia
194 3144 218 3183 et
240 3138 373 3198 Composito.
408 3135 449 3184 Sic
470 3135 593 3198 Epicurus
614 3136 645 3183 ad
686 3139 766 3186 492.
788 3136 926 3199 Ferventia]
947 3137 1006 3196 Alii,
1024 3135 1134 3198 ,ferventi
1170 3137 1216 3185 Ni-

108 3199 268 3258 Herodotum‚
287 3203 336 3249 σῶν
351 3197 467 3260 σωμάτων
481 3199 513 3248 τὰ
530 3199 575 3259 μέν
593 3202 646 3249 ἐστι
678 3201 713 3249 hil
725 3212 806 3259 muto;
824 3212 849 3251 at
859 3202 880 3250 si
891 3218 936 3266 per
948 3203 1024 3250 otium
1040 3202 1121 3250 ridere
1137 3201 1218 3260 liceat,

106 3264 251 3328 συγκρίσεις,
271 3265 303 3313 τὰ
325 3266 345 3312 δ’
366 3267 390 3326 ἐξ
410 3264 442 3313 ὧν
462 3265 487 3313 αἱ
509 3263 647 3328 συγκρίσεις
679 3266 788 3315 Nardius
810 3267 906 3315 ridendi
930 3267 1056 3315 materiam
1083 3267 1217 3330 praeberet:

105 3329 252 3388 πεποίηνται.
282 3331 362 3378 Docet
379 3329 514 3393 inauperv.
527 3331 566 3377 20.
583 3331 644 3377 Cor·
678 3330 720 3378 ille
738 3331 803 3378 enirn
821 3348 863 3380 sus
881 3331 960 3379 icanrr
977 3330 1078 3378 Poitam
1096 3330 1219 3394 respicere

105 3410 166 3457 pora
182 3395 230 3442 ista
246 3394 374 3457 simplicia,
388 3411 432 3442 seu
449 3394 646 3456 compositorum
678 3394 828 3443 Annibalem
839 3348 915 3458 Alpes
927 3405 996 3442 aceto
1007 3404 1169 3458 rumpentem.

105 3458 234 3522 principia,
265 3458 412 3506 solidissima
445 3472 505 3514 esse,
539 3458 646 3531 perfecte
712 3461 767 3508 494.
787 3462 879 3508 Glacier
890 3459 969 3522 AErit]
989 3462 1080 3507 Gloriet
1096 3463 1153 3518 ocri,
1171 3461 1218 3509 Na.

105 3522 187 3586 plena,
200 3522 294 3569 nullum
311 3525 382 3571 [reone
398 3521 530 3579 continere,
543 3522 647 3583 ideoque
680 3523 721 3581 At,
740 3533 768 3571 ut
785 3534 851 3572 recte
871 3524 1013 3582 Lambinus,
1031 3524 1096 3573 inter
1114 3525 1218 3584 Aurum,

106 3587 175 3634 nulla
184 3587 208 3635 vi
220 3586 295 3635 dividi
308 3595 351 3635 aut
361 3585 470 3648 diffringi
481 3601 565 3648 posse:
584 3586 646 3634 fate·
680 3589 825 3650 Argentum,
843 3588 985 3652 reliquaque
1005 3589 1107 3637 Metalla
1129 3593 1219 3639 Gloriei

106 3661 147 3700 tur
157 3651 256 3700 interim
267 3668 329 3715 opus
341 3667 394 3700 ease
406 3650 562 3700 validissimis
574 3667 646 3714 argu·
679 3653 734 3717 quis
755 3653 840 3702 locus?
872 3656 964 3702 Clocieo
985 3657 1060 3712 AEris,
1084 3654 1171 3704 durum
1195 3666 1220 3704 et

106 3717 203 3774 mentis,
222 3716 310 3780 quibus
327 3715 469 3781 persuaderi
486 3716 564 3780 possit
584 3717 644 3764 Cor'-
679 3728 833 3782 compactum
845 3719 897 3767 AEa

105 3798 166 3844 pora
175 3782 256 3844 aliqua
266 3797 319 3830 esse
328 3782 435 3846 perfecte
445 3781 522 3830 solida
532 3791 556 3829 et
565 3781 646 3845 plena,
712 3783 767 3832 496.
796 3784 934 3847 Utrumque]
963 3785 1068 3839 Quidam
1092 3785 1168 3834 Codd.
1190 3804 1217 3834 n-

105 3863 161 3894 oum
174 3847 277 3904 Aurum,
289 3847 342 3904 AEs,
355 3847 427 3904 Saxa,
439 3845 580 3908 reliquaque
593 3862 644 3895 om·
679 3851 777 3909 trinqne,
789 3848 907 3913 improbe.
938 3850 988 3897 Hic
1000 3849 1077 3898 multa
1094 3850 1124 3898 de
1141 3851 1221 3900 calida

105 3911 147 3959 nia
170 3928 223 3974 quae
246 3911 393 3960 solidissima
414 3922 536 3975 putamus,
558 3927 646 3974 porosa
678 3911 815 3975 frigidaque
827 3915 899 3976 Aqua
911 3914 937 3962 in
949 3914 1033 3962 vinum
1047 3914 1105 3962 olim
1123 3915 1219 3964 infundi

106 3975 644 4040 esse,etaliisCorporibusperviasentimus.
678 3977 750 4026 solita
769 3978 881 4040 garriunt
905 3979 1063 4043 interpretes,
1086 3996 1140 4042 quae
1162 3980 1220 4029 solis

63 4064 66 4075 ·
138 4043 193 4093 487.
215 4044 315 4090 Vincunt
326 4058 354 4089 en
364 4058 455 4102 corpore
467 4039 568 4102 mum]
583 4041 644 4095 Qui·
678 4041 799 4105 imperitis
811 4043 948 4106 placebunt.

105 4105 161 4154 dam
177 4106 288 4164 Codices,
306 4110 412 4155 evincunt
428 4123 456 4154 aa
473 4122 564 4168 corpore
581 4108 645 4154 dom-
712 4109 767 4156 499.
787 4111 925 4170 Notumque
941 4108 1031 4172 reram]
1049 4110 1108 4172 Sup.
1126 4117 1154 4156 ut
1168 4111 1220 4170 jam

107 4188 167 4218 num.
680 4181 717 4219 est
728 4177 856 4234 composita,
870 4174 963 4237 Fayus:
982 4174 1102 4238 imperite.
1133 4174 1163 4220 In
1180 4188 1219 4220 se-

140 4238 194 4284 488.
214 4235 325 4299 Credere]
339 4240 454 4293 Forsitan,
469 4236 515 4284 Na.
547 4237 580 4284 Et
592 4236 645 4298 qui·
681 4238 765 4300 quenti
778 4254 850 4286 versu
867 4239 965 4300 quidam
983 4239 1059 4287 Codd.
1079 4241 1175 4299 Cognita
1192 4240 1221 4285 dr

107 4300 164 4348 dam
181 4302 257 4350 Codd.
274 4300 327 4363 sorr
344 4306 378 4350 ita
395 4302 529 4359 exhibent:
551 4314 645 4350 mouet·
678 4307 774 4363 paneis.-
792 4304 860 4352 nullo
872 4319 952 4352 sensu.
