2872 4852
147 243 212 308 326
525 233 567 300 T.
600 231 873 298 LUCRETII

234 394 489 478 Praecipitesque
505 391 627 456 eadunt
642 388 728 453 molli
742 389 867 453 cervice
882 386 1025 471 profusae

169 508 216 559 745
232 496 271 561 In
286 507 416 572 terram,
434 495 461 557 si
475 492 559 557 forte
575 493 620 556 ita
635 491 698 556 fert
713 502 829 556 natura
842 489 1005 567 locorum3

186 579 188 585 Ι
234 597 305 662 Aut
319 598 352 660 in
367 617 495 680 aquam,
513 594 540 657 si
554 592 639 657 sorte
653 592 744 657 lacus
760 594 944 656 substratus
960 589 1093 656 Averno
1109 591 1164 655 ’st.

279 697 396 772 Qualis
412 697 501 780 apud
517 696 638 759 Cumas
652 695 743 760 locus
759 705 810 760 est
823 705 1029 778 montemque
1044 693 1234 770 Vesevum,

237 800 375 885 Oppleti
390 798 502 864 calidis
517 799 574 861 ubi
588 797 713 862 fumant
729 797 873 861 fontibus
889 797 1024 862 auctus,

280 903 345 966 Est
359 913 393 967 et
409 900 578 966 Athenaeis
593 901 625 964 in
640 902 814 978 moenibus,
830 901 913 964 arcis
927 900 960 963 in
974 900 1047 983 ipso

171 1021 220 1070 750
237 1005 384 1081 Vertiee,
401 1002 544 1067 Palladis
559 1003 602 1066 ad
618 1001 773 1087 templum
787 1002 979 1066 Tritonidos
995 1001 1097 1078 almae,

238 1109 316 1181 Quo
331 1127 495 1190 nunquam
510 1105 626 1188 pennis
642 1103 810 1188 appellunt
824 1126 963 1188 corpora
976 1124 1084 1166 raucae

236 1210 402 1285 Cornices‚
418 1230 484 1271 non
499 1229 572 1272 cum
586 1206 711 1271 fumant
727 1205 854 1271 Altaria
869 1207 981 1270 donis:

237 1311 438 1395 Usqueadeo
453 1307 595 1393 fugitant
609 1331 675 1372 non
688 1309 752 1371 iras
769 1306 912 1371 Palladis
927 1307 1030 1370 aereis

237 1411 392 1497 Pervigill
407 1433 516 1488 causa,
534 1409 671 1474 Graifim
686 1420 723 1473 ut
738 1410 884 1475 cecinere
899 1414 1025 1493 poetae3

175 1528 222 1579 755
241 1516 309 1580 Sed
325 1525 440 1579 natura
454 1512 517 1577 loci
530 1512 594 1576 hoc
610 1534 692 1596 opus
708 1511 806 1575 efficit
820 1512 892 1595 ipsa
908 1512 1021 1575 suavi.

281 1616 320 1681 In
336 1616 431 1699 Syria
445 1636 576 1698 quoque
590 1613 695 1678 fertur
708 1613 785 1676 item
798 1611 889 1677 locus
905 1635 988 1690 esse,
1005 1613 1119 1690 videri,

238 1717 483 1801 Quadrupedes
499 1738 629 1800 quoque
645 1738 710 1799 quo
725 1713 819 1779 simul
834 1736 872 1779 ac
886 1715 1023 1799 vestigia
1036 1716 1178 1799 primum

238 1818 422 1895 Intulerint,
438 1818 580 1902 graviter
594 1817 641 1879 vis
657 1826 753 1900 cogat
768 1817 939 1881 concidere
954 1817 1036 1900 ipsa,
1122 1871 1123 1874 ,

238 1920 395 1985 Manibus
411 1929 449 1984 ut
465 1919 493 1981 si
508 1919 571 1981 sint
588 1905 682 1982 Divis
697 1927 837 1981 mactata
851 1928 996 2001 repente.

173 2036 220 2087 760
239 2019 358 2088 Omnia
373 2044 447 2106 quae
462 2019 601 2085 naturali
615 2021 739 2084 ratione
755 2030 923 2104 geruntur,

237 2125 283 2190 Et
298 2126 416 2210 quibus
432 2147 451 2189 e
467 2125 573 2188 causis
588 2124 680 2200 fiant,
696 2121 834 2208 appiaret
849 2123 958 2207 origo:

150 2358 691 2473 ausaritis,iaris-au
722 2356 1156 2471 elisiaeasianarum

152 2487 235 2536 rosa.
281 2440 307 2488 ⁸¹
452 2459 458 2483 ’
593 2440 617 2486 ω
653 2440 679 2486 ³¹
755 2487 810 2538 rsa
829 2486 943 2550 pervagus
953 2485 1035 2549 aaa]
1048 2487 1104 2534 vra
1118 2486 1192 2535 oaa.
1209 2489 1268 2538 Me-

184 2553 239 2602 744.
259 2555 326 2601 Molli
342 2556 427 2602 ceruice
442 2550 555 2616 proritat]
575 2551 689 2601 Volucris
723 2562 779 2600 tam.
792 2551 834 2599 lib.
848 2553 885 2600 ΙΙ.
898 2560 919 2600 v.
931 2551 985 2602 557.
1026 2555 1115 2600 Abdita
1120 2550 1210 2610 froude
1221 2557 1270 2602 'laos‘

151 2615 279 2680 languidae,
293 2627 318 2666 et
329 2616 552 2680 morientisimago.
721 2620 792 2665 densa
804 2620 940 2678 speculabar
950 2619 980 2665 ab
997 2619 1056 2664 almo
1075 2619 1137 2669 Quid
1146 2615 1269 2678 sarasar,

184 2680 239 2732 746.
258 2685 394 2730 Substratur
415 2685 505 2731 Auerno
523 2679 566 2744 at]
587 2682 687 2729 Aueraa'
721 2689 763 2730 etc.
793 2681 886 2729 Fabula
897 2682 1006 2729 Corones
1022 2680 1149 2728 notissima
1162 2690 1210 2740 est,
1223 2683 1268 2731 sed

151 2753 193 2793 ert.
721 2761 771 2794 non
782 2745 843 2793 illud
858 2745 1028 2820 pervigilium:
1046 2745 1163 2793 credibile
1179 2746 1268 2810 itaque

184 2809 239 2860 747.
250 2812 331 2862 Qualis
341 2813 405 2872 apud
415 2813 497 2858 Cumas
508 2813 568 2859 loeas
579 2818 621 2867 est,
630 2809 687 2873 eta]
722 2811 757 2868 fit,
770 2810 911 2859 Lucretium
928 2811 989 2858 alios
1005 2819 1116 2858 secutum
1133 2825 1187 2859 esse
1205 2827 1265 2860 auc-

153 2873 193 2921 De
204 2873 298 2922 duobus
313 2873 381 2922 hisce
393 2874 502 2923 versibus
518 2875 595 2923 multa
611 2874 687 2922 inter·
723 2883 794 2931 tores,
816 2889 888 2936 quam
908 2875 950 2937 qui
970 2875 1001 2922 ad
1020 2889 1065 2923 nos
1087 2885 1265 2937 pervenerunt.

170 2947 249 2992 retest
284 2938 393 2986 omnium
415 2948 552 2987 commenta
573 2938 690 2987 refutavit
721 2942 806 2987 Faber.

152 2952 240 3059 l'aber,
250 3011 275 3050 et
291 3001 344 3065 ipse
357 3002 453 3050 tandem
471 3003 538 3067 legit,
556 3003 590 3050 Ut
606 3005 688 3050 Cumas
754 3003 808 3054 755.
830 3005 886 3065 Ipsa
902 3021 944 3051 aaa
960 3003 996 3066 vi]
1014 3003 1073 3060 Alii,
1091 3006 1147 3064 lpsa
1163 3013 1265 3067 suapte.-

151 3069 216 3128 apad
242 3074 277 3114 est
298 3069 359 3114 bras
387 3067 496 3116 Euboico
524 3068 570 3116 sub
597 3076 687 3115 monte.
721 3076 746 3116 et
758 3067 860 3116 Vossius
876 3067 907 3115 ad
924 3067 1055 3126 Catullum,
1067 3083 1091 3130 p.
1106 3069 1159 3115 113.
1172 3067 1200 3116 id
1217 3079 1264 3128 est,

152 3129 218 3178 Nam
226 3131 316 3179 Cumas
327 3131 353 3178 in
363 3132 497 3195 Campania
506 3130 626 3181 coloniam
635 3147 689 3180 esse
720 3140 806 3195 sponte.

152 3194 286 3244 Euboicam
304 3195 404 3259 plurimi
423 3206 551 3254 testantur,
571 3206 597 3245 et
614 3196 656 3259 qui
673 3212 688 3244 a
754 3197 809 3254 756,
822 3195 876 3247 757.
895 3199 924 3244 la
936 3199 1006 3259 Syria
1020 3213 1105 3259 qaoque
1115 3195 1198 3259 fertur
1208 3202 1265 3248 item

151 3260 268 3308 Lucretio
289 3263 357 3309 Mons
375 3264 491 3310 Euboicas
512 3260 608 3318 dicitur,
631 3261 653 3309 is
674 3277 689 3309 a
721 3265 782 3310 lacus
798 3278 853 3319 arra,
865 3264 946 3319 videri,
961 3264 1132 3322 Quadrupedes,
1145 3261 1203 3326 eta]
1224 3263 1265 3312 Ita

151 3323 264 3388 Virgilio,
276 3325 318 3387 qui
334 3334 453 3389 perpetuo
465 3325 574 3374 Lucretii
586 3324 690 3388 vestigia
721 3327 787 3374 hunc
804 3325 884 3375 locum
903 3325 1017 3374 emendat
1035 3326 1120 3383 Faber,
1139 3329 1169 3374 Ia
1190 3331 1264 3390 Syria

150 3390 247 3452 pressit,
265 3392 368 3438 Euboica
382 3407 451 3452 rapas
462 3390 558 3448 dicitur,
571 3390 628 3437 AEn.
642 3391 688 3438 Vl.
722 3388 889 3452 qaoqaeferrar
898 3394 952 3439 item
961 3390 1078 3453 spelunca
1086 3394 1167 3449 vidui,
1179 3395 1263 3444 Quaad-

151 3468 174 3500 v.
192 3455 232 3501 42.
249 3462 274 3501 et
291 3469 313 3500 v.
332 3456 354 3501 2.
371 3457 479 3504 Euboica
497 3458 619 3503 Camarum
635 3471 688 3503 ora.
721 3459 832 3517 repedans
843 3471 891 3517 quo
902 3455 973 3503 soecla
983 3458 1053 3503 simul
1067 3459 1165 3518 vestigia
1180 3455 1264 3519 prima

151 3517 300 3574 Gassendus,
321 3520 402 3569 Qualis
418 3522 482 3580 apud
497 3522 580 3567 Cumas
598 3517 689 3567 Miseni
721 3522 854 3577 larabi-iat,
873 3523 979 3582 graviter
998 3524 1032 3568 oia
1054 3527 1122 3582 cogas
1144 3524 1264 3570 concidere

151 3580 197 3627 sub
216 3581 278 3643 pede
299 3581 405 3630 montis:
433 3593 460 3631 ut
477 3583 595 3631 lectiones
616 3583 689 3630 variae
721 3587 779 3644 ipsa
812 3586 898 3641 Videri,
910 3583 992 3642 idest,
1004 3600 1068 3639 erse,-
1084 3588 1206 3646 ipsavero
1221 3601 1262 3634 re-

150 3644 276 3692 conciliari
298 3645 393 3707 possint
416 3655 468 3695 tum
491 3647 556 3694 inter
578 3662 612 3704 se,
636 3656 688 3694 turn
721 3647 798 3696 fertur
812 3649 844 3696 ad
859 3651 935 3705 caela,
947 3649 1019 3697 aliter
1031 3664 1059 3697 ea
1076 3657 1140 3697 esset
1157 3649 1264 3699 mutatio

151 3722 207 3755 curn
215 3707 326 3770 Virgilio,
334 3709 384 3770 qui,
397 3709 454 3758 AEn.
464 3712 511 3760 VI.
519 3727 542 3758 v.
553 3712 607 3758 234.
618 3726 687 3759 men·
720 3712 826 3774 generis,
844 3728 899 3775 quoe
916 3712 974 3761 ferri
993 3729 1043 3761 non
1062 3713 1153 3776 possit:
1177 3713 1263 3764 forsan

151 3769 218 3818 tione
234 3770 298 3818 sacta
315 3772 415 3831 Miseni,
433 3774 528 3823 Averni
544 3774 687 3838 descriptio·
720 3776 808 3824 melius
834 3777 936 3839 legatur,
967 3780 1040 3826 Lacus
1066 3795 1121 3836 erse,
1148 3777 1263 3841 vigentes

150 3834 322 3896 nemsuincic
617 3894 619 3900 Ι
723 3844 1044 3904 οιιαόνιιριᾱεεᾳαοᾳιισ,ειο.
1077 3845 1152 3890 Locus
1165 3860 1221 3903 aare,
1234 3854 1265 3892 ut

183 3899 238 3950 750.
252 3900 687 3966 Palladis—dmar]Faecundoe,Fay·
720 3920 742 3953 v.
754 3905 809 3956 547.
836 3908 907 3967 Apud
916 3910 1123 3955 Gaaaaslacaserr.
1152 3907 1205 3956 Ista
1215 3924 1261 3958 au·

149 3980 192 4012 ωε
209 3962 320 4011 bouada
331 3963 421 4026 Virgo!
440 3974 467 4013 ut
475 3965 582 4029 Virgilii,
591 3970 688 4017 Iuventa
721 3979 769 4017 tem
782 3985 830 4018 vox
841 3986 926 4032 qaoque
938 3986 987 4019 non
999 3971 1077 4020 otiosa
1089 3980 1200 4029 estuans
1212 3972 1263 4022 iste

148 4031 192 4076 aab
205 4029 299 4076 Ilicibus
312 4030 362 4085 Sar,
379 4030 486 4090 Triginta
501 4034 602 4092 capitam
612 4032 688 4095 foeraa
718 4032 745 4080 in
755 4033 826 4097 Syria
836 4034 904 4083 locus
916 4044 964 4082 tam
976 4035 1174 4098 quadrupedibus
1184 4051 1263 4100 quam

148 4096 224 4142 caira.
253 4093 289 4141 Os
300 4091 418 4140 hominis!
719 4097 804 4146 avibus
815 4098 902 4146 noxius
912 4117 918 4153 ς
936 4098 962 4146 in
975 4099 1047 4148 tertio
1056 4115 1114 4148 vero
1123 4115 1195 4150 versu
1208 4105 1264 4164 ipsa

183 4156 238 4208 752.
255 4159 308 4205 Noa
324 4173 374 4206 cam
383 4155 479 4219 famant
495 4159 591 4206 Altaria
607 4160 684 4224 donis]
718 4177 773 4210 cum
786 4166 821 4210 air
837 4161 951 4225 conjungi
969 4173 1057 4226 potest.
1086 4163 1143 4213 Vid.
1157 4165 1261 4216 Strabo-

151 4221 190 4270 Ita
200 4221 270 4270 illum
281 4221 360 4270 locuni
372 4220 482 4270 cornices
496 4232 646 4281 aversantur,
658 4236 686 4274 ut
717 4241 782 4284 nem,
794 4225 835 4274 lib.
848 4227 927 4274 ΧΙΙΙ.
940 4225 971 4274 de
983 4228 1104 4276 Plutonio.

148 4285 195 4335 etsi
208 4285 234 4336 in
252 4303 281 4336 eo
297 4301 364 4336 sacra
383 4285 449 4344 flant,
467 4301 498 4334 ne
517 4295 568 4334 turn
586 4287 684 4349 quidem
