2872 4852
445 206 631 272 LIBER.
653 206 914 280 QUINTUS.
1169 213 1234 278 267

211 365 385 430 Menstrua
400 363 478 428 dum
493 364 615 448 rigidas
632 363 715 428 Coni
729 363 909 447 perlabitur
925 366 1074 431 umbras}

211 467 376 551 Tempore
391 464 506 530 eodem
520 466 608 530 aliud
625 476 765 551 nequeat
780 473 970 532 succurrere
987 468 1092 534 Lunae

147 581 194 632 755
213 571 354 655 Corpus,
370 568 422 633 vel
437 591 556 653 supera
572 569 657 634 Solis
673 569 837 654 perlabier
851 572 974 648 orbem,

210 673 312 746 Quod
327 672 435 735 radios
450 671 676 756 interrumpat,
692 671 864 757 lumenque
880 672 1072 757 profusum?

210 774 257 838 Et
272 784 380 838 tamen
395 775 467 857 ipsa
482 795 541 837 suo
558 773 584 837 si
599 772 695 858 fulgit
711 773 808 839 Luna
822 775 939 853 nitore,

209 877 278 941 Cur
292 887 433 961 nequeat
447 887 537 940 certa
550 877 663 940 mundi
677 875 887 961 languescere
902 888 1008 962 parte,

208 978 300 1043 Dum
314 979 385 1044 loca
399 978 573 1043 luminibus
588 979 729 1063 propriis
745 980 871 1044 inimica
886 984 1058 1064 pererrat?

144 1091 192 1144 770
254 1083 355 1156 Quod
372 1091 533 1165 superest,
550 1081 701 1164 quoniam
715 1083 824 1166 magni
838 1103 897 1166 per
912 1082 1031 1146 caerula
1047 1081 1167 1147 Mundi

209 1184 287 1257 Qua
302 1183 374 1249 fieri
388 1184 543 1268 quicquid
558 1193 671 1267 posset
687 1184 823 1261 ratione,
840 1183 977 1248 resolvi:
1232 1182 1237 1189 ’

210 1285 295 1350 Solis
311 1286 359 1349 uti
373 1285 479 1349 varios
494 1306 621 1363 cursuS,
638 1284 809 1370 Lunaeque
825 1297 950 1351 meatus

208 1388 358 1451 Noscere
373 1408 554 1471 possemus,
571 1409 645 1470 quae
660 1388 720 1465 vis,
737 1398 771 1453 et
785 1410 884 1453 causa
899 1388 1017 1453 cieret:

210 1490 327 1563 Quove
342 1487 439 1552 modo
456 1487 581 1553 soleant
595 1488 714 1554 offecto
729 1489 848 1556 lumine
864 1491 966 1568 obire,

146 1602 192 1655 775
212 1591 259 1655 Et
273 1614 333 1656 nec
349 1592 530 1675 opinanteis
546 1593 689 1656 tenebris
705 1594 870 1658 obducere
884 1603 999 1671 terras,

209 1694 293 1758 Cum
307 1693 400 1776 quasi
415 1693 602 1770 connivent3
628 1704 662 1757 et
676 1705 792 1778 aperto
807 1693 925 1759 lumine
941 1717 1071 1760 rursum

207 1796 327 1860 Omnia
341 1795 511 1859 convisunt
526 1794 613 1858 clara
627 1794 699 1860 loca
713 1797 853 1860 candida
866 1795 950 1862 luce.

248 1897 348 1961 Nunc
363 1898 463 1961 redeo
479 1896 522 1959 ad
538 1896 658 1960 Mundi
673 1893 860 1976 novitatem,
875 1907 910 1963 et
924 1897 1031 1964 mollia
1046 1909 1142 1964 terrae

205 1997 307 2077 Arva,
324 2021 408 2064 novo
424 1997 508 2063 foetu
523 1999 602 2083 quid
617 2001 756 2083 primum
770 2001 803 2062 in
818 1999 946 2065 luminis
962 2023 1036 2066 oras

141 2109 189 2162 780
206 2099 351 2178 Tollere,
367 2110 400 2164 et
414 2102 545 2164 incertis
561 2100 694 2165 tentarit
709 2102 843 2165 credere
860 2103 975 2167 ventis.

249 2202 426 2287 Principi0,
441 2224 545 2285 genus
563 2202 762 2280 Herbarum,
779 2203 979 2288 viridemque
994 2205 1131 2268 nitorem

202 2305 309 2369 Terra
324 2304 416 2368 dedit
430 2305 550 2367 circum
565 2302 692 2382 colleis;
716 2326 913 2388 camposque
930 2327 989 2388 per
1004 2306 1126 2369 omneis

205 2406 339 2471 Florida
355 2405 515 2470 fulserunt
529 2406 679 2470 viridanti
694 2418 790 2490 prata
805 2405 932 2473 colore:

204 2507 456 2593 Arboribusque
473 2509 584 2574 datum
600 2509 639 2572 'st
653 2511 749 2574 variis
765 2511 883 2574 exinde
899 2531 959 2594 per
974 2531 1070 2573 auras

140 2622 187 2675 785
206 2612 385 2676 Crescendi
399 2633 552 2695 magnum
565 2611 714 2675 immissis
729 2623 893 2677 certamen
908 2612 1063 2676 habenis:

204 2713 252 2778 Ut
268 2712 384 2778 Pluma
397 2723 496 2796 atque
513 2711 575 2776 Pili
590 2714 727 2798 primum
744 2714 897 2798 Setaeque
912 2724 1064 2777 creantur

205 2816 467 2900 Quadrupedum
481 2817 515 2878 in
530 2817 692 2892 membris,
708 2827 742 2881 et
757 2838 894 2900 corpore
909 2817 1198 2900 pennipotentum

119 3046 185 3111 nere]
210 3048 350 3106 Lambinus,
370 3048 499 3111 oppressum
521 3052 563 3096 sub
582 3050 655 3096 Solem
721 3049 775 3098 tta
797 3051 853 3096 (lum
871 3053 937 3111 quasi
954 3048 1084 3113 connivent]
1102 3050 1183 3098 Solem
1201 3059 1226 3097 et

117 3116 176 3173 ipsu,
192 3121 235 3160 ete.
269 3113 318 3161 Sed
334 3113 436 3161 ridicule
453 3113 517 3170 facit,
530 3113 572 3176 qui
590 3113 655 3161 istud
687 3113 770 3161 lunam
783 3115 971 3176 tanquamduos
984 3116 1056 3177 hujus
1068 3114 1155 3163 mundi
1166 3130 1224 3162 ocu·

117 3180 191 3238 Super
199 3178 230 3225 de
240 3179 307 3226 Luna
316 3177 439 3240 intelligit,
451 3178 501 3225 imo
513 3178 544 3225 ad
560 3180 655 3225 Terram
687 3177 724 3224 los
734 3178 842 3241 concipe.

116 3241 202 3289 referri
218 3243 296 3299 debet,
310 3243 374 3304 quod
389 3242 459 3300 ratio,
473 3251 498 3290 et
514 3257 599 3289 versus
616 3257 654 3289 se·
721 3243 775 3293 781.
788 3245 913 3302 Principio,
927 3259 1000 3304 genus
1016 3245 1155 3299 Herbarum,
1168 3241 1225 3305 etc]

117 3307 219 3368 quantes
230 3308 341 3371 probant.
361 3308 400 3355 lta
409 3317 475 3356 recte
486 3306 571 3353 Faber.
590 3306 653 3368 Fay-
690 3306 735 3363 lta,
745 3322 767 3353 v.
783 3309 819 3353 18.
828 3316 907 3354 ortum
919 3321 1001 3353 rerum
1012 3307 1127 3354 erecenti
1139 3306 1226 3355 tellure

116 3386 147 3419 us
169 3380 258 3428 autern,
281 3377 380 3420 retinere
403 3373 476 3419 Solem
499 3373 656 3418 absconditum
687 3379 785 3416 enarrat
806 3369 941 3426 Lucretius,
964 3379 991 3417 ut
1009 3370 1088 3433 ipsam
1106 3370 1226 3433 originem

115 3453 187 3497 supra
205 3441 309 3497 seipsam.
349 3435 469 3499 OEdipum
490 3450 590 3498 quaeras,
610 3450 655 3496 ego
688 3446 811 3496 spectasse
823 3434 949 3482 videatur:
970 3450 1025 3482 nem
1037 3434 1143 3497 primum
1159 3436 1225 3484 Her·

117 3501 203 3548 Davus
214 3516 275 3549 sum.
688 3499 732 3556 bae,
751 3498 840 3546 deinde
861 3499 975 3555 Arbores,
996 3508 1082 3562 postea
1101 3500 1227 3550 Animalia

151 3564 205 3614 764.
218 3563 368 3627 Succurrere]
381 3564 517 3612 succedere
531 3563 557 3610 in
574 3563 655 3611 locum
688 3563 769 3610 minus
784 3563 899 3626 perfecta,
917 3573 942 3611 et
958 3563 1055 3612 demum
1072 3565 1224 3626 perfectiora.

115 3628 207 3687 Luuoe3
231 3632 326 3692 Fuyus:
349 3630 424 3692 digna
442 3629 508 3692 Fayo
524 3627 652 3676 sententia.
687 3627 785 3690 Quippe
802 3643 857 3675 curn
875 3643 965 3686 mures,
977 3644 1056 3685 ranas,
1069 3638 1095 3677 et
1106 3631 1226 3691 ejusmodi

115 3696 254 3743 Succurrere
265 3704 354 3752 autem,
366 3699 445 3743 subter
458 3697 499 3742 ire.
687 3692 802 3740 animalia
813 3702 900 3756 sponte
911 3694 979 3742 nasci
995 3694 1076 3752 hodie,
1087 3710 1143 3742 cum
1161 3704 1226 3744 totus

149 3758 204 3810 770.
236 3762 301 3812 Quod
327 3768 437 3820 superest,
459 3762 571 3821 quoniam,
596 3755 653 3818 etc]
686 3757 792 3805 mundus
815 3758 950 3815 consenuit,
973 3758 1108 3817 videamus,
1132 3759 1191 3822 quid
1211 3776 1226 3809 u

116 3823 254 3888 Explicatis
270 3840 315 3872 suo
331 3840 399 3871 more
410 3823 475 3880 solis,
493 3823 565 3879 lunae,
578 3831 603 3870 et
614 3837 652 3869 as·
686 3821 779 3890 recenti
791 3822 885 3882 tellure,
897 3832 922 3870 et
933 3823 1015 3871 adulto
1025 3825 1116 3872 aethere
1128 3840 1226 3889 sperare

115 3896 210 3936 trorum
219 3889 333 3943 motibus,
343 3904 358 3936 a
369 3888 437 3936 coelis
447 3887 478 3935 ad
488 3897 571 3945 terras,
581 3903 604 3935 v.
618 3888 654 3934 11.
689 3903 738 3934 non
750 3886 823 3934 licetl

115 3953 250 4011 descendit,
267 3969 349 4002 rerum
366 3966 446 4001 ortum
462 3961 487 3998 et
505 3951 624 4014 originem
642 3967 656 3998 e
722 3953 776 4002 785.
789 3954 901 4013 Magnum
912 3956 1018 4001 immissis
1029 3961 1142 4001 certamen
1155 3953 1239 4002 leobe-¹

116 4017 204 4067 tellure
220 4033 302 4066 rerum
316 4016 425 4066 omnium
442 4025 544 4079 parente
557 4031 655 4064 enarra-
689 4015 738 4078 uia]
752 4017 888 4064 Arboribus
899 4018 990 4076 datum,
1003 4033 1018 4065 a
1034 4019 1129 4066 Natura
1140 4017 1186 4065 viz.
1199 4027 1228 4066 ut

116 4091 193 4130 turus.
688 4081 799 4128 certatim
811 4081 863 4129 sine
876 4082 926 4129 ulla
936 4098 1011 4139 mora,
1024 4082 1104 4130 ullove
1121 4080 1225 4143 impedi·
1238 4082 1240 4086 '

148 4146 203 4198 774.
219 4144 317 4209 Offerre]
330 4146 443 4194 Obducta
452 4155 477 4194 et
488 4147 619 4203 obstructo,
632 4154 656 4193 et
688 4155 771 4192 mento
789 4155 941 4202 crescerent;
966 4146 1082 4209 allegoria
1099 4154 1136 4193 est
1154 4146 1227 4193 ducta

115 4226 161 4275 per
172 4211 275 4273 alicujus
285 4211 394 4274 corporis
404 4210 616 4274 interpositionem
626 4210 655 4258 ad
689 4211 719 4258 ab
731 4210 800 4272 equis
811 4210 899 4273 quibus
909 4212 1010 4259 habenae
1019 4212 1049 4258 ab
1058 4209 1150 4271 aurigis
1161 4208 1228 4257 iuter

117 4289 214 4340 tempus
226 4275 331 4325 excluso.
349 4278 483 4324 Lambinus.
689 4275 835 4323 currendum
848 4276 967 4323 laxantur.
985 4277 1117 4322 Lambinus.
