2872 4852
167 233 170 236 ’
194 224 202 236 ’
228 235 297 298 '324
611 228 654 297 Τ.
688 226 957 295 LUCRETII

319 386 536 463 Nominitant,
550 385 624 452 Nos
639 407 721 469 quas
736 383 873 451 Fauceis
889 384 1111 469 perhibemus,
1126 393 1162 451 et
1177 386 1264 453 Ora.

360 490 446 554 Sunt
461 488 583 572 aliquot
597 509 728 572 quoque
743 509 809 565 res,
823 509 960 571 quarum
971 508 1069 554 unam
1084 487 1194 553 dicere
1208 511 1352 558 causam

318 592 397 656 Non
411 591 487 656 satis
503 600 564 666 est,
581 610 691 655 verum
707 587 839 672 plureis,
855 589 943 653 unde
956 611 1022 653 une
1036 599 1144 655 tamen
1160 590 1213 656 sit.

253 704 300 754 705
316 695 445 778 Corpus
459 702 497 757 ut
511 691 694 757 exanimum
709 691 736 755 si
751 691 840 775 quod
856 690 971 774 procul
984 691 1055 775 lpse
1066 691 1179 776 jacere

319 796 508 880 Conspicias
523 794 692 871 Hominis;
715 793 754 861 fit
768 804 806 858 ut
820 794 941 858 omneis
957 793 1066 858 dicere
1080 815 1196 862 causas

319 898 498 962 Conveniat
511 895 602 973 lethi,
618 896 746 960 dicatur
760 906 797 960 nt
811 894 896 961 illius
911 918 986 960 una.

318 999 407 1063 Nam
420 1019 526 1083 neque
541 1019 615 1064 cum
630 996 728 1074 ferro,
741 1018 848 1081 neque
863 996 984 1082 frigore
999 997 1128 1062 vincere
1142 999 1253 1082 possis

317 1101 495 1177 lnteriisse,
511 1113 618 1184 neque
632 1122 653 1163 a
665 1083 789 1175 morbo,
805 1107 912 1183 neque
927 1098 1011 1163 forte
1026 1111 1170 1176 venen0;

253 1217 301 1267 71⁰
315 1204 440 1270 Verum
454 1202 577 1286 aliquid
591 1223 710 1286 genere
724 1222 796 1264 esse
810 1223 851 1265 ex
866 1199 941 1277 hoc,
957 1201 1047 1284 quod
1062 1201 1185 1266 Concio
1200 1202 1305 1281 dicat,

317 1308 461 1372 Scimus:
485 1305 569 1371 Item
582 1305 615 1368 in
628 1303 736 1368 multis
750 1303 814 1368 hoc
828 1305 927 1368 rebus
944 1304 1052 1369 dicere
1067 1303 1239 1370 habemus.

360 1408 457 1472 Nilus
472 1408 506 1473 in
517 1407 624 1473 aestati
638 1406 765 1478 crescit,
782 1405 969 1489 campisque
985 1405 1149 1470 redundat

318 1511 443 1576 Unicus
459 1511 492 1574 in
506 1510 601 1575 terris
617 1508 757 1594 AEgypti
773 1509 872 1573 totius
889 1508 1001 1572 amnis.

317 1613 350 1677 Is
366 1615 450 1697 rigat
465 1611 648 1696 AEgyptum
663 1611 803 1676 medium
817 1632 878 1694 per
894 1631 981 1693 saepe
996 1608 1146 1687 calorem,

252 1727 299 1778 715
315 1713 385 1779 Aut
400 1715 477 1798 qnia
491 1725 567 1778 sunt
583 1722 696 1778 aestate
712 1711 894 1796 Aquilones
910 1712 993 1776 ostia
1008 1721 1122 1777 contra

318 1814 407 1879 Anni
421 1826 567 1899 ternpore
581 1837 633 1890 e0,
649 1837 714 1897 quo
731 1813 845 1879 Etesia
859 1813 963 1878 flabra
978 1813 1146 1878 ferunturt

318 1917 364 1982 Et
379 1926 492 1982 contra
507 1916 640 1981 fluvium
655 1916 771 1981 flantes
787 1927 1000 1992 remorantur,
1017 1926 1050 1980 et
1065 1917 1170 1979 undas

316 2021 480 2104 Cogentes
496 2041 609 2085 sursus
624 2018 761 2102 replent,
777 2029 963 2102 coguntque
979 2039 1120 2081 manere.
1165 2032 1168 2039 ’

314 2122 403 2186 Nam
418 2122 518 2188 dubio
532 2120 647 2205 procul
660 2121 732 2187 haec
746 2122 884 2185 adverso
898 2120 1002 2185 flabra
1015 2119 1164 2185 feruntur
1198 2154 1202 2159 v

251 2236 298 2286 720
313 2225 472 2300 Flumine,
488 2247 562 2309 quae
577 2223 692 2308 gelidis
708 2247 728 2289 a
743 2222 844 2290 stellis
860 2222 944 2286 Axis
960 2232 1118 2306 aguntur:

316 2327 375 2391 Ille
391 2351 432 2392 ex
448 2325 590 2392 aestifera
605 2326 690 2409 parti
705 2327 793 2389 venit
808 2326 909 2394 amnis
924 2324 966 2388 ab
982 2323 1108 2388 Austro

316 2429 406 2493 Inter
421 2430 513 2512 nigra
528 2427 643 2504 virrim,
659 2438 876 2512 percoctaque
892 2426 987 2493 saecla
1002 2426 1120 2504 calore,

289 2573 292 2577 -
318 2531 480 2597 Exoriens
494 2531 625 2615 penitus
640 2531 746 2595 media
759 2531 801 2596 ab
815 2530 947 2612 regione
964 2530 1039 2593 diei.

229 2757 313 2805 luncas
333 2757 364 2805 ad
381 2756 471 2805 montis
488 2757 581 2805 radices
598 2757 702 2819 ingredi,
725 2757 768 2804 sed
801 2756 855 2805 istis
866 2756 946 2804 ventis
953 2755 1071 2818 agitatum
1080 2753 1198 2817 congerit,
1205 2755 1345 2804 obstruun-

229 2821 303 2869 etiam
314 2821 341 2869 in
352 2821 413 2884 ipsi's
424 2821 534 2870 faucibus
545 2821 671 2884 gene'rariz
689 2836 768 2882 neque
802 2829 842 2869 tnr
859 2821 912 2868 Nili
929 2820 1015 2875 onim
1033 2827 1105 2881 etque
1121 2819 1179 2868 inde
1195 2819 1344 2869 exundatio.

227 2885 254 2933 id
270 2885 368 2942 mirum,
380 2900 437 2935 nem
453 2885 516 2932 nihil
527 2885 624 2943 certius,
636 2900 708 2948 quarn
723 2888 762 2932 ab·
799 2885 876 2934 Hisce
885 2884 1032 2933 causisduas
1041 2884 1100 2931 alias
1109 2885 1237 2946 conjunge,
1248 2898 1345 2948 nempe

228 2964 324 2998 remex
335 2949 402 2997 omni
418 2959 487 3012 parte
499 2949 530 2997 ad
546 2949 668 2998 flammam
685 2964 764 3006 ruere,
797 2949 900 3012 pluvias,
912 2965 966 3011 quae
977 2949 1008 2997 ad
1019 2948 1098 2996 fontes
1115 2947 1168 2996 Nili
1177 2947 1305 3006 decidunt,
1319 2965 1343 2998 v.

228 3023 301 3076 atque
311 3013 370 3061 inde
381 3023 481 3062 ventum
492 3014 611 3076 generari.
797 3015 821 3062 6.
833 3024 858 3062 et
869 3014 946 3071 nives,
958 3029 980 3062 v.
994 3016 1016 3060 3.
1028 3012 1154 3061 resolutas.
1180 3013 1204 3060 N
1206 3027 1246 3060 am
1257 3014 1343 3062 omni·

262 3078 317 3129 71⁰.
331 3077 424 3141 Cmcio]
436 3079 519 3127 Turba
530 3079 656 3127 hominum
665 3077 763 3127 adstan-
798 3079 843 3127 bus
860 3078 927 3127 hisee
943 3077 1023 3127 causis
1038 3076 1235 3140 conspirantibus
1256 3077 1343 3137 Nilus,

229 3142 298 3191 tium.
316 3143 375 3200 Alii,
387 3146 446 3205 qaod
455 3147 552 3206 contigit
562 3148 599 3192 eit.
797 3151 841 3192 ant
851 3143 954 3204 quilibet
964 3143 1026 3190 alius
1036 3142 1125 3191 fluvius
1134 3141 1249 3190 exundet.

262 3208 317 3259 712.
335 3211 406 3257 Nilus
420 3212 447 3256 in
458 3213 535 3257 certati
551 3213 640 3265 nescit,
656 3207 713 3270 ete]
726 3208 765 3257 nb
832 3209 887 3264 715,
898 3208 952 3258 716.
970 3210 1094 3268 Aquitanos
1108 3210 1168 3254 ostia
1178 3213 1259 3254 contra
1272 3209 1342 3256 Anni

228 3273 313 3323 advo
331 3273 435 3326 solstitio
451 3274 482 3322 ad
499 3273 671 3336 aequinoctium
689 3288 766 3335 nsque
799 3280 946 3333 termonem,
965 3289 1008 3334 quo
1026 3274 1107 3320 Eraria
1120 3274 1199 3330 flabra
1209 3270 1340 3334 fimatur]

227 3339 369 3388 autumnale
381 3338 453 3388 Nilus
470 3338 505 3386 ita
520 3337 668 3395 intumescit,
681 3347 709 3386 ut
722 3352 767 3400 per
800 3337 859 3385 Post
874 3336 974 3385 biduum
986 3345 1086 3384 exortus
1098 3335 1221 3384 Caniculae
1233 3335 1340 3396 Aquilo·

227 3402 363 3468 lllgyptum
375 3403 510 3461 exundans,
522 3403 610 3452 oblitos
626 3403 685 3450 limo
696 3417 767 3465 agros
799 3417 843 3450 nes
854 3400 1005 3449 constantius
1020 3399 1125 3463 perflant
1135 3400 1220 3448 diebus
1231 3400 1339 3461 quadra-

227 3466 633 3524 ioecurrdetelisssterilesiuturos,
642 3467 767 3529 egregium
798 3465 874 3527 ginta,
897 3481 957 3527 quor
980 3464 1077 3512 Etesiae
1098 3473 1191 3512 vocant.
1232 3463 1340 3523 Plinius,

228 3531 319 3582 dirinoe
331 3531 495 3580 Providentiae
504 3539 696 3580 monumentum.
708 3530 765 3591 (AE·
798 3530 840 3578 lib.
855 3531 890 3578 ΙΙ.
902 3545 955 3593 cap.
968 3528 1007 3579 47.
1042 3529 1076 3578 Et
1092 3529 1228 3586 Lucretius,
1240 3545 1262 3576 v.
1280 3527 1339 3579 730.

226 3600 295 3658 gypti
305 3598 384 3644 incola
393 3611 505 3657 aquaram
517 3599 623 3656 beneficis
635 3599 763 3656 percipien-
797 3597 878 3644 Rasin
885 3597 963 3655 flabra
975 3597 1119 3656 Aquilonum.
1154 3593 1235 3656 Fsyus
1246 3602 1340 3652 tamen,

228 3667 263 3707 ter
278 3663 509 3721 nqunmcolaatctc.
543 3659 624 3709 lulius
642 3659 764 3708 Firminus
797 3661 891 3715 Etesiae,
900 3669 960 3707 sunt
971 3658 1037 3706 venti
1048 3659 1078 3706 ab
1090 3659 1189 3714 Austro,
1201 3657 1338 3708 seuaMe·

228 3723 259 3770 de
271 3722 325 3770 Etr.
340 3723 403 3770 Proi.
422 3722 490 3784 Rel.)
509 3724 576 3773 Huic
592 3724 668 3786 igitur
684 3723 764 3772 incra·
797 3723 860 3772 ridie
873 3723 975 3777 flantem
993 3733 1018 3770 et
1029 3723 1075 3771 hoo
1088 3721 1140 3770 Nili
1156 3720 1339 3772 incrementum

226 3796 311 3835 mento
325 3801 371 3848 pro
382 3801 450 3834 more
461 3803 506 3835 sno
516 3804 602 3837 causas
613 3797 708 3836 tantum
721 3802 763 3835 na·
797 3787 924 3836 contendit
940 3786 993 3835 lieri
1006 3803 1020 3835 a
1031 3787 1126 3836 duobus
1142 3787 1222 3835 ventis
1239 3797 1338 3837 contra·

226 3851 318 3900 tureles
335 3849 443 3913 assignet
460 3851 595 3909 Lucretius,
617 3868 638 3900 v.
658 3852 697 3899 26.
732 3852 765 3900 Et
797 3852 848 3910 riis,
858 3867 961 3913 quorum
972 3852 1039 3908 alter,
1050 3867 1139 3915 nempe
1149 3851 1247 3913 Aquilo,
1256 3860 1337 3901 retar-

227 3914 424 3979 primoquidem,
437 3930 459 3962 v.
475 3916 511 3963 12.
545 3916 621 3964 Venti
633 3915 765 3965 Etesiaeab
797 3916 1152 3977 dotequurumcnrsus,elter‚
1169 3931 1257 3978 nempe
1275 3916 1337 3965 Ete-

228 3979 400 4044 Septentrione
411 3977 533 4042 spirantes
542 3994 617 4041 eques
626 3979 712 4035 amni,
723 3981 764 4042 qui
797 3980 846 4039 sire,
870 3980 975 4044 impellit
993 3980 1055 4038 illas,
1076 3980 1191 4042 quoniam
1210 3979 1284 4029 Nilus
1306 3983 1339 4031 eb

228 4047 258 4094 ab
277 4045 368 4093 Austro
387 4043 448 4100 fluit,
466 4043 596 4106 repellunt,
616 4041 763 4105 iaciuntque,
796 4046 889 4094 Austro
899 4044 926 4092 in
938 4044 1134 4107 Septentrionem
1145 4044 1207 4092 fluit.
1230 4045 1269 4093 En
1280 4045 1338 4108 dig·

227 4120 256 4159 ut
262 4108 365 4173 impleto
371 4107 440 4156 alveo
449 4107 587 4155 exundent:
605 4107 626 4155 si
638 4122 696 4155 vero
704 4108 763 4157 Ete-
797 4125 856 4157 num
869 4109 984 4158 Lucretio
996 4109 1172 4172 interpretem!

226 4171 489 4224 siaeadobsistendum
497 4180 565 4220 tanto
574 4187 690 4233 aquarum
702 4189 763 4236 pou·
830 4173 884 4224 719.
908 4176 1011 4222 Aduerso
1033 4173 1142 4236 flumine]
1167 4173 1209 4230 Ut,
1233 4189 1254 4221 v.
1279 4173 1336 4224 725.

225 4235 598 4297 derilenesenimsuntventi,
611 4236 762 4299 impetendi·
791 4241 902 4297 fluctibus
929 4240 1046 4284 mansu.-
1076 4237 1166 4300 (neque
1193 4237 1259 4288 enim
1287 4237 1336 4304 leg.

226 4314 320 4362 eantur,
328 4313 389 4361 tum,
401 4319 424 4352 s.
437 4304 459 4350 5.
476 4316 557 4358 arena,
570 4316 643 4363 quarn
655 4315 721 4349 mare
733 4304 763 4351 ab
791 4300 897 4362 flamma)
909 4301 1006 4350 mallem
1019 4310 1100 4368 tamen
1108 4305 1189 4364 gelidi.
