2872 4852
208 214 278 280 alo
591 211 634 277 T.
660 212 931 278 LU'CRETII
1002 270 1018 283 „

295 369 450 433 Sentibus
466 368 619 446 obducat,
634 370 669 432 ni
683 370 730 432 vis
747 369 902 433 Humana
917 371 1058 443 resistat,

294 471 385 536 Vitai
400 492 498 535 causa
513 469 620 535 valido
635 480 792 536 consueta
805 470 932 535 bidenti

230 587 278 632 21⁰
294 572 474 657 Ingemere,
490 583 525 634 et
539 582 658 636 terram
673 574 794 656 pressis
810 573 1020 656 proscindere
1037 572 1173 638 aratris:

294 675 331 738 si
345 698 410 739 non
424 674 596 738 foecundas
611 685 774 738 vertentes
789 697 917 739 vomere
933 673 1058 759 glebas,

296 777 480 861 Terraique
496 775 600 841 solum
616 778 805 860 subigentes
821 778 922 841 cimus
938 778 981 841 ud
997 789 1107 854 ortus3

298 879 423 962 Sponte
439 900 498 942 sua
512 888 676 962 nequeant
689 877 829 962 liquidas
845 880 986 944 existere
1001 880 1035 943 in
1050 902 1157 944 auras.
1210 935 1214 941 .

339 981 387 1045 Et
401 993 508 1046 tamen
523 982 687 1046 interdum
702 1004 819 1065 magno
833 983 970 1066 quaesita
983 981 1107 1059 labore,

232 1096 279 1142 215
296 1083 379 1148 Cum
390 1085 457 1168 jam
473 1106 533 1168 per
548 1094 653 1148 terras
668 1084 832 1161 frondent,
849 1095 948 1167 atque
964 1085 1069 1148 omnia
1083 1084 1219 1162 florent3

296 1187 366 1251 Aut
381 1187 485 1250 nimiis
502 1197 604 1250 torret
619 1185 801 1250 fervoribus
816 1186 970 1250 aetherius
988 1186 1056 1265 Sol,
1230 1199 1232 1202 ’

295 1288 367 1354 Aut
383 1290 479 1353 subiti
496 1289 659 1372 perimunt
673 1288 805 1365 imbres,
821 1287 1003 1372 gelidaeque
1018 1289 1156 1372 pruinae,

295 1392 479 1475 Flabraque
494 1403 665 1456 ventorum
679 1388 820 1455 violento
836 1391 965 1456 turbine
981 1402 1112 1455 vexant.

339 1494 505 1558 Praeterea
520 1516 623 1578 genus
638 1492 833 1556 horriferum
849 1492 980 1556 Natura
995 1492 1163 1571 Ferarum,

230 1589 278 1658 220
294 1597 457 1660 Humanae
471 1597 561 1680 genti
576 1594 739 1672 infestum,
757 1606 908 1679 terraque
923 1596 1080 1679 marique,

296 1700 364 1763 Cur
380 1697 446 1775 alit,
463 1708 561 1780 atque
577 1700 697 1781 auget?
722 1719 780 1761 cur
795 1697 885 1762 Anni
899 1708 1047 1781 tempora
1062 1699 1192 1762 morbos

296 1801 507 1885 Apportant?
531 1821 632 1883 quare
648 1798 742 1863 Mors
758 1799 928 1864 immatura
941 1802 1101 1883 vagatur?

338 1903 426 1966 Tum
442 1922 542 1986 porro
559 1901 659 1977 Puer,
675 1911 713 1963 ut
729 1901 821 1964 saevis
837 1902 1004 1986 projectus
1021 1902 1174 1967 abundis
1240 1944 1241 1947 =

295 2005 427 2082 Navita,
443 2005 552 2068 nudus
566 2003 656 2068 humi
666 2004 766 2087 jacet,
781 2003 898 2081 infans,
915 2005 1045 2089 indigus
1060 2005 1146 2069 omni

231 2122 278 2168 225
294 2108 396 2173 Vitnli
411 2106 542 2184 auxilio,
559 2129 632 2171 cum
647 2107 785 2190 primum
800 2107 833 2170 in
846 2104 974 2170 luminis
991 2129 1064 2170 oras

296 2210 440 2276 Nixibus
456 2231 498 2273 ex
513 2207 584 2272 alvo
600 2209 711 2272 matris
725 2218 843 2273 natura
856 2201 1021 2293 profudit3

290 2313 481 2397 Vagituque
495 2311 603 2377 locum
617 2309 750 2396 lugubri
763 2311 915 2396 complet,
930 2322 968 2375 ut
983 2334 1112 2395 aequum
1127 2312 1177 2388 ’st,
1231 2390 1236 2402 1

292 2416 355 2479 Cui
371 2426 497 2479 tantum
511 2415 545 2478 in
559 2414 625 2478 vita
640 2425 743 2478 restet
757 2415 895 2478 transire
910 2413 1075 2478 malorum.

291 2518 339 2582 At
353 2519 451 2582 variae
467 2528 619 2581 crescunt
633 2515 796 2593 Pecudes,
813 2514 982 2594 Armenta,
998 2516 1176 2600 Feraeque3

227 2635 274 2681 230
290 2621 365 2685 Nec
377 2617 574 2704 crepitacula
588 2618 636 2682 eis
653 2618 727 2702 opu’
738 2628 824 2695 sunt,
841 2640 901 2682 nec
917 2619 1066 2701 cuiquam
1075 2618 1264 2683 adhibenda
1276 2620 1319 2684 ’st

291 2721 398 2787 Almae
414 2720 547 2785 nutricis
562 2718 683 2784 blanda
698 2730 796 2804 atque
811 2718 949 2783 infracta
964 2718 1111 2803 loquela:

293 2824 367 2887 Nee
382 2824 486 2886 varias
502 2832 653 2905 quaerunt
667 2821 800 2886 Vesteis
815 2844 876 2905 pro
893 2834 1037 2906 tempore
1054 2821 1148 2887 Coeli.

294 2924 449 3008 Denique
465 2946 530 2987 non
547 2923 656 2988 Armis
673 2946 755 3010 opus
770 2935 833 3000 est,
851 2947 913 2987 non
930 2925 1100 2989 Moenibus
1116 2923 1200 3001 altis,

294 3027 398 3100 Queis
415 3049 474 3090 sua
488 3036 647 3103 tutentur,
663 3026 796 3110 quando
811 3028 959 3091 omnibus
976 3029 1082 3092 omnia
1095 3027 1185 3112 large

229 3143 276 3190 205
293 3129 407 3194 Tellus
423 3130 495 3215 ipsa
508 3130 605 3215 parit,
621 3140 801 3213 naturaque
817 3129 943 3194 daedala
958 3153 1075 3194 rerum.

337 3234 514 3318 Principio,
530 3233 682 3318 quoniam
697 3232 816 3297 Terrai
831 3256 961 3318 corpus,
978 3244 1011 3298 et
1026 3233 1167 3310 Humor,

293 3336 523 3423 Aurarumque
537 3336 625 3402 leves
640 3338 766 3415 animae,
782 3336 942 3423 calidique
957 3337 1120 3423 Vapores,

241 3523 295 3570 222.
307 3523 449 3586 Apportunt]
459 3527 594 3586 Importont,
603 3524 743 3582 Lambinus,
777 3523 853 3572 codd
875 3527 926 3572 Nec
945 3524 1086 3586 crepitacula
1104 3525 1137 3570 ela
1157 3535 1214 3581 opus
1230 3526 1273 3577 000,
1292 3529 1319 3568 et

206 3583 277 3644 infra,
295 3604 317 3635 v.
335 3587 389 3638 370.
424 3592 474 3636 Aut
489 3593 560 3638 aliam
574 3594 676 3652 quamvis
693 3593 741 3637 010-
776 3589 880 3637 rectius:
912 3589 1020 3646 Plautus,
1044 3590 1120 3637 Puero
1144 3602 1199 3648 opus
1221 3592 1257 3633 est
1283 3589 1319 3633 01-

207 3652 258 3698 dam
269 3650 401 3714 importare
410 3656 499 3713 pericli,
778 3657 835 3701 bum.

241 3716 295 3761 223.
317 3716 374 3761 Tum·
389 3718 457 3776 porro
474 3717 544 3776 Puer,
556 3715 612 3779 etc]
630 3718 688 3764 Ver.
704 3718 740 3764 18.
807 3717 862 3765 236.
880 3718 1006 3778 Principio,
1019 3713 1199 3778 quoniamae]
1218 3713 1316 3777 Depul-

206 3778 274 3826 aliud
290 3778 365 3825 habes
376 3791 562 3841 argumentum
579 3782 600 3829 si
614 3781 658 3829 Dii
670 3796 740 3828 mun·
775 3781 809 3830 sis
819 3782 851 3829 iis
865 3781 1013 3844 praeJudiciis
1024 3797 1078 3842 quae
1095 3779 1232 3828 Stoicorum
1244 3778 1316 3826 vani·

207 3843 265 3892 dum
282 3841 404 3901 fecissent,
423 3843 510 3892 melior
528 3845 590 3893 foret
609 3845 743 3902 hominum,
777 3855 814 3894 tas
834 3854 877 3894 aut
894 3845 961 3907 vulgi
978 3845 1119 3908 superstitio
1138 3843 1249 3907 opinioni
1264 3858 1318 3892 ωε

142 3964 147 3973 ¹
207 3923 279 3971 quarn
296 3906 399 3955 aliorum
416 3907 557 3956 animalium
574 3907 695 3957 conditio:
720 3919 745 3957 at
777 3918 932 3974 opposuerat,
948 3924 971 3957 v.
992 3911 1028 3957 12.
1046 3911 1092 3957 boo
1109 3908 1316 3972 mododisputat3

207 3972 279 4036 longe
291 3971 404 4029 deterior,
415 3980 440 4019 et
449 3971 470 4019 si
479 3987 530 4018 rem
540 3972 618 4035 ipsam
625 3974 743 4031 attendas,
777 3990 833 4022 cunr
845 3989 873 4021 eu
889 3972 922 4020 sit
939 3982 1026 4021 natura
1042 3974 1117 4022 totius
1129 3989 1182 4035 quae
1199 3972 1316 4036 partium,

207 4037 286 4087 brutis
298 4035 593 4100 parensvidetnrnatura,
605 4036 745 4086 bominibus
778 4049 802 4086 et
822 4038 978 4086 observemus
1000 4039 1085 4086 mundi
1107 4048 1197 4102 partes,
1216 4047 1317 4096 terram,

207 4117 318 4152 noverca.
777 4103 822 4151 viz.
843 4117 937 4165 aquam,
958 4104 1045 4159 adrem,
1065 4113 1090 4150 et
1109 4103 1191 4164 ignem
1211 4102 1318 4150 subinde

241 4169 295 4216 225.
311 4168 384 4215 Vitali
394 4162 493 4227 auxilio]
508 4165 546 4212 lta
556 4164 676 4222 Muretus,
685 4165 743 4213 dum
777 4166 873 4224 mutari,
895 4165 1025 4227 aliquando
1047 4166 1158 4224 diminui,
1181 4175 1205 4214 et
1226 4166 1318 4216 deinde

207 4232 277 4280 codd.
288 4233 353 4281 01001.
776 4230 857 4282 refici:
879 4228 1009 4278 dicendum
1027 4240 1064 4277 est
1080 4239 1155 4278 totam
1172 4247 1317 4295 compagem

241 4298 296 4345 23⁰.
318 4299 368 4346 Nec
387 4297 528 4358 crepitacula
548 4298 581 4342 eis
602 4295 651 4355 opu'
676 4293 742 4355 sunt]
777 4295 933 4358 essepariter
945 4293 1078 4343 mortalem.
