2872 4852
445 213 616 279 LIBER
647 213 952 279 SECUNDUS.

259 372 361 448 ,Quae
374 372 470 448 bene,
487 381 520 435 et
535 371 651 436 eximie
667 371 811 453 quamvis
827 370 974 455 dispbsta
989 370 1146 451 ferantur,

232 473 347 557 Longe
364 483 439 537 sunt
453 481 561 537 tamen
577 495 596 536 a
611 493 687 537 vera
702 473 827 538 ratione
843 472 983 556 repulsa.

167 584 214 631 ⁶45
273 576 388 639 Omnis
405 577 490 639 enim
504 597 564 659 per
580 598 615 640 se
631 573 753 639 Divum
767 585 884 640 natura
897 597 1032 641 necesse
1048 575 1088 640 'st

231 676 406 743 Immortali
421 699 490 742 aevo
507 699 631 741 summa
645 699 719 742 cum
733 698 815 762 pace
830 677 968 754 fruatur,

232 781 363 846 Semota
376 803 395 843 a
410 780 530 843 nostris
542 781 654 856 rebus,
671 780 882 864 sejunctaque
897 778 1011 864 longe:

231 883 319 949 Nam
333 883 459 967 privata
472 882 584 948 dolore
599 884 696 960 omni,
712 884 839 966 privata
853 881 995 966 periclis,

231 986 309 1070 Ipsa
324 986 390 1048 suis
406 983 531 1068 pollens
548 985 677 1069 opibus,
693 983 773 1048 nihil
789 984 898 1068 indiga
914 987 1028 1062 nostri,

167 1101 214 1148 650
233 1089 306 1152 Nec
321 1089 404 1151 bene
417 1088 601 1171 promeritis
617 1087 755 1171 capitur,
771 1109 832 1151 nec
847 1088 991 1170 tangitur
1005 1089 1064 1151 ira.

274 1189 382 1255 Terra
396 1189 527 1273 quidem
539 1212 617 1254 vero
631 1199 722 1254 caret
738 1189 823 1252 omni
838 1199 983 1273 tempore
1000 1189 1125 1254 Sensu:

231 1292 301 1356 Sed
314 1293 390 1375 quia
405 1290 578 1354 multarum
592 1292 716 1375 potitur
733 1291 916 1355 Primordia
931 1313 1050 1369 rerum,

232 1393 341 1457 Multa
354 1393 459 1456 modis
475 1393 584 1457 multis
599 1393 696 1458 effert
710 1393 875 1456 inlumina
890 1392 977 1456 solis.

232 1494 300 1560 Hic
316 1496 343 1558 si
357 1496 430 1579 quis
446 1494 543 1559 Mare
558 1496 763 1581 Neptunum,
779 1496 997 1579 Cereremque
1012 1518 1127 1561 vocare

169 1611 216 1657 655
232 1598 417 1662 Constituet
432 1596 571 1681 Fruges,
587 1609 621 1663 et
637 1598 761 1663 Bacchi
775 1600 902 1663 nomine
919 1600 1009 1664 abuti

232 1699 369 1778 Mavolt,
385 1723 482 1783 quam
498 1700 620 1766 Laticis
635 1702 804 1786 proprium
818 1700 965 1786 proferre
981 1723 1155 1767 vocamen:

231 1802 456 1868 concedamus
471 1814 509 1868 ut
524 1803 577 1868 hic
592 1814 751 1868 terrarum
767 1805 895 1870 dictitet
909 1804 1036 1870 Orbem

232 1905 317 1969 Esse
334 1905 444 1970 Derim
459 1905 614 1983 Matrem,
631 1907 709 1970 dum
724 1929 760 1971 re
774 1929 840 1970 non
856 1908 897 1970 sit
912 1916 1019 1971 tamen
1037 1924 1127 1991 apse.

275 2007 371 2091 Saepe
386 2009 496 2092 itaque
512 2030 555 2071 ex
569 2029 637 2072 uno
652 2009 827 2072 tondentes
843 2010 989 2094 gramina
1003 2028 1118 2093 campo

168 2120 216 2169 666
235 2109 407 2193 Lanigerae
421 2108 566 2193 pecudes
581 2119 615 2173 et
631 2109 802 2192 Equorum
818 2109 957 2175 duellica
972 2109 1093 2194 proles,

236 2211 451 2295 Buceriaeque
466 2233 583 2295 greges
600 2212 662 2275 sub
676 2212 792 2276 eodem
807 2213 947 2297 tegmine
964 2211 1049 2288 coeli,

235 2311 291 2376 Ex
306 2335 436 2396 unoque
453 2313 538 2376 sitim
554 2313 705 2376 sedantes
722 2313 854 2377 flumine
869 2316 976 2396 aquai,

234 2413 393 2478 Dissimili
408 2415 519 2479 vivunt
535 2415 655 2499 specie,
672 2416 877 2500 retinentque
893 2424 1064 2499 parentum

234 2516 407 2594 Naturam,
423 2527 457 2581 et
472 2538 577 2580 mores
593 2518 771 2602 generatim
787 2540 926 2601 quaeque
940 2516 1124 2581 imitantur:

169 2632 216 2680 665
232 2618 342 2683 Tanta
356 2620 396 2683 ’st
411 2621 444 2683 in
459 2619 573 2704 quovis
589 2641 709 2705 genere
725 2619 850 2683 Herbae
866 2619 1020 2684 Materiai

235 2707 410 2786 Dissimilis
425 2722 528 2785 ratio:
553 2731 643 2786 tanta
658 2721 698 2785 ’st
713 2722 746 2785 in
762 2720 909 2786 Flumine
924 2743 1065 2806 quoque.

276 2823 352 2888 dam
367 2846 444 2888 vero
459 2824 604 2908 quamvis
620 2824 814 2888 animantem
829 2846 871 2888 ex
886 2825 1035 2888 omnibus
1050 2847 1147 2888 unam

182 3002 237 3049 646.
261 3003 317 3054 Qun
329 3004 390 3058 bene,
404 3008 428 3048 et
443 2999 537 3064 erinis]
557 2999 687 3063 Ingenium
719 3015 810 3063 genera
819 2999 846 3048 in
858 3001 931 3049 rebus
942 3000 1045 3064 singulis
1058 3001 1172 3060 inveniri,
1193 3018 1215 3050 v.
1234 3018 1258 3066 g.

150 3066 280 3114 Poetarum
292 3065 408 3128 agnoscit,
426 3080 478 3113 rem
495 3065 574 3130 ipsam
590 3065 686 3127 rejicit3
719 3065 746 3112 in
757 3064 845 3113 iisdem
861 3065 951 3124 herbis,
969 3065 995 3113 in
1013 3066 1097 3114 eadem
1114 3083 1183 3131 aqua,
1205 3083 1261 3130 quoe

150 3131 208 3194 quid
228 3130 295 3178 enim
314 3131 386 3178 beata
402 3130 453 3178 otio
473 3142 565 3178 aeterno
586 3130 688 3178 numina
720 3145 776 3178 cum
788 3130 904 3190 alimento
921 3130 971 3178 sint
987 3140 1036 3179 tam
1055 3131 1129 3180 variis
1148 3132 1259 3180 animan-

150 3205 235 3254 terras,
242 3195 348 3254 colonos,
356 3211 414 3243 arva
422 3204 448 3243 et
454 3205 549 3258 segetes
556 3196 686 3242 curarent?
720 3195 781 3242 tium
798 3195 937 3257 generibus,
954 3195 1031 3256 equis,
1047 3196 1131 3254 bobus,
1150 3210 1196 3244 etc.
1215 3212 1258 3244 ne-

150 3261 258 3308 Vocibus
277 3262 391 3322 Neptuno,
412 3262 501 3316 Cerere,
521 3261 619 3317 Baccho,
643 3274 688 3322 pro
721 3275 788 3307 cesse
800 3259 833 3307 sit
843 3260 911 3307 varia
925 3260 1067 3307 contineant
1082 3260 1260 3324 principiorum

150 3326 223 3383 Mart,
236 3328 323 3388 Segete,
338 3327 403 3382 Vino,
415 3324 451 3372 uti
463 3324 528 3382 licet,
540 3333 566 3372 at
578 3324 646 3372 Deos
657 3339 689 3372 ne
721 3338 819 3387 genera,
831 3339 886 3385 quse
897 3323 1001 3391 singulis
1012 3325 1232 3373 accommodentur.

151 3390 236 3453 lingas.
755 3388 810 3434 660.
828 3390 948 3450 Duellica]
968 3387 1073 3444 Bellica;
1099 3398 1127 3437 ut
1144 3392 1260 3449 Duellun,

183 3455 238 3501 645.
250 3455 328 3500 Omnis
339 3456 398 3499 enim
407 3469 450 3515 per
461 3469 492 3509 se,
499 3451 556 3515 etc]
570 3451 689 3500 Mollissi·
722 3451 828 3499 Bellum.

151 3534 192 3566 ma
203 3517 320 3581 Epicurei
338 3517 386 3564 Dei
405 3518 497 3580 Imago,
514 3526 542 3564 ut
558 3516 688 3580 languidus
754 3516 809 3564 661.
827 3516 989 3579 Bueerr'aeque]
1002 3518 1142 3581 Buceroeque
1153 3535 1197 3569 seu
1208 3521 1260 3568 Bu·

152 3583 208 3640 otio,
221 3592 249 3630 ut
260 3581 363 3645 supinus
374 3584 453 3643 jacet:
471 3582 502 3629 rb
517 3578 632 3644 μακάριον
649 3580 689 3630 nul
721 3598 845 3643 ceraeque,
855 3581 912 3636 alii3
930 3579 1050 3644 Βούκερως
1061 3583 1162 3633 enimet
1173 3581 1259 3634 Βουκέ-

152 3647 279 3711 dedamur,
290 3647 345 3694 othe
354 3646 412 3694 ciri
421 3645 550 3710 πράγματα
559 3644 619 3708 ἔχει,
632 3647 689 3695 obre
720 3664 776 3710 paos
787 3645 884 3710 legitur,
895 3655 920 3694 at
929 3645 1051 3710 Βουκέρως
1060 3648 1150 3698 frustra
1176 3665 1260 3698 uteres.

152 3713 221 3773 ἄλλῳ
239 3709 300 3774 παρέ
321 3729 348 3768 ει,
367 3712 430 3760 ὥστε
451 3712 507 3759 οὔτε
527 3711 615 3775 ὀργαῖς,
633 3712 689 3760 ollre
755 3711 810 3760 663.
827 3714 979 3775 Retinentque
999 3713 1132 3777 parentum]
1154 3666 1261 3770 dudam

150 3775 233 3841 χάρισι
244 3794 289 3826 συν
301 3791 381 3839 xerat·
392 3778 419 3825 ὲν
430 3775 582 3839 &terri-yde
596 3776 645 3824 πᾶν
660 3775 689 3824 rb
721 3776 790 3824 codd.
803 3781 916 3825 retinente
925 3785 1029 3839 parente,
1040 3779 1056 3826 i.
1070 3795 1090 3827 e.
1103 3779 1190 3828 tellure
1201 3779 1261 3828 reti·

150 3844 266 3891 τοιοῦτον.
312 3841 434 3905 Epicurus
465 3841 496 3890 sd
527 3841 688 3890 Menaeceum.
722 3844 1005 3891 nentesuamnaturam:
1022 3843 1262 3908 quonibilineptins.

151 3907 212 3963 Quis
232 3908 306 3956 talem
325 3907 470 3972 principem,
492 3906 543 3955 imo
564 3905 689 3955 hominem
755 3908 810 3958 667.
828 3907 1014 3971 Janverqere]
1027 3908 1107 3957 Priori
1118 3917 1263 3972 argumento

152 3987 200 4020 non
213 3971 333 4037 despuat?
722 3971 796 4030 aliud,
809 3988 831 4020 v.
844 3973 866 4019 4.
877 3971 1015 4020 connectit:
1033 3973 1100 4029 Quin
1118 3974 1192 4022 etiam
1208 3988 1263 4036 quae

184 4036 240 4086 654.
257 4037 306 4086 Hic
317 4040 338 4086 εἰ
349 4034 413 4100 quit]
426 4038 490 4085 Hr'nc
501 4045 527 4085 et
542 4039 585 4085 lule
601 4039 690 4099 nquit,-
723 4036 936 4085 accommodantur
954 4036 997 4085 uni
1016 4036 1144 4086 Animanti
1163 4051 1263 4085 necesse

154 4100 204 4149 aiii.
723 4110 762 4150 est
787 4116 906 4164 generum
934 4101 1013 4150 adbuc
1041 4102 1264 4152 diversissimorum

188 4166 243 4214 659.
260 4169 324 4229 Saepe
335 4169 421 4229 itaque,
433 4165 489 4229 eta]
503 4165 586 4215 Finita
596 4169 691 4230 Magna
723 4166 780 4224 sint,
798 4183 854 4215 cum
871 4166 938 4215 varia
958 4167 1032 4216 variis
1049 4167 1126 4232 ipsius
1144 4164 1263 4240 partibus,

154 4230 241 4278 Matris
255 4245 352 4295 pompa,
370 4231 400 4279 ud
417 4231 558 4280 institutum
573 4231 645 4290 redit,
666 4241 692 4280 et
723 4230 809 4289 Venis,
822 4231 971 4288 Visceribus,
984 4231 1080 4291 Nervis,
1094 4230 1204 4287 Ossibus,
1217 4237 1263 4278 etc.

155 4294 268 4358 secundo,
286 4311 309 4343 v.
328 4297 350 4342 8.
370 4297 458 4358 probat
480 4296 548 4345 varis
569 4296 691 4346 seminum
724 4305 875 4360 coaptentur.
