2872 4852
226 251 291 314 248
608 250 653 315 Τ.
686 251 960 316 LUGRETII

246 418 294 464 265
313 406 469 490 Undique
485 404 648 471 declarat:
673 408 731 472 sed
747 410 885 492 primum
900 408 1057 492 quicquid
1072 407 1183 492 Aquai
1218 406 1244 420 ”’

311 507 465 585 Tollitur,
481 509 515 572 in
531 532 718 594 summaque
734 510 784 587 fit,
800 521 837 574 ut
852 509 932 574 nihil
947 511 1076 574 Humor
1092 513 1249 590 abundet,

315 610 440 675 Partim
455 613 545 696 quod
560 611 657 675 validi
672 623 838 679 verrentes
855 634 987 696 aequora
1003 614 1092 676 venti

312 713 527 790 Deminuunt,
544 715 709 798 radiisque
726 724 877 777 retexens
893 713 1048 778 aetherius
1064 713 1142 792 sol;

312 815 436 879 Partim
452 816 540 900 quod
557 817 672 879 subter
686 837 747 900 per
762 825 866 878 terras
881 816 1005 879 diditur
1020 817 1162 894 omneis;

246 927 295 978 270
314 917 508 982 Percolatur
522 919 607 982 enim
623 920 721 995 virus,
738 930 891 1002 retroque
906 929 1053 982 remanat

310 1020 469 1084 Materies
485 1020 654 1097 Humoris,
671 1031 705 1084 et
721 1021 763 1084 ad
779 1031 879 1105 caput
894 1021 1041 1084 amnibus
1057 1021 1160 1084 omnis

310 1123 487 1201 Convenit;
511 1124 587 1187 inde
604 1146 704 1208 super
719 1134 823 1187 terras
839 1123 912 1186 fluit
926 1123 1053 1206 agmine
1069 1120 1168 1199 dulci,

310 1224 386 1298 Qua
401 1227 453 1288 via
467 1235 556 1290 secta
571 1225 670 1289 semel
684 1225 807 1309 liquido
822 1226 908 1309 pede
922 1224 1039 1289 detulit
1056 1225 1171 1289 undas.

352 1327 444 1391 Abra
458 1350 543 1392 nunc
559 1329 658 1411 igitur
673 1328 789 1404 dicam,
807 1329 862 1411 qui
878 1350 1015 1411 corpore
1031 1336 1101 1391 toto

241 1440 290 1492 att
309 1428 591 1494 Innumerabiliter
606 1433 713 1513 privas
729 1440 872 1493 mutatur
887 1431 921 1493 in
935 1427 1046 1492 horas

310 1531 448 1617 Semper
463 1533 548 1596 enim
563 1532 783 1616 quodcunque
798 1532 871 1595 fluit
887 1532 928 1595 de
945 1532 1056 1608 rebuS,
1072 1531 1107 1594 id
1122 1553 1215 1595 omne

307 1633 408 1698 Aeris
423 1636 458 1698 in
473 1657 625 1718 magnum
640 1635 744 1698 fertur
760 1656 865 1698 mare:
890 1635 946 1719 qui
962 1634 1023 1697 nisi
1039 1644 1153 1699 contra

309 1735 457 1819 Corpora
472 1737 632 1800 retribuat
647 1738 757 1815 rebus,
773 1749 964 1821 recreetque
979 1736 1142 1813 fluenteis,

308 1837 429 1900 Omnia
441 1838 510 1922 jam
525 1838 669 1902 resoluta
684 1839 804 1916 forent,
820 1849 853 1904 et
868 1841 901 1902 in
915 1840 1006 1902 Aera
1022 1860 1133 1903 versa:

243 1949 291 1994 ²80
310 1941 413 2004 Haud
428 1940 527 2024 igitur
542 1950 649 2004 cessat
663 1941 754 2025 gigni
768 1942 810 2005 de
825 1942 937 2019 rebus,
954 1951 987 2006 et
1004 1942 1037 2004 in
1051 1963 1104 2005 res

308 2042 472 2106 Recidere
487 2043 629 2119 assidue,
646 2043 798 2126 quoniam
812 2042 915 2106 fluere
933 2043 1039 2106 omnia
1054 2054 1191 2107 constat.

354 2145 484 2229 Largus
499 2145 576 2208 item
590 2143 704 2228 liquidi
719 2145 791 2208 fons
807 2145 945 2223 luminiS,
962 2145 1117 2209 aetherius
1134 2145 1191 2209 Sol

309 2246 434 2332 Inrigat
449 2248 579 2311 assidue
594 2246 712 2312 coelum
728 2249 870 2312 candore
886 2249 1019 2322 recenti,

309 2350 571 2435 Suppeditatque
588 2372 671 2415 noro
687 2350 858 2414 confestim
872 2349 992 2414 lumine
1006 2349 1132 2428 lumen;

244 2465 293 2511 285
311 2453 400 2517 Nam
415 2453 553 2537 primum
569 2453 724 2537 quicquid
740 2452 875 2536 fulgoris
891 2452 1028 2536 disperit
1042 2453 1094 2530 eii,

309 2555 515 2639 Quocunque
531 2555 665 2618 accidit:
690 2554 724 2617 id
737 2553 813 2618 licet
828 2553 903 2619 hinc
918 2576 1115 2638 cognoscere
1130 2556 1249 2639 possis,

307 2657 410 2729 Quod
426 2655 518 2719 simul
535 2679 572 2720 ac
587 2657 726 2740 primum
741 2657 845 2720 nubes
862 2657 1039 2720 succedere
1055 2655 1123 2720 Soli

307 2758 462 2841 Coepere,
479 2769 513 2822 et
528 2759 637 2821 radios
652 2759 737 2822 inter
753 2760 846 2842 quasi
862 2781 1012 2843 rumpere
1028 2758 1120 2834 lucis,

240 2900 243 2904 ι
261 2854 264 2857 ’
307 2857 486 2942 Extemplo
500 2859 634 2922 inferior
650 2883 726 2943 pars
741 2860 860 2924 horum
875 2861 1013 2945 disperit
1028 2862 1141 2938 omnia,

240 2973 290 3022 290
308 2960 479 3044 Terraque
494 2960 708 3037 inumbratur,
725 2984 790 3045 qua
805 2962 904 3026 nimbi
919 2986 1048 3047 cunque
1063 2962 1231 3041 feruntur3

306 3063 354 3127 Ut
369 3085 484 3127 noscas
499 3062 675 3147 splendore
691 3085 775 3128 novo
791 3085 842 3127 res
860 3087 988 3150 semper
1001 3088 1110 3150 egere,

306 3166 353 3230 Et
369 3167 507 3250 primum
519 3166 643 3250 jactum
658 3165 793 3250 fulgoris
809 3189 970 3252 quemque
986 3170 1111 3252 perire;

217 3293 220 3298 ·
306 3269 379 3335 Nec
393 3271 517 3333 ratione
533 3268 596 3331 alia
610 3291 663 3332 res
679 3291 776 3353 posse
791 3270 824 3332 in
839 3269 907 3334 sole
922 3272 1036 3346 videri,

305 3370 473 3456 Perpetuo
488 3372 521 3434 ni
537 3372 725 3456 suppeditet
739 3371 821 3437 lucis
837 3382 936 3457 caput
950 3374 1066 3457 ipsum.

140 3486 148 3496 '
216 3488 219 3548 j
238 3484 286 3531 295
347 3473 436 3546 Quin
452 3473 549 3537 etiam
564 3485 723 3539 nocturna
739 3476 808 3553 tibi,
826 3476 993 3539 terrestria
1009 3498 1083 3559 quae
1099 3488 1186 3553 sunt,

216 3613 218 3621 ·
304 3573 454 3652 Lumina,
471 3576 651 3659 pendentes
669 3575 808 3659 Lychni,
825 3576 985 3662 claraeque
1001 3579 1145 3642 coruscis

250 3807 305 3855 265.
323 3810 369 3856 Sed
376 3812 475 3870 primum
492 3812 612 3874 quiequid]
630 3811 751 3874 Quidque,
820 3814 874 3860 281.
892 3815 976 3861 Fluere
987 3818 1062 3862 omnia
1073 3812 1174 3876 constat]
1187 3813 1273 3878 Supra,
1284 3814 1328 3863 lib.

217 3881 246 3920 ut
254 3887 319 3935 saepc
330 3873 397 3930 alias,
415 3883 439 3922 et
451 3890 472 3921 v.
486 3877 540 3922 285.
568 3879 629 3924 Nam
646 3875 753 3938 primum
788 3877 832 3925 tv.
846 3893 868 3926 v.
882 3879 937 3924 228.
967 3880 1328 3941 Necmorqneerequt‘ert‘nter

216 3935 331 4000 quicquid
334 3935 539 4000 fulgerisdr'sperr‘t
545 3943 582 3987 er'r‘.
601 3940 753 3988 ltemvaot.
788 3944 859 3990 datar
870 3945 918 3990 allo
924 3945 1021 4002 fluendi.

215 4010 219 4016 '
251 4001 306 4050 268.
326 4001 452 4064 Retexens]
468 4002 597 4061 Ἀναλύων,
615 4002 753 4061 rorandum
821 4009 875 4054 283.
893 4006 998 4070 Irrigat]
1012 4009 1053 4056 Sol
1069 4008 1135 4056 euim
1146 4008 1202 4071 sons
1217 4007 1327 4058 luminis.

217 4066 349 4116 resolvens.
788 4070 844 4119 vid.
859 4087 880 4120 v.
894 4071 948 4119 661.
961 4082 987 4119 et
997 4072 1038 4120 lib.
1053 4073 1097 4120 lv.
1110 4090 1133 4122 v.
1147 4073 1202 4123 376.

249 4130 305 4180 272.
327 4133 425 4195 Agmine
442 4130 517 4194 dulei]
534 4133 623 4194 Agmen
639 4148 684 4196 pro
700 4142 754 4182 cetu
820 4136 875 4186 287.
894 4138 1018 4184 Suecedere
1030 4137 1090 4200 Sat]
1108 4137 1233 4200 Virgilius,
1251 4137 1326 4186 Geor.

217 4205 244 4245 et
254 4199 324 4244 dueta
336 4196 440 4259 quodam
453 4211 545 4260 ponere
561 4212 611 4244 non
628 4196 754 4262 inelegans
788 4199 840 4248 Ill.
858 4202 907 4248 Aut
913 4206 970 4248 tecto
977 4208 1081 4250 armetur
1088 4205 1179 4250 coluter
1186 4201 1326 4261 succedere,

217 4269 262 4309 est
291 4261 332 4320 Ut,
342 4263 401 4310 Lenr'
406 4265 464 4324 fluit
474 4261 571 4324 agmine
586 4264 663 4309 Tibris
670 4281 678 4316 ,·
698 4263 753 4310 Ma·
786 4272 809 4311 et
827 4267 919 4312 umbra.
950 4265 1027 4324 Idem,
1044 4265 1086 4314 lib.
1107 4267 1152 4314 lv.
1181 4269 1258 4328 Atque
1276 4270 1327 4316 atto
1406 4293 1411 4303 ·

215 4325 320 4384 crebius,
333 4327 412 4375 Sator.
425 4327 472 4376 vl.
485 4341 537 4390 cap.
550 4328 572 4373 4.
786 4329 916 4376 succedere
927 4331 989 4377 eoelo.
1311 4367 1319 4384 ‚
