2872 4852
540 215 582 280 T.
616 214 885 279 LUCRETII

244 368 343 434 Alma
355 369 482 447 Venus,
499 370 573 434 coeli
588 373 701 436 subter
716 371 858 435 labentia
875 371 966 454 signa

247 472 333 546 Quae
348 494 436 536 mare
451 473 649 556 navigerum,
667 497 740 558 quae
755 484 859 538 terras
875 472 1116 563 frugiferenteis

246 573 481 651 Concelebras3
505 596 564 658 per
579 574 631 638 Te
646 575 797 658 quoniam
812 596 915 658 genus
932 597 1025 640 omne
1041 576 1238 642 animantum

214 689 228 734 5
246 676 447 760 Concipitur,
464 676 601 760 visitque
615 688 765 741 exortum
779 676 899 741 lumina
915 677 1009 741 solis:

246 777 309 854 Te,
326 777 412 854 Dea,
429 787 462 841 te
477 776 606 861 fugiunt
620 779 718 854 venti,
736 788 767 842 te
783 777 894 842 nubila
909 779 993 856 coeli,

246 879 499 963 Adventumque
515 890 624 944 tuum:
649 881 709 945 tibi
724 881 850 945 suaveis
865 880 994 945 daedala
1009 880 1104 946 tellus

247 982 425 1046 Summittit
438 981 555 1060 flores;
578 983 637 1048 tibi
651 983 760 1046 rident
775 1004 908 1066 aequora
922 984 1026 1067 ponti,

245 1082 478 1168 Placatumque
494 1085 576 1148 nitet
591 1083 712 1148 diffuso
726 1084 845 1148 lumine
861 1084 990 1149 eoelum.

198 1196 228 1244 ιο
246 1186 334 1250 Nam
348 1186 442 1249 simul
457 1209 495 1251 ac
512 1186 635 1270 species
649 1184 813 1269 patefacta
827 1187 868 1250 ’st
882 1209 981 1250 verna
996 1186 1071 1263 diei,

246 1288 294 1352 Et
308 1297 452 1352 reserata
467 1290 553 1372 viget
566 1286 749 1372 genitabilis
765 1310 843 1351 aura
858 1287 1000 1365 Favoni;

244 1389 356 1455 Aeriae
372 1391 510 1474 primum
525 1389 673 1454 volucres
686 1399 730 1466 te,
748 1389 846 1466 Diva,
863 1401 1018 1474 tuumque

158 1585 204 1617 nec
216 1568 357 1626 Memmius,
369 1568 409 1616 cui
420 1568 466 1615 hoc
479 1568 584 1616 Carmen
602 1567 693 1625 scribit,
727 1565 873 1615 animalibus
885 1567 970 1615 Venus
981 1564 1180 1614 concelebrasset.
1210 1565 1266 1614 Vid.

157 1633 245 1682 studiis
251 1632 519 1697 philosophicisvacare
525 1631 617 1694 potuit)
623 1647 695 1694 quam
727 1631 768 1678 lib.
782 1631 826 1679 1v.
839 1646 861 1679 v.
873 1633 930 1679 413.

157 1697 200 1746 illa
211 1713 225 1746 a
237 1712 281 1746 ιιιο
293 1698 375 1746 Marte
390 1696 461 1744 facile
477 1695 626 1758 impetraret
662 1697 696 1744 Et
733 1704 737 1712 “
760 1697 783 1743 4.
803 1694 963 1757 Concelebras]
978 1697 1109 1751 Oommooec,
1119 1693 1208 1742 Nonio.
1223 1699 1266 1743 Co-

157 1762 202 1810 hac
214 1762 367 1810 invocatione
379 1759 477 1824 Physici
489 1761 579 1818 Poetae,
591 1769 615 1808 et
627 1760 694 1823 Epi·
728 1759 930 1822 licetfrequentac,
939 1758 1065 1807 Lambino.
1091 1758 1131 1806 Sic
1138 1759 1209 1808 ovid.
1220 1760 1265 1807 IV.

157 1826 225 1875 curei
247 1826 322 1874 etiarn
343 1824 493 1889 Philosophi,
507 1824 633 1887 (quicquid
653 1824 695 1873 alii
729 1824 830 1872 Metam.
843 1841 865 1873 v.
882 1826 921 1872 45.
956 1823 1052 1872 Clarius
1070 1838 1135 1880 vero,
1154 1826 1268 1885 repleret

156 1885 284 1953 sentiant)
296 1898 380 1966 partes
395 1891 471 1953 probe
488 1897 513 1937 et
529 1889 616 1937 decore
628 1889 693 1952 agit3
728 1905 823 1938 exornas
834 1893 900 1938 uaria
912 1892 1062 1938 animantium
1066 1886 1166 1950 foetura.
1202 1891 1267 1936 Celo·

156 1954 245 2016 irridet*
263 1971 329 2003 enun
349 1955 407 2003 dum
426 1954 531 2012 invocat,
551 1962 576 2002 et
592 1963 620 2002 ut
641 1970 695 2002 raro
729 1957 866 2003 irritantem
878 1955 943 2019 apud
955 1953 1114 2015 Antiquiores
1125 1952 1190 2001 idem
1202 1955 1268 2015 quod

156 2021 235 2084 magis
245 2019 341 2078 bellam,
354 2019 388 2068 sic
402 2034 526 2082 nunqnam
542 2019 620 2082 magis
636 2035 693 2084 pro·
720 2018 839 2081 frequens,
857 2018 897 2068 via
913 2020 983 2077 bona,
1001 2021 1146 2080 celebrisque,
1164 2018 1217 2066 Cat.
1236 2018 1268 2066 de

156 2085 252 2134 brosam
261 2085 367 2133 Veneris
379 2092 403 2132 et
414 2084 503 2132 Martis
511 2084 642 2146 imaginem
654 2083 693 2131 in·
727 2099 753 2131 re
765 2084 863 2142 rustica,
876 2084 891 2131 l.
906 2085 926 2132 1.
954 2084 1033 2132 Locus
1045 2082 1161 2146 quaeritur
1172 2085 1269 2132 celebria

155 2149 289 2212 veniemus.
324 2149 406 2198 Nimis
418 2157 499 2198 autem
511 2157 596 2212 argute
609 2148 645 2213 pii
657 2148 692 2197 vi·
727 2165 758 2196 an
775 2150 901 2197 desertus?
926 2149 1036 2213 Scriptor
1053 2147 1084 2195 ad
1103 2147 1267 2206 Herennium,

155 2214 245 2264 dentur
256 2213 305 2274 isti,
317 2214 359 2277 qui
370 2215 470 2263 Poetam
482 2216 633 2262 Providentia
644 2213 693 2261 ini·
726 2213 768 2269 lib,
779 2214 815 2262 11.
834 2214 890 2261 Vid.
899 2214 916 2261 l.
926 2214 961 2261 II.
970 2229 991 2261 v.
1001 2214 1055 2261 345.
1064 2221 1088 2259 et
1099 2210 1114 2259 l.
1123 2213 1153 2259 V.
1162 2228 1184 2260 v.
1196 2214 1267 2261 1380.

155 2278 299 2342 quissimum
310 2279 335 2328 vi
350 2280 462 2342 quadam,
479 2294 523 2328 seu
540 2277 622 2343 potins
637 2277 693 2327 lusu
759 2280 781 2325 5.
799 2277 911 2342 Lumina]
923 2280 1027 2336 Lumine,
1040 2277 1114 2326 MSS.
1126 2276 1223 2325 frustra

155 2344 272 2393 Numinis
283 2354 394 2393 coactum
409 2360 462 2393 esse
478 2344 564 2392 volunt
580 2359 652 2407 opem
668 2357 694 2393 et
759 2342 781 2395 7.
793 2342 1265 2406 Adventumquc]Adventuque,Na.etB.

154 2409 273 2458 auxilinm
285 2425 299 2458 a
310 2409 471 2458 famosissima
483 2409 538 2457 Dea
553 2409 692 2472 implorare.
712 2411 766 2456 'Ad
773 2409 1064 2472 centumque,annebur;
1077 2405 1171 2466 curiose
1178 2406 1264 2455 nimis:

154 2473 209 2535 Nec
219 2475 392 2532 minusoticsi,
405 2474 446 2536 qui
458 2474 582 2523 Venerem
600 2474 694 2522 Hortos
725 2473 765 2521 hic
777 2475 850 2532 enim,
865 2477 897 2522 Te
913 2477 1076 2535 adventumque
1093 2479 1163 2529 tuum,
1184 2479 1212 2520 ut
1233 2474 1267 2521 Te

153 2541 252 2587 curasse
268 2539 405 2595 observant,
421 2537 524 2600 ideoque
542 2538 693 2602 aptissimam
727 2546 832 2600 tuumque
842 2542 931 2595 initum,
944 2554 966 2586 v.
982 2540 1018 2584 12.
1031 2546 1056 2584 et
1070 2537 1106 2582 13.

153 2599 228 2649 fuisse
238 2601 375 2665 Epicureis,
389 2602 524 2649 Hortornm
535 2601 630 2659 incolis,
643 2602 690 2650 Pa·
759 2603 822 2650 lbid.
840 2601 952 2662 Dordalo]
972 2600 1098 2648 Daedalam
1115 2613 1130 2644 a
1146 2600 1266 2650 varietate

154 2672 266 2720 tronam;
283 2674 326 2713 ant
342 2665 458 2728 mysteria
475 2666 557 2713 nescio
574 2681 629 2728 quae
646 2667 692 2714 sub
724 2680 807 2713 rerum
816 2665 906 2713 dictam
914 2679 966 2712 esse
976 2664 1041 2727 apud
1050 2663 1192 2712 Lucretium
1202 2667 1266 2714 Ter-

154 2728 260 2786 Venere,
279 2729 368 2787 Marte,
385 2729 461 2787 Coelo,
477 2737 523 2777 etc.
541 2730 617 2777 latere
635 2745 691 2778 sen·
724 2744 777 2777 ram
795 2728 866 2777 facile
884 2737 921 2776 est
938 2727 1083 2790 intelligere,
1102 2742 1157 2776 cum
1178 2731 1267 2780 Graece

154 2792 231 2841 tiunt:
249 2793 304 2842 ista
313 2809 384 2856 nugae
396 2793 494 2841 sublimi
504 2803 529 2841 et
539 2793 629 2842 fastoso
641 2795 691 2842 Lu·
726 2792 863 2842 tarditatem
874 2792 995 2855 significet
1007 2792 1107 2840 variare.
1135 2795 1225 2843 Festus.

153 2856 224 2906 cretii
252 2857 352 2920 ingenio
383 2857 494 2920 improbe
524 2858 691 2914 conveniunt;
759 2860 780 2905 8.
804 2857 943 2918 Summittr't]
968 2859 1050 2918 Effert,
1070 2859 1186 2919 producit,
1207 2877 1265 2921 pro-

153 2921 270 2986 mysteria
281 2933 392 2970 veterum
403 2937 453 2970 non
465 2922 546 2970 minus
557 2938 629 2984 quam
642 2924 691 2971 ne·-
725 2931 789 2970 creat
796 2943 805 2978 ,·
822 2921 974 2970 summittere
987 2921 1051 2969 enim
1064 2932 1102 2970 est
1113 2921 1143 2969 de
1155 2927 1197 2971 sub
1208 2929 1265 2973 mit-

152 2986 269 3050 ligionem
281 2994 480 3051 contempserunt
492 2986 621 3050 Epicurei:
640 2988 692 3036 Cic.
726 2995 781 3044 tere,
793 2987 828 3034 sic
844 2988 910 3050 apud
923 2986 992 3049 Virg.
1013 2990 1113 3049 Corpora
1130 2993 1192 3036 saltu
1208 2993 1264 3038 sub-

153 3051 184 3100 de
194 3052 251 3099 Nat.
262 3052 336 3100 Deor.
343 3051 385 3099 lib.
399 3052 418 3099 l.
429 3060 486 3100 sect
497 3054 535 3098 38.
562 3052 610 3099 Sed
618 3052 691 3100 istam
718 3051 807 3113 jr'cr'unt
823 3055 848 3099 in
866 3069 940 3113 equos,
957 3052 973 3099 i.
991 3068 1012 3099 e.
1030 3052 1119 3102 tollunt
1134 3054 1161 3100 in
1179 3069 1264 3116 equos.

153 3115 299 3229 sapientiam
323 3115 424 3173 Nardio,
448 3119 549 3178 ejusque
571 3116 691 3165 similibus
726 3117 765 3164 lta
778 3116 866 3164 tenella
878 3116 956 3173 arbor,
969 3119 1016 3165 Sub
1032 3121 1121 3180 ingenti
1139 3123 1221 3166 matria
1239 3137 1265 3169 se

151 3197 178 3230 re
190 3181 325 3245 'nquamus
358 3182 457 3229 Abeant
472 3180 545 3228 etiam
561 3181 689 3229 Gramma·
723 3180 817 3243 subjicit
829 3185 909 3229 umbro
916 3202 925 3236 ,·
942 3181 957 3228 i.
968 3197 988 3229 e.
1002 3197 1054 3229 sese
1066 3183 1162 3231 attollit.
1198 3185 1265 3233 Item

151 3246 194 3295 tici
206 3263 262 3296 cum
273 3262 318 3296 sua
329 3246 426 3294 Venere
439 3248 566 3303 Genetrice,
582 3245 630 3293 nisi
647 3261 691 3293 ex·
724 3245 789 3308 apud
806 3246 877 3294 anr.
889 3245 905 3293 l.
916 3247 961 3294 Vl.
975 3262 996 3295 v.
1011 3246 1065 3297 700.
1094 3251 1264 3310 Sauoquesut·

151 3310 260 3361 istimare
272 3311 348 3361 velint
358 3310 500 3360 Lucretium
509 3319 559 3358 tam
572 3310 691 3358 Divinum
717 3310 828 3372 jectore;
846 3311 861 3358 i.
875 3327 895 3358 e.
908 3310 934 3358 in
946 3312 1022 3359 altum
1040 3312 1185 3360 extrudere:
1204 3313 1262 3362 Vid.

152 3390 213 3435 esse,
225 3386 253 3425 ut
265 3377 388 3426 Venerem
405 3376 463 3424 olim
480 3392 495 3424 a
511 3375 578 3424 Julio
594 3376 690 3423 Caesare
724 3374 798 3422 etiam
810 3375 824 3422 l.
840 3376 859 3423 l.
871 3392 893 3423 v.
909 3377 961 3424 194.
973 3376 990 3423 l.
1004 3376 1040 3424 II.
1053 3393 1075 3424 v.
1088 3376 1143 3427 673.
1154 3378 1169 3425 l.
1182 3378 1227 3426 Vl‘.
1239 3395 1262 3427 v.

151 3439 199 3489 isto
222 3441 294 3489 titulo
316 3442 504 3490 consecrandam
525 3440 576 3490 fore
594 3442 690 3502 conjec-
725 3440 778 3487 818.
808 3439 848 3488 Sic
859 3440 875 3488 1.
890 3442 909 3489 l.
923 3458 945 3490 v.
965 3443 1035 3489 1032.
1065 3443 1188 3490 Summissa
1203 3460 1263 3505 gens

151 3513 221 3553 taret.
257 3506 333 3554 Poeta
355 3515 407 3554 erat
430 3505 566 3563 Lucretius,
587 3504 690 3568 ideoque
724 3509 869 3554 animantum.
908 3507 963 3561 Quo
980 3506 1006 3553 in
1026 3506 1080 3554 loco
1099 3513 1143 3570 pro'
1161 3507 1262 3570 ingenio

150 3584 200 3616 non
213 3570 322 3633 neglexit
333 3570 400 3633 leges
410 3586 460 3618 suae
471 3569 531 3618 artis
543 3570 688 3634 Epicureus,
722 3585 836 3634 moreque
859 3586 902 3619 suo
925 3571 1030 3636 turpiter
1050 3580 1116 3619 errat
1135 3573 1262 3636 interpres

150 3633 253 3697 ideoque
261 3635 347 3699 patriae
355 3635 524 3698 superstitioni
533 3635 634 3683 subdole
646 3636 688 3683 ob·
722 3635 809 3698 Fayus.

150 3699 274 3761 sequiturr
292 3700 333 3762 qui
345 3699 415 3763 plura
426 3699 520 3762 quaerit,
532 3699 649 3758 inveniat,
665 3709 690 3747 et
722 3703 724 3706 ⁴
755 3701 777 3748 9.
795 3699 930 3762 Pleuratum]
955 3698 1013 3757 Alii,
1038 3709 1153 3761 pacatum,
1179 3702 1262 3751 minus

149 3763 258 3812 inventis
267 3765 379 3827 gaudeat
722 3765 791 3812 bene.

157 3876 160 3880 .
183 3829 205 3876 2.
218 3828 511 3890 Almo]Sancta,pulclrra,
520 3830 599 3878 Festo.
616 3828 687 3888 Aliis,
756 3830 792 3876 10.
811 3827 946 3893 Patefacto]
962 3827 1086 3890 Calesoctu,
1100 3832 1127 3878 B.

150 3891 434 3956 laeta‚soecunda,grato:
452 3910 497 3957 ego
512 3898 609 3958 benigna
626 3895 686 3942 mal-
718 3911 721 3916 ·
756 3895 792 3942 ll.
813 3893 964 3955 Genitobr'lir]
988 3894 1060 3952 Aliis,
1081 3899 1199 3958 genitalis,
1229 3899 1259 3945 G.

148 3957 212 4014 lem;
224 3974 273 4006 vox
280 3958 345 4007 enim
355 3958 403 4006 ista
411 3959 527 4022 exprimit
534 3959 594 4007 alias
603 3975 687 4008 omnes
720 3959 769 4007 Gif.
784 3959 857 4006 MSS.
887 3959 936 4006 Sed
947 3973 996 4005 non
1008 3959 1069 4007 tanti
1084 3970 1134 4008 est:
1156 3960 1202 4008 hoc
1219 3977 1258 4009 se·

149 4021 252 4070 virtutes
264 4022 375 4081 Veneris,
387 4038 447 4085 quas
458 4038 508 4072 non
520 4023 601 4076 minus
614 4039 687 4086 quam
720 4024 768 4071 mel
780 4023 903 4071 monuisse
915 4039 995 4098 operae
1003 4024 1110 4086 pretium
1118 4025 1199 4083 fuerit,
1211 4025 1258 4075 hu.

148 4085 331 4136 foecuntlitatem
342 4088 453 4135 intuetur
464 4088 601 4136 Lucretius.
716 4091 757 4151 jus
774 4088 858 4136 formae
875 4103 974 4136 nomina
991 4087 1117 4152 utriusque
1135 4090 1259 4152 significa·

146 4158 164 4175 '⁴
183 4151 245 4200 lbid.
263 4154 347 4201 Sutter
358 4151 471 4214 lubentio]
485 4153 566 4201 Unam
579 4168 631 4201 esse
643 4170 685 4202 vo·
719 4153 794 4202 tionis
806 4169 867 4210 esse,
879 4153 965 4201 activae
977 4153 1038 4210 dico,
1052 4163 1077 4201 et
1087 4155 1206 4218 passivae;
1224 4156 1261 4204 ita

148 4232 202 4264 cern
215 4217 341 4265 contendit
357 4217 486 4273 Barthiua;
511 4226 593 4265 acute:
618 4219 687 4280 quasi
717 4221 841 4279 pbrcobittr
852 4217 893 4280 qui
905 4216 992 4280 placat,
1004 4226 1029 4265 et
1041 4219 1166 4281 placatum
1188 4237 1258 4281 pene-

147 4281 237 4340 stellas,
258 4298 326 4345 aeque
345 4297 372 4331 ac
389 4298 456 4330 mare
475 4291 500 4330 et
518 4293 594 4330 terras
613 4282 687 4331 variis
721 4286 813 4332 trotttir
822 4283 862 4346 qui
873 4291 992 4346 penetrat,
1006 4292 1031 4330 et
1042 4292 1191 4346 penetratur.
