2872 4852
209 223 252 289 98
590 219 632 287 T.
665 215 936 285 LUCRETII

297 376 469 460 Multaque
486 376 634 440 connecti
647 374 832 439 Terrestris
848 373 992 437 membra
1007 370 1166 436 Marinis:

296 479 385 542 Tum
401 478 560 542 flammam
574 487 661 543 tetro
676 475 847 561 spiranteis
863 496 919 538 ore
935 473 1112 538 Chimaeras

236 591 282 642 705
303 581 444 646 Pascere
460 580 623 643 Naturam
636 601 697 664 per
711 589 814 642 terras
830 576 1091 661 omniparenteis.

299 682 450 755 Quorum
464 681 509 745 nil
523 681 596 746 fieri
610 680 784 745 manifestu
798 680 856 743 ’stt
881 678 987 742 omnia
1001 679 1133 762 quando

301 784 484 848 Seminibus
500 784 597 848 certis
613 792 702 847 certa
716 783 880 866 genetrice
894 789 1003 845 creata

301 886 502 950 Conservare
518 907 621 968 genus
638 885 816 949 crescentia
830 905 927 967 posse
942 882 1099 946 videmus.

346 987 476 1052 Scilicet
490 987 524 1051 id
540 995 630 1050 certa
644 985 716 1050 fieri
731 986 857 1049 ratione
871 1006 1004 1050 necesse
1020 984 1078 1050 ‘stz

238 1101 286 1153 710
304 1089 392 1153 Nam
409 1112 467 1152 sua
482 1089 599 1171 cuique
615 1086 705 1151 Cibis
720 1109 763 1151 ex
779 1087 926 1150 omnibus
942 1088 1029 1150 intus
1045 1086 1078 1149 in
1093 1096 1185 1151 artus

304 1191 451 1275 Corpora
466 1189 658 1262 discedunt;
680 1211 890 1273 connexaque
906 1189 1144 1254 convenienteis

303 1293 460 1356 Efficiunt
474 1303 599 1355 motus:
624 1300 658 1354 at
672 1299 785 1353 contra
800 1289 904 1354 aliena
918 1291 1064 1354 videmus

303 1394 456 1480 Rejicere
474 1394 506 1456 in
521 1403 624 1457 terras
639 1391 820 1470 Naturam;
843 1391 1009 1475 multaque
1024 1392 1118 1457 caecis

304 1496 505 1580 Corporibus
520 1495 650 1578 fugiunt
664 1516 683 1557 e
698 1516 835 1578 corpore
850 1494 975 1577 percita
989 1493 1106 1578 plagiS,

242 1608 287 1660 715
306 1597 393 1670 Quae
408 1620 514 1681 neque
530 1596 678 1661 connecti
692 1596 842 1679 cuiquam
856 1605 1004 1680 potuere,
1021 1618 1127 1680 neque
1141 1596 1226 1664 intra

303 1700 441 1764 Vitaleis
456 1709 562 1763 motus
578 1698 770 1775 consentire,
787 1706 885 1782 atque
900 1699 1043 1764 animari.

349 1801 417 1866 Sed
432 1823 473 1865 ne
487 1801 571 1865 forte
585 1809 681 1884 putes
696 1798 844 1864 animalia
860 1799 928 1866 sola
942 1801 1047 1866 teneri

219 2029 366 2078 manicavit:
383 2029 455 2078 haesit
465 2045 523 2078 vero
535 2028 651 2094 deinceps
667 2027 756 2088 minus,
789 2028 813 2078 vi
826 2029 929 2092 quadam
940 2027 1129 2094 imperceptibili
1140 2027 1279 2091 ejiciuntur,
1292 2025 1331 2076 ut

219 2111 275 2142 cum
286 2095 382 2157 accepit
391 2094 470 2142 simile
485 2095 610 2158 quidpiam
627 2094 757 2157 contigisse
788 2094 862 2155 τὸμὴ
874 2094 985 2143 δύνασθαι
999 2097 1116 2156 συνῆφθαι
1131 2095 1182 2142 τοῖς
1198 2093 1246 2155 οὐχ
1262 2094 1329 2153 ὁμοι-

219 2159 370 2216 inThuscia,
383 2159 692 2222 circagallinaequusdam
707 2159 757 2206 col·
790 2157 892 2220 ογενέσι.
936 2159 1009 2214 Quod
1041 2159 1128 2207 statica
1160 2157 1331 2222 experimenta

218 2224 278 2281 lum,
291 2233 316 2272 et
333 2223 487 2272 Frontiniani
503 2224 529 2271 in
546 2223 680 2281 Occitania,
693 2223 758 2272 circa
791 2223 888 2287 egregie
899 2224 1051 2272 confirmant.

219 2288 323 2352 digitum
343 2288 477 2352 piscatoris,
496 2289 522 2336 in
542 2304 614 2351 quem
634 2304 690 2336 cum
709 2288 756 2336 im·
822 2287 877 2339 715.
895 2291 975 2351 Neque
987 2287 1062 2350 lutra]
1080 2285 1186 2342 Quidam
1201 2285 1271 2335 codd.
1288 2288 1328 2335 iu*

219 2353 328 2417 plantata
339 2353 425 2402 fuisset
441 2353 538 2418 spinula
554 2353 689 2417 scorpionis
706 2368 757 2400 ma·
790 2362 839 2402 ter:
857 2352 906 2411 alii,
919 2357 982 2401 tute:
999 2353 1081 2401 forsan
1092 2355 1148 2400 iada
1158 2351 1300 2414 legendum.

220 2418 277 2476 riui,
295 2434 335 2466 res
353 2435 382 2467 eo
402 2419 486 2478 evasit,
505 2428 533 2466 ut
551 2418 680 2481 chirurgus
699 2418 758 2466 inde
823 2416 878 2468 716.
903 2417 1025 2480 Aatmars']
1046 2417 1108 2465 Haec
1129 2426 1166 2465 est
1187 2417 1331 2478 conjectura

220 2483 333 2533 eduxerit
352 2493 402 2531 tres
422 2483 552 2547 pisciculos
572 2483 669 2546 generis
691 2498 757 2530 scor-
790 2481 904 2531 Lambini
912 2491 997 2530 contra
1005 2497 1089 2530 omnes
1097 2481 1179 2539 libros,
1188 2479 1229 2543 qui
1238 2483 1330 2529 imitari

219 2547 334 2610 pionum;
352 2563 489 2609 quanquam
501 2548 552 2595 haec
567 2547 649 2595 omnia
665 2547 707 2610 qui
718 2546 755 2595 vi·
790 2547 913 2604 exhibent,
925 2562 1042 2610 suamque
1052 2549 1224 2609 conjecturam,
1236 2559 1258 2594 v.
1273 2545 1330 2597 146.

220 2612 290 2669 derit,
303 2611 377 2659 fidem
388 2612 477 2659 habere
489 2611 603 2660 tutiorem
614 2620 702 2675 potest
789 2610 804 2658 l
818 2611 848 2659 V.
862 2619 951 2671 tuetur,
966 2614 1151 2673 Quandoquidem
1161 2617 1276 2672 suqueuut
1291 2613 1328 2658 ai-

253 2675 308 2727 705.
326 2678 424 2724 Poscere
439 2675 568 2738 Naturam]
581 2676 656 2724 Alere
672 2691 706 2733 se,
718 2675 758 2723 vel
791 2678 869 2723 taliter
886 2693 933 2724 asse
948 2681 1058 2725 animata.
1088 2677 1167 2724 Faber
1182 2673 1244 2723 dicit
1259 2689 1329 2737 quae·

220 2749 249 2788 ut
265 2740 319 2789 aliis
335 2739 422 2802 placet,
439 2748 541 2797 vastare,
559 2741 696 2802 depascere,
714 2738 756 2788 de·
790 2741 893 2788 rendum
905 2756 959 2789 esse
970 2741 1062 2803 aliquid
1073 2740 1138 2803 quod
1148 2740 1179 2788 ab
1191 2737 1233 2787 illa
1248 2738 1330 2803 scrip·

220 2820 306 2853 vorare
330 2812 404 2851 totam
428 2804 560 2860 Naturam
596 2805 689 2868 Fayus3
723 2803 758 2853 sic
791 2813 845 2852 tura
860 2809 949 2853 imitari
966 2805 1080 2870 proprius
1098 2806 1207 2860 abessen
1232 2803 1331 2853 nullum

221 2869 310 2916 omnia.
791 2878 872 2917 autem
895 2870 963 2918 videt
983 2872 1086 2920 verbum
1108 2868 1172 2932 quod
1198 2868 1332 2917 sententiae

255 2932 309 2983 709.
328 2935 420 2981 Scilicet
437 2935 463 2980 id
478 2931 618 2995 cartauc]
636 2934 700 2981 Octo
716 2933 758 2995 qui
791 2934 868 2996 magis
890 2935 1027 2992 conveniat,
1051 2944 1076 2984 et
1097 2936 1128 2983 ad
1151 2932 1227 2982 libros
1253 2948 1333 2982 mauu

221 3006 356 3061 sequuntur
372 3013 457 3046 versus
474 3013 523 3045 non
540 3007 590 3046 tam
606 2998 758 3046 constituunt
790 2997 925 3062 descriptos
941 3001 1041 3047 accedat
1056 2999 1141 3062 magis,
1155 3013 1228 3062 quam
1243 3000 1330 3061 adagi-

220 3062 344 3110 diversum
366 3072 544 3124 argumentum,
567 3078 640 3126 quam
665 3078 756 3126 praece·
791 3067 853 3119 tart,-
877 3064 898 3112 si
914 3079 972 3112 vero
1001 3064 1065 3126 quod
1082 3063 1178 3112 infinita
1194 3063 1260 3126 apud
1276 3063 1329 3111 Lu·

220 3126 301 3175 dentis
313 3126 414 3176 rationis
425 3127 585 3190 posteriorem
602 3136 697 3191 partem
713 3143 756 3175 ex·
790 3128 892 3177 cretium
905 3144 993 3192 exemp
1003 3145 1018 3177 a
1028 3127 1143 3191 suadent)
1155 3143 1240 3176 vocem
1255 3125 1332 3179 istam

220 3191 326 3256 plicant:
354 3207 393 3240 res
413 3192 478 3239 enim
497 3207 511 3240 e
530 3192 604 3240 certis
625 3191 758 3241 seminibus
790 3193 904 3242 diviseris
924 3193 1094 3242 interserendo
1116 3209 1166 3255 que,
1188 3207 1238 3240 non
1264 3191 1331 3241 male

221 3267 281 3306 ortae
301 3256 356 3306 ideo
373 3256 431 3305 dum
452 3266 571 3314 crescunt,
590 3272 668 3320 genus
687 3272 758 3305 suum
790 3258 912 3307 huiclooo
928 3258 1066 3307 consultum
1082 3257 1163 3306 fuerit.
1192 3254 1266 3320 Legit
1281 3254 1331 3319 igi·

220 3332 373 3382 conservant,
396 3337 441 3370 nec
463 3321 489 3369 in
512 3321 579 3370 aliud
600 3323 757 3385 degenerant,
792 3331 838 3381 tur,
851 3327 924 3386 adque
940 3327 1030 3386 s'gs'tart‘,
1041 3323 1058 3371 i.
1071 3339 1092 3371 e.
1103 3331 1128 3370 et
1142 3324 1269 3386 adagitari,
1285 3335 1333 3370 seu

221 3387 278 3449 quia
295 3389 390 3436 Natura
407 3403 438 3434 ex
454 3387 570 3436 alimento
586 3387 646 3435 istas
663 3395 758 3436 tantum
791 3392 879 3451 agitari
889 3392 953 3437 intra
963 3391 1045 3437 uitales
1061 3396 1140 3436 suatur.
1170 3385 1246 3435 Nulla
1261 3394 1331 3435 certe

221 3452 303 3514 seligit
313 3452 445 3515 particulas
456 3468 510 3514 quae
520 3452 566 3500 sibi
578 3462 642 3516 aptae
659 3461 683 3500 et
699 3468 758 3501 con·
792 3469 840 3502 vox
856 3453 933 3517 magis
949 3453 1048 3518 propria
1064 3467 1191 3501 occurrere
1207 3449 1293 3515 possit,
1305 3458 1333 3499 et

221 3515 347 3564 venientes
354 3526 418 3573 sunt,
427 3516 573 3579 incongruas
581 3532 638 3566 vero
645 3516 757 3576 secernit,
791 3533 863 3580 quam
875 3518 997 3567 sententia
1012 3517 1115 3582 pronius
1131 3514 1250 3565 admittat.
1280 3514 1334 3565 Sed

221 3587 246 3627 et
256 3579 349 3640 rejicit3
367 3580 424 3628 hinc
436 3581 497 3628 rami
510 3581 565 3630 vivo
576 3597 677 3644 corpore
694 3597 757 3630 nun·
790 3599 845 3631 cum
857 3583 924 3631 istud
938 3587 1021 3645 igitari
1037 3597 1086 3630 non
1102 3581 1269 3644 intelligerent
1285 3594 1332 3628 ex·

221 3659 293 3706 quam
309 3644 464 3707 egignuntur,
476 3645 591 3706 quoniam
607 3661 695 3708 corpus
711 3646 757 3695 bu·
790 3647 929 3712 scriptores,
940 3662 1012 3695 suum
1023 3647 1089 3695 istud
1105 3649 1194 3695 imitari
1208 3645 1332 3759 procude-

221 3722 321 3755 manum
343 3708 475 3770 particulas
498 3710 605 3757 materiae
632 3709 758 3758 arboribus
790 3720 855 3769 runt,
863 3712 927 3773 quod
938 3719 962 3759 et
971 3727 1057 3760 sensus
1066 3710 1167 3774 respuit,
1175 3720 1200 3759 et
1230 3708 1333 3758 atiuitas

221 3771 315 3820 alendis
334 3780 398 3835 aptae
415 3771 488 3834 ejicit,
507 3788 552 3820 nec
571 3774 597 3821 in
615 3773 759 3822 alimentum
791 3777 895 3839 probare
907 3790 956 3823 nou
985 3784 1055 3824 otest.
1085 3776 1171 3824 Faber.
1194 3776 1293 3833 Misere,
1304 3772 1334 3823 id

220 3851 328 3898 unquam
339 3834 473 3890 convertit;
491 3845 516 3884 et
529 3836 594 3885 idem
611 3838 641 3885 de
657 3837 759 3899 reliquis
792 3848 835 3897 est,
847 3843 946 3894 mouert‚·
964 3791 1100 3889 'lurnebua

221 3899 336 3948 monstris
347 3899 484 3947 dicendum.
823 3903 878 3955 717.
897 3906 943 3952 Sed
951 3922 979 3953 aa
983 3903 1048 3967 sorte
1056 3903 1137 3967 putea]
1149 3903 1222 3959 Quod
1232 3903 1263 3952 de
1275 3903 1332 3952 ani.

253 3964 308 4016 710.
337 3962 396 4025 Sua]
421 3963 606 4020 convenientia,
630 3964 743 4028 pacifica
750 3985 757 4022 ;
791 3967 895 4017 malibus
904 3968 1006 4028 dixerat,
1017 3970 1042 4018 id
1054 3985 1127 4034 porro
1139 3967 1335 4018 existimandum

220 4045 242 4079 e.
254 4045 277 4093 g.
290 4044 321 4076 ex
332 4043 396 4091 pane
407 4027 433 4075 id
449 4027 531 4076 educit
548 4029 631 4077 Homo
647 4044 692 4092 per
702 4045 757 4078 coc-
791 4031 821 4080 de
842 4033 936 4081 cateris
958 4036 1038 4092 rebus,
1057 4049 1111 4097 quae
1130 4033 1184 4097 pari
1204 4032 1276 4081 modo
1300 4049 1335 4085 ex

220 4095 311 4146 tionem
323 4093 387 4156 quod
399 4090 490 4155 speciei
506 4092 619 4141 humana
634 4095 757 4154 convenit,
790 4097 871 4155 certis,
882 4098 1030 4162 proprioque
1047 4099 1119 4147 modo
1136 4096 1261 4161 dispositis
1277 4106 1334 4147 ato·

219 4156 450 4219 caniscontraquod
458 4156 546 4205 canino
554 4157 646 4220 generi.
672 4160 755 4208 Faber.
789 4176 884 4210 morum
899 4162 1030 4225 generibus
1047 4172 1173 4212 constant:
1190 4163 1335 4213 communia

252 4223 307 4274 713.
325 4225 527 4284 Multaquacaea's,
539 4221 596 4285 etc]
610 4221 757 4285 Multaque
788 4225 847 4274 licet
866 4225 893 4273 in
916 4227 1029 4276 omnibus
1051 4227 1146 4276 semina
1167 4225 1335 4290 reperiantur,

218 4303 268 4338 non
282 4287 348 4338 vides
360 4303 373 4336 e
384 4288 500 4350 cujusque
512 4287 643 4336 animantis
653 4301 756 4351 corpore
788 4289 836 4340 alia
853 4298 936 4339 tamen
953 4300 1020 4341 certa
1036 4291 1130 4341 semina
1150 4289 1254 4354 singulis
1271 4306 1335 4356 pro·
