2872 4852
213 233 274 299 132
587 234 630 298 Τ.
662 234 933 300 LUCRETII

296 390 434 454 Nocteis
450 399 547 473 atque
563 389 634 454 dies
649 391 707 454 niti
722 399 900 474 praestante
915 390 1026 455 labore

296 491 360 556 Ad·
368 513 507 556 summas
522 513 689 578 emergere
704 494 814 578 opeis;
837 493 909 558 haec
923 491 1056 556 vulnera
1072 494 1145 556 vitae

297 595 374 658 Non
389 595 549 657 minimam
564 606 690 678 partem
706 595 827 659 Mortis
842 594 1013 659 formidine
1029 593 1177 672 aluntur;

247 708 278 755 65
298 697 422 782 Turpis
437 698 521 761 enim
536 697 647 775 Fama,
663 707 698 761 et
711 696 938 781 Contemptus,
955 708 988 760 et
1003 697 1086 761 acris
1103 696 1246 780 Egestas

296 799 428 863 Semota
444 801 486 863 ab
503 799 589 864 dulci
604 799 684 864 Vita
700 799 872 882 stabilique
888 799 1052 875 videntur,

297 901 344 965 Et
358 903 452 985 quasi
462 903 529 986 jam
546 901 646 966 Lethi
657 912 768 987 portas
785 901 967 966 cunctarier
982 913 1072 964 ante:

297 1003 395 1068 Unde
410 1004 568 1081 homines,
585 1005 663 1068 dum
679 1026 713 1068 se
730 1002 812 1067 falso
828 1013 952 1067 terrore
967 1004 1071 1066 coacti

297 1104 475 1190 Refugisse
490 1105 602 1170 volunt
616 1105 724 1190 longe,
741 1104 903 1189 longeque
918 1126 1059 1180 recesse,

248 1216 279 1269 70
298 1207 463 1291 Sanguine
478 1207 562 1273 civili
576 1231 644 1272 rem
658 1207 819 1286 conflant3
844 1207 1037 1289 divitiasque

296 1309 537 1395 Conduplicant
551 1311 647 1388 avidi,
663 1311 787 1374 caedem
801 1310 884 1374 caedi
898 1307 1150 1374 accumulantes.

297 1410 456 1476 Crudeles
469 1413 615 1497 gaudent
629 1413 662 1476 in
677 1413 762 1476 tristi
777 1411 891 1476 funere
906 1410 1050 1474 Fratris:

298 1514 345 1578 Et
361 1513 646 1599 Consanguiuedm
661 1537 789 1578 mensas
806 1514 918 1590 odere,
935 1514 1123 1596 timentque.

340 1615 506 1680 Consimili
521 1617 645 1680 ratione
661 1616 704 1678 ab
719 1602 834 1679 eodem
851 1636 938 1698 saepe
953 1616 1066 1678 timore

249 1727 279 1777 7⁵
299 1717 449 1781 Macerat
462 1717 598 1782 invidia:
623 1726 697 1781 ante
714 1716 825 1781 oculos
840 1715 929 1780 illum
943 1738 1016 1780 esse
1028 1725 1204 1800 potentem,

298 1817 391 1882 Illum
406 1818 579 1901 aspectari,
595 1816 748 1901 claroque
763 1817 914 1882 incedere
930 1815 1072 1893 honore;

297 1919 367 2004 lpsi
381 1941 416 1982 se
430 1919 464 1983 in
479 1919 622 1983 tenebris
637 1917 732 1995 volvi,
749 1939 909 2001 coenoque
924 1928 1123 2001 queruntur:

298 2020 467 2085 intereunt
481 2021 599 2106 partim
614 2029 804 2096 statuarum,
820 2029 854 2083 et
868 2020 1005 2083 nominis
1018 2042 1116 2104 ergo:

298 2122 345 2186 Et
361 2145 448 2207 saepe
463 2145 567 2207 usque
584 2124 679 2199 adeo,
697 2121 818 2186 Mortis
834 2121 1016 2207 formidine,
1032 2124 1106 2186 vitae

250 2240 280 2285 so
299 2224 444 2308 Percipit
459 2224 616 2289 humanos
632 2225 753 2302 odium,
769 2224 915 2310 lucisque
931 2226 1091 2302 videndae,

298 2328 347 2393 Ut
362 2329 423 2394 sibi
438 2329 639 2394 consciscant
654 2330 804 2394 moerenti
819 2338 953 2414 pectore
969 2327 1125 2405 Lethum,

299 2430 405 2497 Obliti
419 2432 540 2497 fontem
556 2453 706 2498 curarum
721 2430 809 2496 hunc
824 2454 896 2496 esse
912 2430 1089 2508 Timorem,

298 2533 399 2598 Hunc
413 2556 532 2598 vexare
546 2535 716 2618 pudorem,
734 2533 834 2598 Hunc
848 2531 975 2597 vincula
990 2534 1139 2597 amicitiai

298 2634 478 2721 Rumpere,
494 2647 528 2701 et
542 2637 576 2700 in
591 2659 714 2700 summa
727 2635 882 2719 pietatem
897 2645 1042 2700 evertere
1058 2633 1171 2699 fundo.

244 2820 282 2882 62..
295 2817 439 2882 Praeatante]
452 2819 492 2867 sic
503 2819 545 2866 lib.
559 2820 595 2867 ll.
608 2835 630 2867 v.
645 2821 682 2868 12.
697 2818 749 2867 Alii
784 2821 840 2872 Qua
851 2836 875 2868 ae
892 2822 1007 2867 inhonesta
1023 2821 1111 2880 optarit
1124 2833 1210 2880 parare
1224 2820 1321 2865 diuitias

211 2882 280 2931 codd.
297 2891 437 2944 perstanter
460 2882 486 2930 id
508 2893 553 2942 est,
575 2883 680 2942 assiduo,
701 2883 747 2931 im·
779 2887 864 2944 potius,
876 2900 943 2946 quarn
954 2887 978 2931 tn
992 2885 1073 2945 patria
1085 2885 1175 2930 noneste
1184 2898 1273 2944 pauper
1284 2887 1319 2929 ot-

211 2949 295 3012 probo,
308 2955 332 2995 et
343 2945 470 3012 pertinaci.
781 2963 839 2996 aere.

244 3013 283 3060 64.
296 3013 572 3075 Nanminimampartem
597 3011 690 3061 Siclib.
701 3011 747 3060 Vl.
815 3011 854 3063 76.
879 3015 990 3074 claraque
1012 3015 1117 3061 incedere
1139 3011 1233 3075 bonore]
1258 3010 1317 3069 Alii,

211 3093 234 3125 v.
254 3075 323 3128 1247.
358 3075 391 3125 Et
408 3078 497 3135 Cesar,
513 3075 555 3125 lib.
590 3077 619 3125 V.
637 3077 668 3125 de
685 3076 747 3125 Bell.
781 3080 857 3125 claras
869 3080 909 3140 pai
924 3080 1011 3126 incedit
1027 3080 1126 3132 tanora5
1144 3076 1192 3134 alii,
1205 3079 1318 3138 alarcpai

212 3141 337 3190 GallNan
345 3141 748 3206 mattumfrarnenta,aedmarinam
780 3144 882 3190 incendit
904 3145 993 3190 tanae.
1031 3142 1123 3206 Fayum
1147 3141 1210 3200 vide,
1233 3142 1318 3198 lector,

208 3215 300 3269 partem
312 3208 370 3256 lacta
381 3210 466 3255 arant.
781 3215 806 3254 et
814 3205 913 3255 ridebis.

243 3274 282 3321 at.
303 3273 386 3335 Turpis
401 3275 460 3320 anim
477 3274 557 3330 Fama,
569 3270 627 3334 eta]
642 3271 748 3326 Quidam
814 3270 852 3322 78.
871 3271 1018 3333 Stataaram]
1039 3272 1069 3319 In
1086 3271 1231 3336 quibusdam
1247 3271 1315 3318 codd.

210 3337 279 3386 codd.
295 3338 379 3399 Turpis
390 3342 448 3386 enirn
454 3335 545 3400 sermm
562 3335 745 3385 undealiiscri·
779 3338 874 3385 statuat.
892 3336 952 3394 Alii,
969 3339 1113 3387 intereuntis
1128 3339 1203 3390 factas
1220 3343 1316 3392 tantan,

211 3403 279 3460 bunt,
300 3404 384 3464 Turpia
403 3406 462 3451 crsim
475 3401 576 3465 forna,-
593 3401 643 3460 alii,
663 3404 747 3464 Turpia
779 3401 818 3450 vel
829 3404 992 3465 intereuntque
1001 3410 1140 3464 potentatus.

210 3464 362 3528 enimsarnoe:
379 3475 405 3516 at
415 3466 539 3515 codicibus
549 3465 605 3516 istis
616 3476 641 3514 et
650 3469 746 3530 conjec·
813 3466 853 3525 79,
866 3470 904 3516 80.
920 3470 980 3515 Vita
991 3470 1096 3530 Percipit
1106 3471 1214 3516 humanas
1227 3464 1317 3527 odiam]

210 3529 272 3578 turis
283 3529 370 3580 melius
382 3531 495 3580 Lambini
503 3531 630 3594 judicium,
642 3532 684 3594 qui
696 3531 747 3580 edi·
782 3533 821 3580 Ita
833 3531 964 3581 Terentius
980 3532 1006 3580 in
1024 3533 1088 3580 Eun.
1113 3534 1193 3594 Nepae
1203 3535 1263 3594 agri,
1276 3547 1315 3578 ne-

210 3594 255 3652 dit,
269 3596 508 3709 TurpisenirnAama,
521 3605 563 3645 etc.
588 3595 690 3660 Epicuri
702 3613 745 3645 au·
779 3614 821 3659 qne
843 3601 908 3645 urbia
929 3600 1003 3645 ardum
1026 3613 1060 3645 nte
1084 3613 1182 3658 anquam
1206 3598 1315 3656 percipit.

210 3667 260 3706 tem
271 3669 420 3723 preceptum
458 3661 484 3718 it,
495 3661 599 3722 εὐδοξίας
610 3661 648 3709 ἐπὶ
659 3663 745 3710 τοσοῦ·
780 3661 882 3710 Plautus
897 3661 923 3710 iu
941 3661 1105 3709 Truculento:
1131 3663 1153 3708 st
1170 3658 1317 3722 benefacere

210 3739 254 3772 raa
270 3725 426 3785 προνοεῖσθαι,
446 3725 483 3787 ἐφ’
499 3724 557 3773 ὅσον
574 3724 608 3785 μὴ
627 3734 745 3788 aarappa·
779 3729 880 3788 incaepit,
903 3725 954 3788 qus
976 3741 1026 3774 eam
1046 3728 1092 3773 cito
1112 3726 1188 3772 odiam
1207 3728 1315 3785 percipit.

211 3788 307 3836 νεῖσθαι.
780 3789 909 3839 Lucretius
920 3803 1001 3852 supra,
1014 3804 1036 3836 v.
1047 3790 1085 3836 28.
1098 3791 1145 3836 His
1153 3791 1197 3836 tibi
1205 3805 1239 3838 rna
1248 3791 1316 3837 rebar

243 3852 282 3908 68,
291 3851 329 3899 69.
338 3853 398 3899 Dum
409 3850 601 3916 re-Resagirre]
611 3852 662 3901 Alii
673 3853 742 3902 codd.
776 3857 879 3917 quadam
895 3857 974 3902 divina
994 3855 1103 3915 Voluptas
1119 3854 1231 3915 Percipit.
1266 3853 1314 3902 Ubi

210 3917 334 3981 Effugisae,
342 3925 367 3963 et
373 3931 418 4028 pro
428 3933 521 3975 rorasse,
531 3933 635 3974 ramasse,
647 3933 692 3981 pro
703 3933 742 3966 re·
777 3928 858 3966 tamen
870 3917 912 3967 alii
923 3917 1016 3981 legunt,
1025 3921 1117 3979 perciit.
1140 3917 1189 3967 Pro
1200 3921 1315 3976 humanas,

210 3981 336 4038 meavisse,
349 3996 379 4029 ve
398 3997 500 4039 remorae,
512 3980 552 4030 vel
563 3997 671 4031 remansa.
706 3985 745 4031 Me
777 3984 918 4032 Gassendus
929 3981 997 4046 legit,
1009 3986 1120 4046 ingratas.

211 4054 336 4103 autemst
352 4053 381 4102 te,
395 4053 420 4093 et
435 4062 466 4102 re,
485 4053 578 4093 veteres
596 4047 745 4110 usurpabant
810 4049 848 4096 84.
858 4050 973 4097 Pietatem
983 4045 1176 4110 enatarefimdo]
1186 4046 1314 4104 Nonnulli,

209 4106 635 4170 inmodointlnitivorupsandrras.
664 4112 745 4160 Omnes
776 4115 875 4161 sanda.-
891 4112 1009 4176 improbe.
1043 4115 1166 4169 Funditur,
1184 4111 1311 4160 Gisanius:

210 4179 308 4224 tornines
327 4179 366 4238 pat
385 4191 432 4224 rara
452 4177 544 4223 rmdent
558 4182 673 4237 prestare
691 4178 745 4223 attin
777 4178 821 4225 sed
835 4175 911 4240 janda
933 4175 1044 4240 agnoscit
1065 4175 1191 4242 Virgilius,
1215 4175 1313 4226 AEneid.

209 4242 353 4288 animalitas.
371 4239 469 4288 Sallust.
505 4239 574 4287 lstud
591 4256 639 4288 aere
667 4248 745 4288 oterat
778 4241 809 4290 X.
821 4257 844 4288 v.
858 4242 895 4288 88.
915 4243 991 4291 Nosne
1008 4243 1052 4289 titt
1062 4245 1140 4302 fluxas
1157 4245 1267 4307 Phrygia
1278 4258 1315 4290 res

210 4304 308 4354 abesse:
335 4307 417 4355 Faber.
451 4302 581 4354 Terentius
597 4303 624 4353 in
666 4304 743 4363 adria,
777 4304 942 4369 aerterssnnda
955 4309 1087 4356 Gonanar?
