2872 4852
221 258 287 323 250
601 252 645 318 T.
677 244 953 320 LUCRETII

308 411 396 476 Nam
411 409 631 495 quodeunque
646 402 724 473 alias
738 431 781 473 ex
796 431 831 473 se
846 430 899 472 res
915 417 1026 491 auget,
1043 400 1185 491 alitque,
1236 405 1240 412 “

308 513 464 579 Deminui
479 511 590 588 dehet,
607 510 747 575 recreari
762 533 835 574 eum
850 510 966 594 recipit
980 531 1045 574 res.

244 627 304 674 325,
324 626 327 630 ’
352 615 528 690 Praeterea,
546 615 573 676 si
586 611 675 676 nulla
689 612 750 677 fuit
764 612 913 697 genitalis
930 612 1023 695 origo

308 716 428 782 Terrai
441 726 475 780 et
490 714 586 792 Coeli,
604 736 796 800 semperque
811 726 934 779 aeterna
948 713 1040 778 fuere
1053 738 1061 791 3

308 819 378 884 Cur
393 839 513 902 supera
527 816 648 881 bellum
662 816 871 894 Thebanum,
888 827 922 881 et
937 817 1052 880 funera
1068 815 1191 900 Trojae,
1236 841 1238 844 ¹

309 920 389 985 Non
403 919 481 983 alias
497 918 551 983 alii
564 940 696 1003 quoque
711 941 763 983 res
780 919 927 983 cecinere
941 917 1080 982 Poetaer

311 1022 388 1095 Quo
403 1032 453 1086 tot
466 1021 551 1086 facta
566 1018 669 1084 virrim
684 1021 780 1084 toties
797 1021 968 1084 cecidere?
992 1042 1052 1084 neo
1067 1041 1204 1102 usquam

160 1135 162 1138 ⁴
244 1134 292 1183 3³0
310 1124 459 1188 AEternis
475 1123 568 1187 famae
582 1123 799 1186 monumentis
813 1122 910 1186 insita
924 1122 1067 1186 florent?

352 1225 478 1291 Verum
492 1225 541 1309 (ut
553 1226 680 1309 opinor)
692 1225 794 1290 habet
806 1227 982 1289 novitatem
998 1224 1142 1300 Summa,
1154 1233 1341 1307 recensque

310 1312 441 1391 Natura
454 1328 495 1391 'st
510 1326 642 1405 Mundi,
657 1348 765 1410 neque
781 1327 909 1410 pridem
923 1326 1060 1390 exordia
1075 1325 1173 1409 cepit.

312 1428 424 1502 Quare
440 1429 538 1493 etiam
553 1429 703 1513 quaedam
719 1450 806 1492 nunc
821 1426 922 1492 Artes
938 1426 1161 1511 expoliuntur,

309 1529 410 1595 Nune
424 1532 521 1595 etiam
536 1539 736 1615 augescunt3
759 1552 846 1594 nunc
861 1530 974 1594 addita
987 1529 1137 1614 Navigiis
1153 1537 1230 1592 sunt

244 1642 294 1693 tas
312 1632 440 1697 Multa:
462 1633 560 1696 modo
576 1632 736 1715 Organici
748 1630 879 1696 melicos
895 1653 1054 1716 peperere
1071 1653 1216 1699 sonores.

311 1735 465 1818 Denique
481 1733 612 1797 Natura
624 1732 697 1796 haec
711 1752 831 1809 rerum,
848 1732 1014 1817 Ratioque
1028 1744 1160 1817 reperta
1175 1732 1215 1796 'st
1303 1776 1306 1779 ,

311 1835 442 1919 Nuper,
457 1844 491 1898 et
505 1834 590 1899 hanc
606 1834 736 1898 Primus
752 1857 825 1898 cum
841 1836 951 1919 primis
968 1835 1046 1919 Ipse
1059 1845 1211 1919 repertus

310 1937 411 2001 Nunc
425 1959 489 2021 ego
504 1959 587 2014 sum,
601 1937 635 1999 in
650 1936 774 2021 patrias
789 1937 845 2019 qui
860 1937 982 2020 possim
996 1947 1124 2002 vertere
1139 1958 1248 2000 voces,

356 2037 457 2113 Quod
471 2039 500 2103 si
513 2037 598 2103 forte
614 2038 714 2109 fuisse
729 2037 867 2103 antehac
883 2040 998 2103 eadem
1013 2039 1119 2104 omnia
1133 2038 1260 2115 credis;

247 2147 295 2198 340
312 2139 380 2205 Sed
395 2141 532 2225 periisse
546 2139 712 2204 hominum
726 2140 863 2203 torrenti
878 2139 973 2204 saeela
987 2162 1119 2225 vapore,

311 2241 383 2307 Aut
397 2241 554 2326 cecidisse
568 2242 679 2308 urbeis
691 2263 810 2326 magno
826 2242 994 2306 vexamine
1009 2240 1141 2318 Mundi,

311 2345 383 2410 Aut
398 2346 612 2412 exrimbribus
629 2345 770 2408 assiduis
785 2342 894 2409 exisse
910 2345 1055 2428 rapaceis
1136 2389 1138 2392 ι

312 2447 378 2513 Per
393 2459 496 2512 terras
512 2445 659 2524 Amneis,
676 2457 773 2531 atque
789 2447 911 2531 oppida
925 2447 1154 2531 cooperuisse:

241 2632 314 2700 325.
342 2637 469 2694 Praeterea,
490 2639 512 2685 ei
538 2639 603 2685 nullu
624 2634 683 2699 suit,
706 2635 763 2698 eia]
796 2640 857 2684 eenti
872 2644 940 2684 etate
952 2639 1075 2696 peruenit?
1103 2636 1135 2682 Ut
1150 2649 1200 2681 ecee
1219 2634 1285 2681 Galli
1300 2637 1336 2680 ni-

226 2693 316 2747 Mundi
328 2697 430 2758 novitas,
442 2717 464 2748 v.
480 2701 517 2748 14.
530 2702 654 2763 probatur,
667 2708 718 2747 tum
733 2715 765 2748 ex
797 2707 848 2758 iem,
866 2704 902 2749 uel
918 2703 1003 2748 cultum
1019 2703 1073 2747 oleae
1090 2702 1162 2746 Roma
1173 2698 1227 2760 jum
1245 2700 1336 2746 adobr-

226 2779 263 2819 eo,
273 2764 338 2826 quod
348 2764 457 2812 historiae
468 2764 578 2812 omnium
589 2763 765 2827 antiquissimae
797 2773 860 2813 cente
871 2768 1019 2819 didicerunt5
1036 2767 1090 2812 ulie
1101 2780 1153 2812 uero
1164 2771 1244 2824 gentes
1260 2765 1338 2810 ndlruc

225 2828 343 2877 Thebano
360 2838 402 2876 aut
419 2829 526 2890 Trojano
543 2828 607 2877 bello
625 2828 764 2892 superiores
797 2832 870 2877 multa
880 2833 991 2887 nesciunt,
1003 2846 1053 2891 que
1066 2831 1131 2877 nohis
1147 2832 1239 2875 inuenta
1253 2830 1337 2888 placu-

225 2907 275 2940 non
287 2891 350 2950 sint,
364 2900 392 2940 ut
408 2908 462 2940 esse
479 2893 602 2949 deberent,
620 2893 642 2940 si
658 2893 764 2940 mundus
796 2901 870 2941 erunt.
896 2897 955 2942 Here
963 2897 1037 2941 omnio
1046 2897 1152 2941 videntur
1161 2895 1290 2940 eternitate·
1298 2907 1336 2938 re-

225 2955 295 3014 foret,
308 2971 357 3004 non
374 2955 429 3004 dieo
446 2964 559 3014 aternus,
571 2957 616 3006 sed
631 2956 709 3004 multo
720 2972 762 3004 ve·
796 2953 1337 3021 nemrepugnnre,damopinarinossueiuntcer-

226 3019 327 3077 tustior3
351 3030 403 3068 tum
421 3036 498 3069 exeo
515 3021 661 3083 quodertes
679 3019 764 3069 omne‘s
797 3024 1223 3085 romundiprineipiosingnlaqueque
1233 3023 1337 3082 coepisse.

224 3099 312 3133 recens
332 3085 475 3134 adinventas
497 3085 623 3142 habemus,
643 3085 764 3148 siquidem
830 3087 884 3133 336.
912 3090 1007 3135 Natura
1027 3091 1075 3135 lue
1094 3084 1183 3147 rernm]
1205 3085 1339 3148 Physicam

225 3159 324 3210 autores
351 3150 460 3198 omnium
487 3158 667 3205 memorantur;
700 3166 764 3209 oum,
797 3150 926 3214 inteiligit:
946 3152 1019 3215 plane
1036 3152 1121 3199 eadem
1138 3150 1233 3198 ratione
1252 3149 1336 3197 Hora·

225 3213 364 3264 simundus
376 3229 501 3277 nunquam
514 3213 634 3278 coepisset,
646 3215 764 3263 deberent
797 3215 853 3273 tius,
866 3215 908 3278 qui
919 3215 1042 3264 interdum
1055 3215 1169 3264 audacior
1181 3223 1225 3272 est,
1238 3214 1269 3261 de
1286 3214 1336 3276 Py-

225 3290 298 3338 artes‚
310 3296 337 3329 ac
348 3280 503 3344 potissimum
515 3280 572 3328 vitae
583 3279 656 3328 utiles
667 3295 764 3343 semper
797 3281 899 3343 thagora
910 3280 980 3338 dixit,
994 3281 1095 3328 Naturae
1108 3297 1152 3328 non
1168 3282 1276 3328 sordidus
1292 3295 1339 3326 uu*

225 3344 343 3393 extitisse.
379 3345 521 3394 Macrobius
543 3344 569 3392 in
593 3345 675 3393 Somn.
698 3345 763 3409 Scip.
798 3354 849 3394 tor.-
868 3345 953 3393 Faber.

225 3407 267 3456 lib.
284 3409 321 3457 11.
339 3425 391 3473 cap.
411 3413 448 3458 10.
480 3414 537 3463 Quis
553 3426 597 3457 non
613 3412 667 3457 hine
683 3414 762 3458 eristi·
829 3411 884 3457 339.
912 3412 978 3462 Quod
994 3407 1095 3470 risorie,
1112 3405 1169 3469 ete]
1192 3406 1241 3454 His
1262 3421 1338 3469 argu·

224 3480 270 3520 met
281 3477 388 3522 mundum
399 3478 532 3537 quandoque
543 3478 644 3536 coepisse,
657 3491 698 3522 nee
715 3478 762 3522 lon·
796 3474 887 3522 mentis
905 3473 1016 3522 nonnulli
1038 3471 1181 3534 Philosophi
1198 3472 1244 3518 hoo
1262 3469 1339 3518 modo

223 3553 278 3598 gun
287 3545 349 3586 retro
358 3538 426 3600 injur
437 3547 536 3596 ulman,
545 3556 596 3586 enm
608 3542 690 3586 abhinc
701 3542 765 3586 ultra
796 3538 959 3602 respondeum
978 3538 1045 3586 Olim
1057 3547 1121 3585 artes
1133 3536 1186 3584 istae
1195 3534 1338 3597 viguerunt,

225 3603 270 3648 duo
281 3608 342 3649 retro
353 3618 463 3650 annornm
473 3605 548 3650 millia
559 3606 587 3650 de
596 3605 715 3650 excellenti
726 3619 763 3650 re·
797 3618 851 3664 quae
866 3617 930 3650 nunc
949 3602 1044 3657 florent,
1057 3602 1100 3649 sed
1116 3599 1246 3662 aliquando
1262 3598 1339 3661 ignis,

225 3679 276 3710 rum
285 3673 404 3725 gestarum
414 3672 521 3714 memoria
534 3682 562 3713 ne
576 3669 658 3714 Groeeu
674 3670 764 3727 quidem
797 3665 927 3728 aliquando
939 3682 1001 3728 aqua
1012 3665 1110 3723 delevit,
1121 3665 1160 3713 vel
1173 3673 1244 3712 terra
1255 3672 1341 3711 motus

225 3731 399 3776 erietbirloriu
429 3733 491 3778 Nam
502 3747 573 3792 supra
586 3729 765 3790 Ninum,uquo
796 3729 879 3777 hausit
888 3731 1022 3778 humanum
1030 3746 1122 3793 genus:
1140 3729 1198 3776 inde
1205 3731 1257 3790 jam
1267 3743 1341 3775 novae

225 3794 358 3840 Semiramis
379 3797 501 3841 secundum
527 3797 634 3854 quosdam
662 3796 766 3840 ereditur
798 3794 913 3842 videntur
932 3794 1002 3842 nobis
1023 3803 1048 3842 et
1067 3802 1185 3842 recentes.
1223 3792 1279 3840 Hoc
1298 3807 1340 3840 re·

222 3863 353 3918 procreata,
365 3859 424 3903 nihil
432 3860 570 3918 praclarum
582 3861 607 3904 in
619 3860 690 3904 libros
703 3861 764 3906 rela-
798 3874 915 3922 sponsum
929 3868 1054 3921 retorquet
1071 3859 1153 3916 Poeta,
1166 3874 1188 3907 v.
1204 3859 1240 3904 13.
1271 3857 1341 3905 Nam

226 3929 274 3968 iun
286 3926 327 3968 eri.
361 3922 387 3967 Si
398 3924 457 3968 enim
469 3924 499 3968 ab
510 3924 585 3979 initio,
597 3925 641 3968 imo
653 3928 706 3968 anie
717 3925 763 3969 ini·
797 3924 881 3970 orbem
892 3923 1024 3987 aliquando
1035 3923 1132 3986 ignibus
1144 3931 1279 3986 perustum,
1292 3920 1340 3968 ali-

225 3988 283 4034 tium
284 3981 337 4045 suit
342 3986 447 4041 mundus,
456 3992 482 4031 ut
491 3985 624 4045 Philosophi
632 3987 716 4042 uolunt,
723 4003 765 4033 eur
797 3987 894 4048 quando
906 3989 974 4051 aquis
987 3990 1108 4044 obrutum,
1121 3995 1164 4035 aut
1175 3996 1247 4034 terrae
1264 3985 1340 4036 moti-

222 4066 266 4112 ρον
276 4050 477 4097 innumerabilium
488 4052 569 4096 seriem
581 4052 706 4096 seculorum
721 4066 765 4098 non
797 4052 842 4099 bus
852 4051 977 4116 diruptum
987 4068 1059 4100 nemo
1068 4067 1142 4100 sanus
1150 4061 1269 4099 aeternum
1282 4050 1340 4098 dix-

218 4113 302 4176 suerui
313 4115 397 4170 cultus,
409 4129 453 4175 quo
464 4129 524 4160 nune
535 4116 629 4170 utimur,
641 4117 765 4162 inuentus?
797 4116 858 4163 erit:
876 4115 932 4164 ideo
941 4117 1008 4164 enim
1019 4116 1144 4164 hominem
1155 4114 1260 4163 dicimus
1270 4130 1341 4162 mor-

225 4181 279 4227 Non
299 4180 418 4226 literurum
439 4193 501 4233 usur,
522 4193 565 4238 quo
585 4178 633 4225 eolo
654 4182 765 4226 memoria
799 4180 881 4237 talem,
900 4181 1016 4241 quoniam
1037 4180 1087 4228 illis
1106 4179 1198 4228 morbis
1220 4187 1343 4238 tentatur,

219 4241 466 4304 fulcituraeternitar?
483 4242 634 4302 Gurdenique
643 4244 767 4291 multarum
799 4244 878 4307 quiin
890 4243 950 4292 alios
961 4244 1131 4294 vehementius
1142 4243 1280 4293 incidentes
1296 4259 1343 4293 eos

225 4323 303 4357 rernm
319 4310 461 4370 crpulentior
477 4308 510 4355 ud
525 4307 616 4368 aliquos
630 4313 711 4367 genter
728 4323 765 4354 re·
799 4307 959 4356 abstulerunt.
