2872 4852
1199 36 1202 39 “
1242 36 1275 53 U

482 231 682 287 RICARDI
707 231 943 288 BENTLEll.
1209 239 1260 296 ³57

152 371 245 417 Omnes
254 370 327 417 MSS.
337 369 599 434 Ingeniaqaeroptime.
615 372 629 396 ‘⁶
639 370 691 417 Cur
724 378 776 418 tum
802 370 953 419 soloecismus
972 371 999 419 in
1027 372 1110 420 oculos
1136 371 1261 420 involabit

152 433 258 491 omnia,”
276 435 317 492 ait,
336 437 407 482 “tem
419 435 571 498 ingeniosius
582 435 692 482 moribus
725 434 791 496 [dam
803 432 893 497 suerit]
919 435 1009 498 alioqui
1032 436 1188 484 scribendum
1209 445 1262 483 erat

153 508 178 546 et
190 507 277 547 natura
289 508 313 547 et
324 499 406 547 indole
416 516 489 563 genus
500 515 571 548 suum
582 499 692 547 referunt
726 497 902 562 [Jamfuerr‘nt]
915 500 1010 548 homilli
1024 501 1124 549 scilicet
1159 502 1260 549 Fauen.

153 578 225 625 quam
237 568 338 625 eorpuu's
349 564 459 612 iormdt”
478 563 532 612 Lib.
548 565 568 612 l.
582 565 636 612 592.
649 563 690 612 lib.
728 565 787 622 lmo,
800 567 854 612 lane
860 562 945 624 suerit,
958 581 1047 629 nempe
1059 569 1165 614 Fructus.
1201 566 1260 613 Pro·

154 629 191 676 ll.
204 629 258 676 664.
268 629 309 676 lib.
320 630 350 676 V.
364 644 386 676 v.
400 630 454 676 895.
722 639 783 693 pert.
804 629 839 676 ll.
860 631 897 677 12.
919 632 953 678 Tu
971 634 1042 687 mado,
1059 633 1112 677 dum
1128 634 1189 685 licet,
1202 634 1261 678 laune

186 693 233 744 763
246 692 689 757 Nectamdoctus—corporetoto]
722 694 828 741 iructum
849 710 877 741 ne
898 696 975 743 desere
992 694 1056 742 vitae.
1092 696 1160 743 Bene
1179 695 1262 757 igitur,

154 757 224 806 Dele.
722 761 845 807 Homultir.
881 759 967 808 Brevis
984 759 1024 807 hic
1041 769 1079 807 est
1095 762 1188 808 fruetus
1208 759 1258 822 [vi-

186 823 234 874 794
254 825 353 871 Tandem
363 823 390 870 in
402 823 501 886 eodem]
520 827 629 876 Quande.
723 823 767 884 tae]
779 823 901 871 homullis.

187 889 234 936 863
252 889 393 951 Interrupta
401 888 476 936 semel
484 904 539 936 cum
549 888 690 950 sitrepeten-
757 888 805 935 954
823 888 928 950 Vitaque
944 888 970 936 in
993 891 1124 952 offensa'et:
1148 904 1191 937 cur
1209 904 1261 936 arn-

154 955 189 1001 tia
203 952 295 1015 nostra]
315 954 345 1008 Q.
364 969 384 1000 c.
406 957 546 1008 retinentia,·
566 962 591 1001 et
607 968 692 1000 omnes
723 952 789 1016 plius
807 952 897 1000 addere
917 953 1018 1017 quaeris]
1037 956 1130 1004 Omnes
1145 953 1214 1001 codd.
1227 952 1261 1016 os-

153 1017 223 1065 codd.
239 1021 331 1071 nostrl,-
351 1017 415 1080 quod
430 1018 601 1065 rectissimum.
636 1017 692 1064 Vox
718 1016 793 1079 senso.
829 1018 1001 1073 Democritum
1018 1015 1263 1082 ’Auonpoucnrll'piu

154 1083 556 1194 1101000001ΐο
583 1081 691 1194 {nili
725 1080 1261 1204 ‘²’iiiiii?”iiii-‘⁹'2iid‘lwiii

152 1163 217 1272 polis
237 1181 314 1258 dnitli
333 1162 496 1275 repletentiam
512 1163 622 1272 perdidissem,
638 1210 654 1258 i.
673 1226 693 1258 e.
726 1164 771 1259 ldau
779 1181 918 1268 ledarudren
931 1166 1064 1272 ‘ruoddrud
1073 1165 1189 1260 97179νῖ1
1235 1165 1250 1195 a

156 1272 301 1334 &eddanum
326 1290 383 1322 narn
400 1275 465 1323 infra
488 1275 695 1332 ait-obliuionem
761 1276 806 1323 961
828 1276 1036 1340 anlasipergas
1047 1276 1152 1324 vivendo
1165 1276 1264 1324 vincere

154 1342 695 1402 prioremnullampati.-prioramreminiscere·
728 1339 809 1401 raeela]
823 1342 897 1388 Secta
908 1356 940 1389 sc.
953 1344 1072 1399 lominum,
1085 1356 1134 1389 non
1146 1357 1262 1390 annorum.

146 1408 213 1452 ··tiam
231 1421 274 1452 nan
291 1407 515 1467 trabere—priorum
532 1405 695 1468 repetentiam
728 1405 777 1452 Sed
789 1405 844 1459 vide
856 1421 878 1453 v.
893 1407 963 1453 1103.
998 1407 1064 1468 Ergo
1075 1421 1135 1469 cape
1144 1405 1175 1453 de
1184 1405 1263 1452 omni-

156 1472 268 1517 detrahit.
727 1470 772 1517 bus
792 1469 870 1518 saeclis
891 1485 1017 1528 annorum,
1039 1486 1115 1534 usque
1139 1470 1169 1518 ad
1191 1469 1264 1532 hujus

190 1536 237 1581 885
256 1535 307 1582 Aut
318 1534 538 1595 flammisinteryiat‚
550 1534 652 1583 malisve
659 1535 694 1582 ie·
727 1534 812 1582 muudi
823 1535 932 1583 exitium.

157 1599 252 1660 rarum]
267 1602 377 1660 interfiat,
385 1599 462 1657 idest,
472 1599 693 1658 interficiatur-rut,
760 1599 808 1649 970
836 1600 885 1647 Sed
908 1600 965 1662 quia
987 1616 1084 1664 semper
1111 1614 1175 1658 aves,
1200 1601 1264 1662 quod

155 1664 283 1727 patefacio,
295 1665 392 1728 patefio.
726 1666 801 1722 abest,
822 1665 952 1728 prasentia
970 1665 1072 1728 temnis]
1092 1665 1263 1720 Democritus;

189 1730 237 1776 900
255 1730 375 1792 Stansque
384 1731 514 1790 jacentem,
527 1744 572 1776 nec
584 1728 693 1787 lacerari,
726 1727 930 1789 Ἀνοήμονεετῶν
941 1727 1062 1778 ἂπεόντων
1078 1728 1211 1793 ὀρέγονται·
1232 1730 1265 1779 τὰ

156 1793 225 1842 urive
238 1794 326 1857 datore]
344 1793 478 1842 Lambinus
489 1793 596 1857 corrigit,
610 1796 692 1841 dolere.
726 1793 753 1842 δὲ
775 1792 900 1854 παρεόντα,
919 1793 959 1842 nal
982 1792 1159 1858 παρῳχημένων
1181 1797 1263 1857 κερδα-

157 1859 211 1921 Ego
222 1858 257 1906 sic
267 1869 344 1908 totum
357 1859 467 1916 emendo,
485 1861 598 1921 Stansque
608 1859 692 1921 jacen·
726 1858 833 1921 λεώτερα
844 1857 922 1917 ἐόντα,
935 1857 1116 1919 mardasan.

157 1931 228 1972 tem..
239 1959 245 1972 .
255 1926 536 1980 .laeerariurtue‚dolere.
546 1958 551 1971 .
563 1958 568 1971 .
578 1924 693 1972 tntum:
760 1924 808 1974 979
830 1924 883 1971 Nec
901 1935 991 1973 tartara
1007 1927 1094 1974 decidit
1110 1924 1176 1988 atra]
1194 1925 1224 1980 Q.
1242 1940 1263 1974 c.

156 2004 197 2036 nee
208 1989 277 2036 abest
287 1988 313 2036 in
325 1989 393 2037 codd.
407 1989 481 2037 MSS.
624 1990 627 1999 ’
727 1992 798 2045 dedit,
811 2005 833 2051 q.
846 1991 946 2038 deditur.

189 2054 236 2101 001
254 2057 316 2102 Nan
325 2054 345 2102 si
357 2053 383 2101 in
395 2063 472 2101 morte
483 2051 619 2114 malum’st]
638 2054 694 2100 Ma·
761 2054 809 2101 984
833 2053 938 2115 Vitaque
955 2054 1086 2117 mancupio
1103 2053 1165 2101 nulli
1185 2052 1264 2114 datur,

156 2117 207 2174 lim,
223 2121 286 2174 Tum,
299 2118 338 2166 vel
350 2121 411 2166 Jam.
729 2117 841 2165 omnibus
864 2118 923 2181 usu]
947 2118 975 2166 P.
1000 2119 1088 2182 Syrus:
1118 2121 1192 2167 Homo
1212 2123 1265 2167 uita

190 2182 693 2244 903-9060rd0‚lgnibusirnpositurnca·
728 2184 885 2238 commodatus,
904 2200 948 2230 nan
971 2186 1067 2231 donatae
1090 2191 1131 2231 est.
1171 2183 1263 2232 Arnob.

159 2250 213 2302 lidia
220 2254 342 2294 torrescere
343 2249 450 2306 fiammis,
463 2249 512 2292 Aut
519 2249 543 2292 in
554 2249 696 2293 metieritum
729 2246 766 2294 ll.
786 2246 840 2293 Usu
857 2255 879 2294 et
897 2250 945 2294 illis
961 2256 995 2295 est
1012 2252 1060 2295 uita
1079 2265 1122 2295 nan
1143 2247 1265 2312 mancipio

158 2306 274 2371 suffocari,
291 2319 358 2372 atque
375 2315 451 2373 rigere
474 2313 584 2372 Urgerr‘ae
600 2326 696 2372 superne
729 2313 824 2358 tradita.
859 2311 945 2374 Eurip.
964 2307 1224 2394 Supplicibusr‘00eu
1240 2311 1264 2360 ἕ-

159 2378 268 2422 abtritum
281 2378 380 2436 pendae
399 2383 467 2422 terra
484 2377 588 2438 Frigore,
604 2391 656 2422 cum
672 2379 697 2422 in
730 2392 820 2423 καστον
843 2372 875 2424 εἷς
897 2376 926 2424 τὸ
949 2379 1001 2436 σῶμ
1030 2374 1137 2437 ἀφίκετο,
1159 2376 1265 2426 ’amant

160 2456 243 2487 summa
252 2442 327 2502 gelidi
338 2443 408 2488 cubat
418 2455 506 2501 aquare
518 2443 576 2487 sani.
729 2438 829 2497 ἀπῆλθε,
839 2441 931 2499 πνεῦμα
937 2439 982 2501 μὲν
989 2440 1047 2503 πρὸς
1058 2439 1143 2502 αἰθέρα,
1153 2440 1186 2488 ’19
1198 2444 1266 2502 σῶμα

192 2506 238 2552 911
257 2505 389 2552 Praesidio:
402 2504 483 2561 miser,
494 2507 506 2550 0
518 2503 603 2567 miser]
622 2504 695 2567 Lego,
729 2505 749 2551 δ’
760 2502 792 2552 εἰς
803 2507 858 2564 γῆν·
875 2505 927 2553 οὔτι
937 2505 985 2567 γὰρ
995 2504 1130 2565 κεκτήμεθα
1138 2504 1267 2567 Ἥμέτερον

160 2573 189 2618 alr
202 2589 211 2624 ,·
229 2569 347 2627 Catullus,
360 2571 434 2617 Mirer
444 2570 476 2616 ah
487 2573 556 2617 mirer
569 2572 697 2618 Concubine
730 2567 795 2625 αὐτὸ,
806 2568 872 2627 πλὴν
883 2571 1003 2628 ἐνοικῆσαι
1017 2569 1078 2626 βίον·
1096 2569 1205 2634 Κᾷπειτα
1220 2571 1266 2629 τὴν

159 2638 269 2683 nuceeda.
282 2634 401 2692 Tibullus,
411 2637 488 2682 Donec
497 2635 527 2681 ah
537 2637 696 2689 miserarium
730 2632 849 2696 θρέψασαν
866 2635 924 2683 αὐτὸ
941 2637 979 2682 δεῖ
992 2637 1084 2690 λαβεῖν.
1114 2635 1181 2684 Pedo
1196 2636 1265 2684 Albi-

161 2701 272 2748 etGraec.
286 2697 378 2747 dlein’.
400 2698 518 2757 Catullus,
531 2700 694 2748 Miserahmi-
729 2714 852 2747 novanus:
880 2702 935 2748 Vita
952 2703 1008 2749 data
1024 2708 1059 2748 eet
1081 2704 1181 2748 utenda:
1210 2704 1267 2750 data

160 2782 198 2813 rer
220 2768 365 2826 atterendum
387 2771 429 2822 eet,
448 2767 518 2812 etiam
540 2772 608 2826 atque
626 2769 696 2813 etiam
729 2772 763 2812 ert
778 2768 829 2812 ‚sine
839 2763 931 2827 faenore
948 2768 1013 2812 nobie
1031 2768 1123 2823 Mutua,
1141 2783 1182 2814 nec
1202 2774 1266 2814 certa

160 2833 241 2877 anime.
725 2832 876 2890 persoluenda
887 2833 932 2878 die.

193 2896 241 2942 920
269 2893 444 2943 insatiabiliter
463 2897 601 2954 deflebimus,
624 2902 694 2942 aeter·
762 2895 809 2943 988
826 2894 954 2958 Temporis
970 2895 1079 2958 exponit,
1090 2906 1146 2959 post
1163 2905 1266 2944 mortem

160 2959 280 3022 numque]
298 2962 391 3007 Omnes
401 2959 475 3007 MSS.
484 2962 620 3020 deflevimus.
633 2960 696 3014 Quae
729 2959 834 3022 denique
851 2959 972 3022 nostram]
995 2960 1140 3023 Distinguo;
1166 2963 1267 3022 Exponit

160 3041 218 3073 vera
229 3025 301 3073 lectio
311 3034 354 3073 est.
566 3033 569 3039 “
726 3033 779 3086 port
790 3032 882 3073 mortem
893 3027 989 3087 denique
1000 3033 1108 3073 nostram.

193 3091 240 3138 922
256 3090 323 3145 Quid
335 3090 368 3137 sit
377 3094 451 3138 amari
463 3088 613 3152 Tantopere]
632 3088 696 3137 Vide
763 3091 808 3137 991
829 3092 910 3152 Atque
929 3105 957 3137 ea
975 3089 1099 3147 nimirum,
1117 3104 1267 3152 quaecunque

153 3162 183 3202 ‘v.
197 3155 251 3202 946.
266 3158 328 3207 Quid
336 3158 368 3202 sit
382 3157 522 3215 Tantopere:
534 3154 698 3219 plana(plena
731 3154 872 3202 Acherunte
884 3154 1021 3218 profundo]
1038 3155 1149 3217 Propert.
1172 3155 1224 3202 111.
1244 3157 1266 3203 8.

161 3220 270 3281 Wakei.)
288 3218 371 3277 dictio,
390 3219 444 3266 sine
462 3223 543 3266 amari.
589 3220 631 3266 An
650 3217 697 3281 leg.
731 3217 769 3269 67.
798 3222 1042 3279 Anfietaa'nmr'rerar
1056 3222 1172 3267 descendit
1182 3218 1269 3280 subruta

162 3287 256 3331 Amabo.
283 3284 333 3331 Sed
353 3292 405 3331 tum
421 3282 551 3331 dicendum
569 3292 641 3341 esset,
656 3290 697 3341 est,
730 3291 815 3346 gentes,
829 3286 862 3330 Et
878 3287 945 3330 timor
956 3286 1020 3330 laud
1034 3286 1105 3339 ultra,
1117 3299 1184 3344 quam
1200 3299 1269 3345 rogus

163 3352 269 3405 nonsit.
731 3355 869 3408 esrepotest.
898 3347 938 3394 lta
949 3346 1123 3410 intelligendus
1141 3347 1267 3406 Horatius,

153 3438 164 3447 ν
196 3412 242 3463 927
261 3413 301 3460 Ex
312 3411 394 3459 animo
412 3421 440 3460 ut
456 3411 546 3469 dicant,
562 3409 648 3459 Brevis
659 3410 699 3458 hic
732 3414 870 3473 Fabalaeqae
882 3427 965 3460 manes.

163 3486 201 3524 est
212 3477 305 3524 fructus
315 3477 443 3533 homullis,
461 3478 516 3524 Jam
528 3476 608 3533 fuerit,
620 3491 700 3538 neque
766 3477 812 3524 996
847 3475 982 3534 Mortaleis,
1012 3492 1135 3538 raramque
1167 3476 1267 3540 timent]

163 3551 219 3606 post
228 3557 333 3604 unquam
343 3556 456 3590 revocare
463 3540 558 3603 licebit]
570 3544 699 3599 Homullus,
733 3541 757 3588 N
759 3549 806 3597 ota,
821 3543 903 3588 Casan
910 3561 920 3596 ,-
936 3539 1023 3588 alludit
1034 3541 1064 3588 ad
1075 3557 1159 3589 casum
1171 3541 1267 3606 lapidis.

163 3623 201 3664 an,
215 3617 242 3654 ut
253 3606 335 3671 potius
346 3622 408 3665 reor,
425 3609 528 3655 homilias
544 3605 593 3653 dici
605 3605 699 3664 debeat,
767 3607 827 3653 1001
845 3605 1194 3669 Dispenrirjugeramembris]
1207 3608 1267 3655 Om-

162 3682 261 3720 nonest
278 3671 378 3720 fortasse
396 3671 464 3729 tanti,
477 3682 504 3719 ut
515 3670 622 3719 studiose
634 3686 699 3733 quae-
732 3687 776 3718 nes
794 3672 867 3719 MSS.
881 3674 1006 3733 deperata,-
1023 3670 1122 3735 optime,
1139 3671 1180 3720 lib.
1195 3673 1231 3720 11.
1244 3689 1267 3722 v.

161 3747 245 3792 ratur;
266 3736 292 3784 id
309 3736 375 3785 enim
392 3737 433 3784 alii
446 3745 503 3785 ante
514 3752 559 3784 nos
570 3735 697 3783 iecerunt:
734 3738 803 3783 1125.

163 3803 211 3850 Sed
224 3818 303 3859 nemo,
316 3802 380 3864 quod
391 3801 488 3864 quidem
501 3801 583 3859 sciam,
596 3800 698 3849 antehac
766 3802 835 3848 1005.
860 3801 909 3848 Sed
926 3800 1011 3863 Tityos
1029 3801 1099 3850 nobis
1119 3802 1159 3849 hic
1179 3810 1223 3860 est,
1241 3801 1268 3850 in

162 3867 264 3925 monuit,
277 3882 330 3915 esse
347 3867 373 3913 in
391 3867 436 3914 hoc
457 3866 510 3915 loco
528 3865 699 3930 gravissimum
732 3881 813 3914 amore
820 3868 942 3928 iacentem
953 3868 1032 3922 Quem
1041 3871 1141 3915 colunes
1151 3867 1267 3925 lacerant,

162 3943 315 3995 peccatuma
331 3931 425 3979 librarii
439 3947 521 3979 manu.
556 3931 699 3994 Legendum
731 3942 804 3994 atque
821 3942 889 3980 exest
904 3931 992 3980 anxius
1009 3932 1098 3995 angor]
1121 3934 1164 3979 Cui
1185 3933 1269 3979 Vultur

163 3997 229 4046 enim
240 4006 313 4054 est..
324 3999 435 4045 ..Breuis
452 4000 489 4044 nic
508 4004 543 4045 est
554 3996 650 4059 fructus
659 3999 698 4043 leu-
725 3997 795 4059 jeeur
806 4001 910 4045 intimum
920 4006 1026 4058 pererrat
1041 4000 1075 4045 Et
1089 4003 1169 4057 peetus
1187 3999 1267 4054 trahit,

153 4065 228 4110 nutu
262 4062 372 4110 Primum
384 4061 441 4124 quia
455 4061 534 4124 figura
551 4060 701 4124 ingeniosior
732 4065 868 4124 intimasque
877 4064 953 4122 fibras
970 4065 1023 4110 Nan
1042 4070 1083 4119 est,
1100 4077 1165 4122 quem
1186 4063 1269 4122 Tityon

164 4125 196 4183 sit
204 4136 229 4173 et
239 4127 316 4190 magis
325 4137 424 4184 morata,
434 4123 570 4187 ἠθικωτέρα,
583 4125 602 4173 si
612 4141 698 4173 nume·
731 4135 811 4175 uocant
822 4130 906 4185 Poeta,
918 4130 965 4175 Sed
975 4130 1049 4175 cudis
1060 4129 1128 4181 mala,
1141 4127 1217 4181 Liuor,
1230 4133 1267 4171 at-

164 4205 218 4237 rum
229 4190 375 4254 singularem
393 4207 514 4254 usurpes;
533 4192 630 4253 (notum
639 4190 700 4238 illud
730 4208 774 4254 pue
787 4195 853 4240 larus
866 4191 977 4253 (luctus).
1006 4189 1143 4239 Petronius.
1171 4189 1203 4235 Et
1216 4188 1267 4237 Eu-

170 4287 192 4301 ..
203 4259 296 4316 ..quim
307 4264 367 4305 totas
378 4260 493 4305 haununcta
504 4259 539 4304 nil
549 4264 583 4305 ert
593 4257 615 4318 t)
634 4255 699 4304 Dein
732 4257 849 4321 phorbius
856 4258 886 4305 de
898 4256 1138 4316 Livore‚-Tityique
1147 4255 1224 4300 vultur
1231 4257 1268 4301 in-

166 4317 229 4380 quia,
253 4318 301 4369 nisi
316 4337 373 4370 vera
394 4334 477 4371 nostra
499 4321 637 4370 emendatio
655 4330 699 4378 est,
733 4332 770 4370 tus
781 4325 826 4374 Qui
834 4339 921 4383 semper
930 4324 1024 4378 tarnat,
1033 4325 1157 4379 canentque
1166 4327 1267 4367 mentem.
