2872 4852
225 258 268 320 62
608 250 650 315 T.
682 247 958 313 LUCRETII

256 425 344 472 eosque
363 409 471 457 Mundos
488 407 572 470 augeri
589 405 719 470 aliquando
730 421 745 452 a
762 403 902 452 Seminibus
914 419 946 451 ex
964 402 1065 451 lnlinito
1077 402 1191 467 delapsis,
1207 403 1342 467 aliquando

257 490 330 540 etiarn
348 488 500 538 avolantibus
517 488 543 536 in
562 487 691 535 Infinitum
710 484 849 533 Seminibus
866 483 969 532 diminui
988 493 1012 532 et
1028 483 1137 543 dissolvi,
1154 494 1183 533 ut
1197 484 1298 549 plantae,
1316 495 1343 535 et

256 571 370 620 animalia
383 580 522 627 nascuntur,
535 569 684 624 adolescunt,
698 575 835 623 senescunt,
849 574 874 612 et
885 565 983 612 demum
995 565 1127 612 intereunt.

311 717 441 811 Servs,
458 734 539 797 mari
552 755 669 816 magno
684 731 891 796 turbantibus
908 751 1041 812 aequora
1055 730 1169 807 ventis,

312 835 343 898 E
361 847 447 900 terra
462 859 614 919 magnum
629 834 761 898 alterius
779 843 926 917 spectare
941 831 1104 896 laborem:

311 937 391 1001 Non
407 940 482 1022 quia
497 938 608 1000 vexari
624 958 818 1020 quemquam
833 935 873 997 ’st
883 934 1031 1018 jucunda
1045 934 1207 1019 voluptas,

312 1040 391 1116 Sed,
407 1041 526 1123 quibus
541 1040 611 1123 ipse
626 1038 716 1102 malis
733 1060 856 1113 careaS,
874 1037 949 1119 quia
964 1058 1096 1100 eernere
1114 1059 1211 1102 suave
1229 1038 1280 1102 ’st

280 1154 294 1198 ⁵
310 1142 417 1206 Suave
433 1143 530 1205 etiam
544 1141 622 1205 belli
638 1142 812 1206 certamina
827 1157 944 1222 magna
960 1140 1044 1203 tueri

312 1244 377 1307 Per
393 1267 523 1328 campos
539 1245 708 1320 instructa,
725 1243 801 1306 Tua
817 1243 884 1305 sine
900 1241 1140 1325 parte'pericli:

312 1347 379 1411 Sed
394 1347 439 1411 nil
454 1346 580 1411 dulcius
596 1357 656 1422 est,
673 1347 757 1409 bene
773 1367 870 1428 quam
885 1345 1007 1407 munita
1023 1354 1134 1409 tenere

312 1451 414 1514 Edita
429 1451 577 1514 doctrina
593 1449 782 1533 Sapientum
799 1447 919 1530 templa
936 1469 1069 1521 serena;

312 1553 493 1637 Despicere
510 1553 596 1616 unde
613 1575 713 1635 queas
729 1551 820 1628 alios,
838 1551 1022 1634 passimque
1038 1551 1149 1614 videre

265 1668 294 1712 lo
313 1654 447 1731 Errare,
464 1666 561 1738 atque
577 1657 659 1717 viam
674 1654 832 1738 palanteis
848 1675 995 1736 quaerere
1011 1653 1095 1728 vitae,

312 1756 446 1820 Certare
463 1758 602 1839 ingenio,
620 1756 816 1820 contendere
832 1754 1012 1830 nobilitate,

311 1859 449 1922 Nocteis
466 1868 562 1941 atque
579 1859 648 1921 dies
665 1859 724 1920 niti
738 1867 914 1940 praestante
929 1857 1041 1921 labore

312 1959 366 2023 Ad
384 1983 522 2023 summas
539 1983 704 2044 emergere
720 1982 811 2042 opeS,
829 1982 1002 2043 rerumque
1018 1959 1125 2041 potiri.

355 2064 387 2125 Ο
403 2064 536 2126 miseras
552 2063 718 2126 hominum
732 2063 884 2126 menteis!
910 2062 929 2123 ὃ
944 2071 1078 2144 pectora
1093 2063 1195 2124 caeca!

264 2178 292 2223 15
312 2164 472 2238 Qualibus
488 2166 678 2229 intenebris
694 2167 779 2241 vitae,
797 2166 991 2252 quantisque
1006 2161 1134 2246 periclis

310 2275 453 2358 Degitur
467 2274 529 2338 hoc
546 2276 616 2351 aevi,
634 2275 852 2357 quodcunque
867 2274 924 2337 ’stl
948 2296 1054 2336 nonne
1069 2273 1180 2336 videre

309 2378 366 2441 Nil
382 2378 469 2441 aliud
486 2379 548 2441 sibi
562 2377 724 2440 Naturam
737 2375 868 2454 latrare,
885 2376 946 2438 nisi
961 2386 1008 2452 ut,
1026 2398 1098 2440 cunr

258 2581 278 2625 1.
300 2582 380 2636 Suaoe,
399 2583 458 2626 mart
478 2596 566 2640 magno,
586 2578 641 2642 eta]
659 2581 763 2643 Propter
796 2578 857 2625 mini
870 2577 1000 2642 Epicureo,
1014 2588 1038 2626 et
1050 2577 1072 2625 ei
1084 2577 1126 2640 qui
1140 2593 1171 2624 ex
1188 2591 1273 2625 norma
1290 2593 1336 2626 na·

223 2642 267 2689 hos
284 2658 374 2699 versus,
392 2643 479 2704 quibus
498 2646 628 2691 Memmium
644 2660 715 2692 suum
732 2644 763 2690 ad
797 2653 857 2690 turae
875 2643 948 2690 vivit:
972 2658 1086 2705 quorsum
1105 2641 1171 2690 euim
1188 2641 1276 2690 belluae
1295 2652 1336 2690 tu·

223 2706 387 2769 Philosophiae
415 2707 531 2764 studium,
559 2709 672 2770 sepositis
700 2707 762 2765 aliis,
796 2707 927 2755 multuanti
946 2710 1032 2756 vacesl
1057 2707 1113 2756 Tibi
1130 2707 1193 2763 vive,
1211 2706 1256 2755 tibi
1272 2707 1338 2765 vale,

224 2770 341 2828 hortatur,
365 2771 463 2833 quidam
486 2772 628 2820 Lucretium
657 2772 763 2821 diritatis
795 2772 827 2819 τὰ
837 2771 950 2820 πολιτικὰ
963 2771 1031 2820 οὐδὲν
1041 2773 1100 2835 πρὸς
1115 2774 1144 2820 τὸ
1161 2769 1194 2819 ei.
1223 2771 1252 2819 Si
1268 2782 1338 2821 recte

224 2847 353 2890 accusant;
371 2836 461 2883 morosi
471 2836 544 2883 nimis
557 2847 582 2884 et
593 2837 712 2899 improbi:
733 2837 763 2884 Id
796 2835 877 2893 facies,
899 2837 960 2884 male
982 2837 1026 2885 tibi
1046 2853 1061 2884 a
1080 2853 1182 2901 corpore
1201 2835 1257 2895 erit,
1277 2852 1337 2885 nam

224 2899 311 2947 asserit
322 2903 393 2962 po'e'ta
407 2900 471 2961 quod
483 2916 566 2948 omnes
579 2901 702 2949 sentiunt:
721 2902 762 2964 qui
796 2912 911 2948 sexcenta
922 2902 1019 2964 negotia
1032 2918 1077 2965 per
1089 2911 1163 2965 caput
1178 2901 1253 2964 inque
1269 2900 1337 2951 latus

224 2964 313 3020 dolore,
335 2966 427 3021 morbo,
451 2975 496 3012 etc.
517 2965 666 3013 laborantem
688 2966 761 3024 videt,
796 2965 896 3020 salient;
915 2966 935 3013 si
948 2967 1017 3024 male,
1028 2978 1079 3014 tum
1089 2977 1190 3023 metues,
1201 2982 1250 3014 uno
1260 2969 1338 3016 verbo
1399 3014 1406 3020 ,

224 3029 343 3091 protinus,
359 3029 548 3092 Omesoeltcem!
796 3030 844 3078 vile
854 3031 1002 3095 mancipium
1014 3032 1102 3080 fueris:
1121 3031 1202 3093 siquid
1214 3042 1297 3079 autem
1309 3032 1337 3080 in

258 3093 320 3141 Ibid.
345 3094 445 3158 Magno]
467 3094 580 3153 Tumido‚
599 3094 702 3158 agitato;
727 3096 762 3144 sic
795 3111 854 3143 usus
869 3096 980 3207 privatos
996 3096 1124 3154 derivabis,
1141 3096 1167 3145 id
1183 3111 1256 3145 omne
1272 3095 1337 3146 forte

224 3157 292 3222 Virg.
305 3162 347 3206 Ma
364 3164 666 3223 naquesurgaatAEqaora.
795 3177 850 3207 curn
879 3177 961 3208 oenore
978 3161 1137 3211 reddendum.
1174 3162 1259 3224 ltaque
1276 3161 1336 3226 fuge

257 3224 278 3271 6.
300 3178 363 3287 Τιιαῆ
381 3224 439 3282 Alii,
454 3225 518 3272 inter
535 3241 595 3286 quos
613 3226 761 3283 Gasseudus‚
795 3241 890 3287 magna,
908 3226 942 3274 ait
959 3226 1008 3284 ille,
1027 3235 1051 3274 et
1068 3223 1128 3274 λάθε
1146 3225 1241 3281 βιώσας.
1271 3225 1337 3276 Haec

224 3289 360 3352 approbant
373 3293 424 3338 Τιιὶ.
796 3290 875 3336 Faber
895 3291 1019 3354 privatus;
1046 3291 1133 3353 quibus
1154 3291 1271 3354 adjungas
1292 3290 1337 3340 illa

257 3354 279 3403 7.
301 3355 412 3417 Dulcius]
434 3358 538 3414 Suavitts,
559 3355 714 3410 Gasseudus;
740 3365 764 3402 et
798 3354 913 3417 Epicuri:
927 3354 1034 3416 Ἔνδοξοι
1045 3356 1084 3404 καὶ
1100 3353 1257 3418 περίβλεπτοι
1270 3354 1337 3406 τίνες

226 3418 306 3465 forsan
318 3420 413 3467 melius.
798 3419 965 3478 ἐβουλήθησαν
978 3419 1097 3480 γενέσθαι,
1112 3420 1158 3477 τὴν
1170 3421 1195 3480 ἐξ
1209 3419 1338 3482 άνθράπον

258 3485 280 3528 8.
298 3483 444 3545 Sapientem]
457 3486 519 3539 Quae
535 3485 665 3533 Lucretius
682 3485 763 3533 Mem-
797 3483 932 3547 ἀσφάλειαν
943 3486 1005 3534 οὕτω
1016 3483 1152 3546 νομίζοντες
1166 3482 1336 3546 περιποιήσασ-

225 3545 275 3592 mio
286 3562 337 3604 suo,
348 3548 406 3596 olim
423 3549 545 3610 Epicurus
564 3551 689 3598 Menaeceo
706 3566 762 3613 pro·
797 3554 843 3597 θοι·
859 3551 922 3599 ὥστε
933 3549 954 3597 εἰ
963 3549 1009 3610 μὲν
1018 3550 1131 3612 ἀσφαλὴς
1142 3551 1155 3597 ά
1165 3546 1338 3599 τῶντοιούτων

224 3610 313 3672 posuit.
343 3612 412 3669 Μάγνε
428 3611 480 3661 νέοι
496 3613 533 3661 τὶς
550 3614 582 3660 ὢν
594 3611 706 3671 μελλέτω
722 3624 760 3675 φι-
794 3612 853 3670 βίος,
873 3613 998 3669 ἀπέλαβον
1015 3615 1105 3672 τὸτῆς
1123 3612 1217 3677 φάσεως
1234 3611 1337 3674 ἀγαθάν·

225 3676 348 3734 λοσοφεῖν,
366 3676 428 3735 μήτε
444 3674 520 3739 γέρον
531 3673 643 3737 ὑπάρχων
658 3678 763 3726 κοπιάτω
796 3677 852 3726 εἰδὲ
866 3678 899 3737 μὴ
915 3677 1034 3737 ἀσφαλὴς,
1047 3680 1090 3726 οὐκ
1108 3678 1207 3740 ἔχουσιν
1217 3674 1246 3726 αὖ
1263 3675 1337 3728 ἕνεκα

226 3741 375 3800 φιλοσοφῶν·
392 3741 448 3788 οὔτε
458 3740 506 3802 γὰρ
517 3740 590 3802 dapar
601 3739 676 3789 οὐδείς
688 3742 761 3799 ἐστιν,
796 3743 820 3802 ἐξ
841 3742 917 3803 ἀρχῆς
936 3741 999 3802 παρὰ
1017 3742 1046 3789 τὸ
1065 3744 1108 3799 τῆς
1131 3742 1225 3804 φάσεως
1246 3741 1338 3795 obruor

226 3803 282 3850 οὔτε
298 3801 363 3864 πάρα
377 3822 403 3852 ος
418 3804 475 3865 πρὸς
491 3803 520 3851 τὸ
536 3803 598 3851 κατὰ
614 3803 695 3865 ψυχὴν
711 3807 760 3864 ὑγι-
796 3803 942 3867 ὠρέχθησαν.

226 3866 306 3914 alvear·
324 3821 499 3926 ddiae'ytoull
515 3865 585 3927 μήπω
600 3870 644 3915 τοῦ
660 3877 760 3928 φιλοσο-
829 3870 865 3915 16.
891 3870 1005 3933 Degitur]
1026 3874 1144 3935 Degimua
1166 3873 1212 3920 Na.
1230 3882 1254 3921 et
1275 3873 1338 3924 olim
1356 3911 1358 3914 ψ

226 3933 280 3991 φεῖν
291 3930 407 3993 ὑπάρχειν
415 3933 482 3994 ὥραν,
492 3933 508 3988 ἦ
519 3930 708 3991 παρεληλυθέναι
717 3933 761 3990 τὴν
795 3933 898 3981 Nonius.

226 3996 294 4058 άραν,
311 3995 390 4056 ὅμοιός
407 3997 460 4044 ἐστι
475 3999 509 4056 τῷ
526 3994 631 4054 λέγοντι,
648 3995 706 4058 πρὸς
723 3998 759 4044 εὐ·
829 3997 890 4046 lbid.
907 3999 1001 4062 Videre]
1013 4003 1108 4060 Videtis,
1118 4002 1145 4049 B.
1158 4002 1336 4061 VideraMss.

226 4060 345 4174 δέμονιίαν
356 4061 371 4118 η
381 4061 415 4120 μὴ
427 4062 531 4122 παρεῖναι
542 4060 587 4117 τὴν
598 4060 665 4122 ὥραν,
684 4061 699 4117 ἦ
715 4080 759 4121 μη·
794 4073 844 4137 opt.
858 4063 904 4112 Cui
915 4072 950 4112 est
960 4065 1050 4114 frustra
1061 4082 1075 4114 a
1087 4067 1231 4129 quibusdam
1244 4067 1336 4130 adjuti·

226 4142 241 4172 κ
271 4144 354 4181 ιεναι.
823 4137 867 4176 tur.

261 4193 297 4238 12.
309 4188 452 4252 Praeterita]
472 4192 600 4246 Constante,
613 4191 762 4239 Gasseudus.
796 4143 819 4190 gl
832 4193 866 4244 17.
897 4195 1009 4257 Lutrare]
1037 4193 1137 4243 Poscere.
1178 4195 1276 4245 Ennius
1300 4202 1339 4248 la·

260 4257 297 4302 13.
310 4252 525 4318 Rerumqaepotlrt]
536 4253 687 4316 Reipublicae
696 4271 761 4303 sum·
797 4266 859 4306 trare
871 4275 914 4322 pro
925 4277 1015 4320 post-ere
1027 4260 1114 4323 posuit.
1146 4263 1233 4308 Festus.

226 4329 317 4370 matam
333 4336 399 4377 οοιοι
423 4336 470 4383 quo
487 4317 548 4367 nihil
568 4318 698 4369 inloelicius
718 4321 761 4370 ho·
831 4322 892 4373 lbid.
911 4327 965 4373 Nisi
977 4334 1009 4383 ur,
1022 4323 1083 4387 eam]
1098 4327 1238 4387 Νιιὶιιιηιιι,
1252 4335 1277 4374 et
1295 4345 1337 4378 se-
