2872 4852
453 215 625 281 LIBER
655 215 961 281 SECUNDUS.
1220 216 1263 280 97
1320 259 1322 262 ⁴

242 369 463 433 Conveniunt:
486 378 521 432 et
535 389 588 432 res
603 368 758 452 permisto
773 367 903 431 Semine
917 376 1078 430 constant.

285 471 376 544 Quin
390 470 486 534 etiam
500 471 621 554 passim
636 469 755 534 nostris
770 470 804 533 in
818 469 965 533 versibus
980 467 1060 552 ipsis

241 572 350 637 Multa
366 571 537 635 Elementa
551 571 642 635 vides
658 570 765 635 multis
781 571 962 634 communia
976 569 1103 647 verbis3

241 674 324 738 Cum
338 684 444 738 tamen
459 673 543 736 inter
559 695 593 736 se
610 672 748 750 Versus,
765 695 803 738 ac
818 672 932 737 Verba
946 694 1079 736 necesse
1095 672 1136 735 ’st

175 787 224 834 690
242 775 426 840 Confiteare
440 773 502 838 alia
514 797 556 838 ex
571 773 640 838 aliis
656 785 805 838 constare
822 773 1019 838 Elementis:

238 877 317 941 Non
332 878 420 961 quod
436 875 535 940 multa
549 899 665 961 parum
679 877 855 941 communis
873 876 1000 940 Littera
1015 885 1136 953 currat,

238 979 310 1045 Aut
324 979 412 1044 nulla
424 980 509 1043 inter
524 1001 559 1042 se
574 979 641 1042 duo
657 979 720 1041 sint
735 999 777 1042 ex
795 979 943 1042 omnibus
958 977 1082 1056 isdem3

239 1083 307 1147 Sed
322 1083 398 1166 quia
413 1104 477 1145 non
492 1079 587 1165 volgo
602 1081 693 1164 paria
709 1080 861 1143 omnibus·
875 1079 980 1143 omnia
995 1088 1155 1143 constant.

239 1185 294 1250 Sic
309 1183 378 1248 aliis
393 1185 426 1247 in
441 1185 539 1247 rebus
554 1183 632 1246 item
647 1182 826 1247 communia
841 1179 953 1257 multa,

175 1300 223 1347 695
241 1285 422 1350 Multarum
436 1306 544 1348 rerum
559 1307 632 1349 cum
648 1284 711 1347 sint
727 1282 921 1359 Primordia,
936 1281 1032 1366 longe

240 1386 399 1452 Dissimili
413 1397 521 1450 tamen
536 1386 620 1450 inter
635 1408 670 1449 se
684 1385 863 1449 consistere
877 1406 1001 1449 summa

239 1492 402 1555 Possunt:
427 1499 463 1552 ut
477 1488 592 1551 merito
605 1508 647 1551 ex
662 1485 732 1550 aliis
748 1496 897 1549 constare
909 1485 1060 1567 ferantur

240 1593 428 1657 Humanum
443 1611 557 1674 genus,
574 1611 611 1654 ac
627 1587 766 1673 Fruges,
784 1586 997 1671 Arbustaque
1012 1585 1097 1650 loeta.

282 1694 356 1759 Nec
371 1703 478 1756 tamen
493 1692 682 1755 omnimodis
698 1691 847 1756 connecti
860 1711 958 1774 posse
972 1689 1122 1773 putandu
1136 1690 1176 1754 ’st

173 1811 221 1861 700
237 1797 374 1862 Omnia:
399 1817 471 1859 nam
486 1793 582 1879 volgo
596 1794 669 1858 fieri
684 1794 843 1858 Portenta
857 1793 996 1870 videres,

238 1899 411 1965 semiferas
427 1898 604 1962 Hominum
620 1898 745 1981 species
760 1897 921 1973 existere3
945 1905 978 1958 et
993 1894 1077 1958 altos

238 2002 407 2067 Interdum
420 1999 544 2065 Remos
560 2000 669 2084 egigni
684 2021 822 2084 corpore
838 1999 928 2076 viv03

97 2253 99 2258 2
185 2218 241 2270 687.
261 2222 400 2271 Quinetiam
410 2223 502 2281 passim,
514 2217 572 2283 ete]
586 2220 690 2266 Senten·
723 2227 877 2282 preteream,
886 2226 911 2265 et
918 2226 1049 2280 respuant:
1067 2230 1261 2280 exquorursum

152 2283 212 2332 tiam
224 2297 292 2331 suam
303 2283 352 2341 illa,
363 2299 411 2345 qua
422 2299 486 2347 saepe
502 2283 586 2340 utitur,
603 2282 689 2330 simili·
724 2282 759 2339 fit,
783 2291 811 2329 ut
832 2297 888 2329 cum
910 2296 951 2329 res
977 2280 1126 2340 dissolvitur,
1148 2295 1261 2344 congruae

153 2348 246 2404 tudine,
270 2363 292 2395 v.
318 2349 355 2395 la
378 2347 500 2402 illustrut3
530 2346 691 2410 objectionem
724 2345 1113 2408 quequesemutuotrahantet
1128 2346 1159 2394 ab
1175 2344 1260 2393 incon·

152 2411 257 2460 subinde
276 2411 399 2475 proponit,
416 2421 442 2459 et
458 2411 537 2459 solvit
573 2411 599 2458 Si
616 2410 689 2468 enim,
723 2409 791 2472 gruis
812 2409 950 2472 expediant
989 2410 1038 2458 Sed
1057 2409 1143 2458 audire
1164 2409 1262 2473 plenius

153 2476 219 2524 dicet
230 2475 324 2538 aliquis,
336 2475 473 2524 communia
486 2475 536 2524 sint
551 2473 635 2523 multis
651 2489 690 2522 re·
724 2489 756 2521 ex
775 2473 888 2522 Lucretio
906 2476 982 2536 juvat,
1001 2473 1042 2537 qui
1062 2489 1115 2523 rem
1134 2474 1142 2522 i
1160 2489 1219 2532 sam,
1237 2489 1260 2522 v.

152 2540 690 2604 bussemina,underesipsaesuntdiversaet
726 2541 762 2586 10.
784 2538 906 2602 proponit,
927 2548 1070 2588 etecusam
1089 2539 1133 2587 red
1151 2539 1176 2598 ἰ,
1198 2538 1263 2601 quod

152 2605 242 2654 similia
265 2605 358 2653 semina
384 2621 423 2654 res
445 2605 537 2653 similes
560 2605 690 2653 efficerent
723 2603 831 2665 alioquin
842 2612 951 2652 monstra
965 2602 1074 2666 quotidie
1091 2611 1262 2659 nascerentur;

153 2670 230 2718 Hunc
240 2685 298 2718 vero
309 2680 471 2733 argutatorem
485 2669 613 2719 Lucretius
620 2670 692 2730 jubet
723 2678 860 2726 centauros,
867 2668 1000 2726 chimeras,
1012 2677 1037 2716 et
1045 2668 1127 2716 omnia
1136 2671 1263 2732 poitarum

151 2734 241 2783 intueri
259 2749 344 2783 versus
360 2750 424 2792 suos,
442 2735 470 2783 in
486 2734 536 2783 illis
552 2734 642 2782 multas
659 2733 689 2780 li·
723 2733 841 2796 figmenta
856 2732 1001 2782 videremus.
1036 2733 1111 2782 Nulla
1127 2742 1209 2781 autem
1226 2732 1260 2780 is-

151 2810 216 2849 teras
224 2799 456 2848 communesmultis
464 2799 564 2848 vocibus
572 2798 689 2857 inveniet,
723 2797 839 2846 tiusmodi
861 2806 981 2862 apparent
1001 2806 1122 2861 portenta,
1145 2796 1203 2860 quia
1230 2811 1262 2845 ex

150 2874 177 2912 at
187 2880 259 2914 voces
270 2864 336 2927 ipsas
347 2864 412 2913 inter
423 2880 450 2913 se
461 2864 570 2913 diversas
579 2879 641 2922 esse,
659 2878 690 2911 ex
722 2862 796 2911 certis
818 2862 969 2925 quibusdam,
992 2877 1042 2910 non
1065 2878 1097 2910 ex
1124 2861 1262 2925 omnigenis

151 2929 182 2978 iis
193 2929 268 2977 etiam
279 2929 375 2977 diversa
391 2929 499 2977 carmina
515 2929 628 2992 componi
645 2944 689 2977 ne·
722 2927 857 2976 seminibus
865 2936 999 2975 nascuntur
1007 2942 1061 2984 res;
1078 2926 1151 2975 certis
1161 2926 1262 2991 iusuper

151 2994 205 3058 gan'
222 3009 270 3042 non
286 3003 380 3057 potest;
404 2994 456 3058 pari
474 2993 576 3051 ratione,
590 2994 649 3042 licet
664 2993 691 3040 in
724 2993 830 3041 aluntur.

153 3059 237 3107 multis
245 3059 318 3107 rebus
329 3058 467 3106 communia
478 3059 528 3107 sint
539 3059 640 3116 semina,
651 3073 691 3106 res
756 3057 812 3115 701,
830 3056 885 3108 702
911 3059 944 3105 Et
963 3060 1021 3105 altos
1041 3059 1159 3105 Interdum
1178 3059 1263 3105 Rumor

153 3133 235 3172 tamen
247 3123 314 3186 ipse,
327 3138 381 3186 quse
392 3139 424 3172 ex
435 3123 488 3172 istis
505 3123 639 3171 seminibus
656 3122 689 3171 si·
723 3126 809 3186 egigni,
821 3120 878 3183 etc]
888 3124 977 3184 ligigui
985 3137 1077 3182 corpore
1087 3125 1143 3178 vivo,
1156 3130 1184 3169 ut
1196 3121 1262 3185 apud

119 3249 120 3252 Ἴ
152 3188 251 3237 milibus
267 3198 453 3252 componuntur,
471 3202 572 3252 prorsus
588 3187 691 3236 diversae
725 3187 813 3235 Horat
850 3189 923 3234 Tanto
940 3189 1041 3234 ernettn'r
1058 3202 1144 3234 aceruo.
1178 3188 1263 3234 &aas

152 3269 207 3301 esse
218 3263 328 3317 possunt
722 3269 735 3299 e
751 3267 843 3312 corpore
857 3254 923 3304 otoo:
942 3250 1033 3298 Remos
1051 3249 1135 3297 evivo
1153 3249 1262 3312 Corpore

184 3319 240 3366 691.
258 3320 380 3380 Nonquod
388 3313 625 3379 multaparameta]
639 3317 690 3364 De·
724 3314 842 3363 Hominis
861 3314 943 3377 egigni
966 3328 1066 3377 prorsus
1088 3313 1200 3361 mirabile
1222 3313 1261 3370 sit,

153 3384 195 3430 bet
206 3383 237 3429 ad
248 3381 274 3429 id
285 3381 370 3428 referri
381 3381 446 3443 quod
457 3382 488 3429 de
499 3379 616 3429 similium
628 3381 690 3443 figu-
724 3380 767 3428 sed
779 3394 824 3427 nec
838 3379 940 3426 fortasse
956 3376 1067 3426 mirabile
1084 3392 1133 3425 non
1150 3377 1183 3425 sit
1198 3378 1263 3441 quod

152 3461 235 3494 rarum
250 3444 373 3493 infinitate
389 3445 492 3501 dixerat,
505 3460 527 3492 v.
540 3447 594 3492 625.
607 3454 692 3492 contra
723 3444 755 3492 de
765 3443 872 3507 prunulo
882 3442 909 3490 iu
920 3441 1020 3504 regione
1035 3441 1146 3500 thoracis,
1158 3443 1263 3506 pastoris

76 3557 84 3563 ,
153 3519 234 3558 autem
246 3510 277 3557 de
289 3523 391 3557 numero
407 3509 477 3557 linito
493 3504 656 3566 dissimilium,
668 3524 690 3557 v.
724 3507 922 3565 Tarraconensis,
946 3506 998 3554 sive
1019 3506 1050 3554 ed
1072 3516 1182 3555 eternum
1210 3507 1261 3557 fru-

153 3577 208 3624 481.
233 3574 280 3623 Cui
303 3582 328 3622 et
350 3573 442 3636 aliquid
465 3589 607 3636 germanum
636 3582 693 3637 post
725 3581 833 3620 tescente
846 3580 928 3620 narrat
940 3571 1088 3628 Gessendua
1099 3570 1116 3619 l.
1127 3572 1157 3620 V.
1170 3573 1200 3620 de
1212 3572 1264 3621 vita

153 3655 243 3704 paucos
256 3654 340 3688 versus
352 3648 469 3696 occurret,
480 3638 525 3687 via
536 3653 558 3686 v.
571 3639 626 3689 ⁷21.
725 3636 853 3686 Peireskil.
899 3637 985 3685 Pastor
1014 3637 1204 3686 Tarraconensis
1236 3638 1263 3685 in

186 3705 240 3754 696.
259 3700 507 3766 Dissimili-ramma]
523 3703 540 3752 i.
552 3719 572 3751 e.
588 3703 639 3750 Res
653 3702 690 3750 di·
723 3702 857 3766 prunulum
881 3701 976 3760 incidit,
1003 3701 1122 3765 spinaque
1150 3702 1180 3749 ud
1208 3717 1263 3751 eam

152 3771 239 3819 cantur
254 3785 286 3818 ex
303 3767 415 3817 dissimili
432 3769 554 3817 seminum
570 3767 691 3831 congerie,
724 3779 818 3831 partem
841 3766 992 3830 implantata,
1015 3767 1050 3815 sic
1073 3781 1118 3830 per
1135 3766 1263 3815 biennium

152 3835 174 3884 si
181 3845 257 3883 totam
264 3849 407 3899 compagem
415 3833 488 3882 simul
495 3833 614 3891 intueare,
623 3848 690 3881 com·
724 3833 818 3881 radices
836 3832 893 3894 egit,
911 3840 940 3880 ut
956 3842 1013 3896 post
1029 3840 1135 3880 resectos
1152 3831 1263 3880 surculos

152 3900 219 3964 poni.
725 3897 811 3955 varios,
822 3895 896 3959 aliqui
906 3898 1005 3945 tandem
1016 3894 1159 3960 prodierint,
1169 3896 1195 3944 in
1207 3894 1262 3958 qui·

186 3966 240 4014 699.
254 3959 690 4025 Nectameaomntmodir,etc.]Quam·
723 3963 769 4011 bus
781 3961 852 4010 flores
865 3970 891 4009 et
906 3961 999 4010 fluctus
1012 3961 1065 4009 visi.
1094 3961 1152 4009 Nou
1169 3959 1264 4008 destitit

153 4030 190 4078 vis
199 4030 274 4078 mults
282 4029 377 4077 semina
387 4028 436 4077 sint
445 4028 529 4075 multis
540 4028 613 4076 rebus
624 4042 689 4074 com-
722 4026 815 4075 instare
843 4025 991 4083 Peireskius‚
1020 4027 1098 4074 donec
1125 4023 1263 4072 Cerdinalis

153 4095 243 4152 munia,
250 4108 402 4156 unaquaque
411 4102 494 4140 tamen
503 4107 542 4141 res
551 4106 604 4140 eam
614 4091 693 4154 exigit
725 4091 874 4140 Barberinus
885 4091 980 4139 curavit
991 4090 1064 4138 fidem
1077 4089 1130 4137 fieri
1141 4104 1185 4153 per
1196 4087 1263 4134 illius

154 4156 345 4220 dispositionem,
364 4167 391 4207 ut
406 4157 482 4206 atomi
503 4157 581 4232 ipsam
600 4156 691 4204 consti·
724 4156 771 4204 loci
792 4156 1019 4220 Archiepiscopum,
1040 4162 1065 4202 et
1086 4154 1167 4214 Eques
1187 4151 1263 4199 Pute-

155 4230 259 4279 tuentes,
280 4238 329 4281 eas,
350 4238 404 4286 quie
424 4232 483 4271 sunt
501 4221 548 4270 sibi
571 4235 692 4284 congruus,
725 4236 786 4270 anus
803 4237 852 4269 uon
864 4220 947 4269 literas
963 4219 1035 4267 modo
1051 4224 1202 4271 attestantes,
1220 4215 1263 4262 sed

155 4285 297 4345 adsciscant,
321 4298 348 4335 ac
371 4286 439 4336 velut
461 4285 608 4344 consocient,
632 4285 693 4334 alias
725 4278 1262 4346 sumulosetiamaccepitetcumiliocom-

856 4362 873 4395 o
