2872 4852
425 212 594 284 51555
624 206 930 284 sacunous.
1121 318 1123 322 ι
1189 220 1229 284 or

210 373 395 461 Disjectare
409 372 491 439 solet
505 393 664 459 magnum
671 395 760 438 mare
775 384 929 452 transtra,
944 374 1104 459 guberna,

208 477 392 555 Antennas,
408 497 548 561 proram,
564 475 677 554 malos,
694 485 870 561 tonsasque
885 478 1058 555 natanteis,

144 591 192 639 555
211 581 276 645 Per
291 590 450 644 terrarum
466 579 588 642 omneis
605 600 678 643 oras
694 577 854 643 fluitantia
869 578 1036 664 aplustra3

209 681 258 747 Ut
273 682 455 758 videantur,
471 691 504 745 et
519 680 672 745 indicium
686 680 878 746 mortalibus
891 682 1003 759 edant,

209 783 308 847 Infidi
322 784 418 847 maris
435 783 580 860 insidias,
597 782 770 866 vireisque,
787 781 961 867 dolumque

207 885 256 950 Ut
272 886 373 950 vitare
389 884 499 962 velint,
515 907 595 950 neve
610 884 676 949 ullo
688 895 834 970 tempore
849 886 996 964 credant,

208 986 356 1052 Subdola
370 1009 443 1052 cum
458 987 544 1052 ridet
559 986 679 1071 placidi
693 986 829 1072 pellacia
843 989 955 1072 ponti:

143 1103 192 1150 550
210 1090 265 1155 Sic
281 1090 340 1154 tibi
354 1090 382 1153 si
395 1089 487 1154 finita
503 1089 601 1154 semel
616 1089 799 1154 Primordia
814 1091 964 1174 quaedam

208 1192 409 1268 constitues,
426 1213 529 1255 aevum
545 1191 714 1257 debebunt
729 1214 843 1276 sparsa
857 1213 918 1276 per
934 1214 1028 1257 omne

208 1294 394 1378 Disjectare
410 1302 510 1356 aestus
526 1291 646 1356 diversi
661 1293 835 1372 Materiai3

207 1396 387 1479 Nunquam
401 1394 434 1458 in
448 1393 618 1461 concilium
633 1404 669 1458 ut
683 1395 809 1479 possint
824 1394 991 1480 compulsa
1004 1397 1102 1472 coire,

206 1497 281 1562 Nec
296 1497 451 1561 remorari
465 1497 497 1561 in
513 1496 659 1575 concilio,
676 1520 736 1563 nec
750 1519 898 1563 crescere
914 1500 1063 1564 adaucta.

141 1612 190 1660 565
209 1601 359 1673 Quorum
373 1609 547 1684 utrumque
563 1597 669 1683 palam
682 1600 754 1665 fieri
768 1600 939 1666 manifesta
954 1603 1051 1667 docet
1065 1625 1129 1681 res,

208 1701 253 1766 Et
268 1724 320 1766 res
336 1701 497 1787 progigni,
514 1711 547 1766 et
561 1702 687 1786 genitas
704 1723 913 1786 procrescere
928 1727 1043 1788 posse:

207 1804 293 1869 Esse
308 1805 407 1889 igitur
422 1826 542 1889 genere
558 1805 592 1867 in
606 1804 720 1888 quovis
737 1805 919 1870 Primordia
934 1827 1042 1874 rerum

206 1907 338 1971 Infinita
352 1905 459 1991 palam
474 1905 524 1981 'st,
541 1907 629 1971 unde
644 1907 750 1971 omnia
766 1908 1029 1992 suppeditantur.

247 2010 322 2074 Nec
338 2031 493 2094 superare
509 2019 633 2093 queunt
644 2019 750 2073 motus
766 2010 879 2093 utique
895 2009 1056 2075 Exitiales

140 2121 189 2174 570
206 2112 386 2196 Perpetuo,
402 2133 507 2195 neque
521 2110 556 2173 in
571 2119 728 2175 aeternum
742 2109 880 2194 sepelire
897 2111 1051 2190 salutem3

206 2213 280 2277 Nec
295 2233 394 2297 porro
408 2233 517 2275 rerum
532 2209 702 2275 Genitales
717 2208 937 2296 Auctificique

203 2313 318 2378 Motus
334 2321 495 2397 perpetuo
510 2324 648 2395 possunt
664 2335 794 2377 servare
809 2324 929 2378 creata.

204 2415 258 2480 Sic
273 2436 368 2498 aequo
383 2414 507 2497 geritur
522 2414 696 2478 certamine
713 2413 950 2499 Principiorum

204 2517 260 2580 Ex
274 2515 401 2580 infinito
416 2526 618 2580 contractum
633 2528 778 2601 tempore
795 2516 932 2582 bellum:
989 2514 992 2520 ’
1022 2501 1030 2515 ’

137 2631 186 2682 575
204 2619 304 2683 Ν555
319 2617 384 2696 hic,
400 2640 487 2683 nunc
501 2616 564 2683 illic
580 2631 735 2703 superant
751 2619 859 2685 vitalia
873 2643 993 2698 rerum,

203 2722 250 2786 Et
266 2732 462 2806 superantur
477 2722 571 2800 item3
594 2722 749 2800 miscetur
763 2722 894 2790 Funere
910 2723 1035 2809 Vagor,

201 2825 311 2900 Quem
325 2825 421 2910 pueri
436 2823 554 2889 tollunt
569 2825 710 2890 visentes
725 2825 853 2891 luminis
870 2849 960 2892 oras:

201 2927 276 2992 Nec
290 2949 356 2991 nox
372 2924 437 2991 5115
453 2927 549 3004 diem,
565 2949 672 3011 neque
686 2938 815 2993 noctem
830 2951 948 2993 aurora
963 2939 1075 2995 secuta
1090 2929 1141 3006 ’st,

201 3029 289 3106 Quae
303 3029 368 3093 non
384 3028 523 3093 audierit
538 3029 651 3093 mistos
668 3028 843 3113 Vagitibus
857 3031 952 3115 aegris

148 3247 204 3296 stt.
226 3246 367 3310 Pressaque]
389 3248 496 3305 Remos;
525 3247 653 3311 Virgilius,
720 3249 774 3297 569.
788 3250 838 3297 Nec
848 3264 958 3310 superare
969 3256 1061 3311 queunt,
1073 3247 1129 3312 eto]
1141 3247 1224 3308 Aliud,

115 3313 189 3361 Lento
201 3315 317 3361 lactantur
328 3329 438 3361 marmore
450 3313 544 3360 Tonsae.
687 3329 709 3361 v.
733 3315 770 3360 12.
794 3313 934 3361 continetur
958 3322 1138 3375 argumentum,
1160 3315 1226 3376 quod

149 3379 204 3424 555.
228 3379 360 3426 Fluitantt’a
382 3374 501 3438 aplustra]
528 3376 653 3440 Aplustra‚
686 3376 799 3440 superius
815 3376 986 3439 consequitur:
1012 3377 1034 3425 51
1053 3377 1124 3426 finita
1138 3377 1224 3428 uuius-

117 3441 225 3490 Navium
241 3449 385 3489 ornaments
403 3440 430 3487 in
446 3455 525 3503 prora
560 3440 653 3498 Cicero,
687 3440 753 3488 modi
771 3441 856 3502 figurae
871 3440 967 3489 semino
982 3456 1155 3505 supponamus,
1171 3451 1225 3492 tum

116 3505 143 3552 in
160 3506 244 3561 Arato,
262 3506 368 3553 Navibus
378 3506 504 3566 absumptis
521 3504 655 3553 Fluitsntia
686 3520 727 3553 res
740 3520 772 3553 ex
787 3504 819 3552 115
835 3505 912 3553 finitis
927 3505 1062 3554 seminibus
1077 3507 1223 3566 constitutsr,

115 3569 345 3632 quarereaplustra.
686 3584 743 3618 cum
765 3569 841 3618 semel
864 3569 950 3618 solute
976 3570 1075 3630 fuerint,
1097 3588 1223 3635 nunquam

149 3636 204 3682 559.
228 3632 346 3696 Peliacis]
369 3631 441 3682 Unde
461 3634 513 3682 haec
532 3648 580 3681 vox
600 3632 654 3698 ipse
686 3633 894 3682 instaurarentur:
910 3634 1223 3696 Sifinitafuerintsemiua,

116 3699 246 3749 Lucretius
266 3699 343 3757 docet,
362 3699 403 3746 lib.
421 3698 451 3746 V.
470 3714 494 3746 v.
512 3699 581 3747 1002.
604 3700 654 3747 Ner
686 3698 776 3748 frustra
796 3699 980 3762 generationem
1000 3709 1025 3749 et
1044 3701 1222 3765 augmentatio-

113 3773 206 3828 poterat
221 3781 354 3828 quemquam
367 3766 458 3827 placidi
469 3762 573 3828 pellacis
583 3766 654 3812 Ponti
686 3779 743 3812 nem
770 3779 853 3812 rerum
875 3773 1066 3830 expectaremus
1107 3767 1143 3816 At
1165 3766 1224 3830 quid

115 3833 216 3880 Subdola
232 3829 348 3904 pellicere
364 3833 389 3877 in
399 3827 509 3890 fraudem
524 3831 653 3877 ridentibus
685 3828 775 3877 certius
792 3844 864 3892 quem
880 3845 920 3878 res
936 3829 996 3879 51155
1012 3830 1222 3896 5555155553551,

115 3899 190 3944 andis.
208 3893 328 3957 Vrrgilius
342 3895 378 3942 ΙΙ.
391 3893 489 3942 AEneid.
503 3894 541 3942 90.
559 3896 653 3942 Inuidia
685 3893 745 3942 alias
756 3893 860 3942 diminui
872 3904 897 3944 et
907 3894 1026 3944 interiret
1045 3896 1118 3944 Unde
1129 3896 1223 3946 semina

112 3968 232 4022 postquam
243 3958 347 4008 Pellaeis
359 3958 435 4007 Ulixi.
685 3957 1222 4022 similisfiguraeuumeroinfinitaesseron·

141 4025 202 4074 561.
217 4022 299 4086 Omne]
314 4022 542 4082 0555555,61155155,
554 4022 652 4073 551555-
685 4023 839 4074 cludendum.

115 4096 171 4142 turs
187 4106 248 4138 aeuus
259 4089 325 4139 enim
335 4098 438 4138 veteres.
718 4087 774 4140 576.
795 4087 885 4152 Vagor]
896 4089 997 4146 Festum
1018 4090 1129 4153 Vagorem
1139 4087 1222 4152 posuit

148 4153 203 4202 562.
226 4151 467 4216 AEstm—Materia'i]
491 4152 568 4202 Modo
589 4151 653 4202 dixit
686 4152 783 4202 Ennius
792 4168 838 4218 pro
846 4157 934 4218 vagitu,
945 4153 1043 4203 txvr.
1057 4162 1082 4202 et
1092 4153 1158 4200 hunc
1165 4166 1220 4200 ver·

117 4218 224 4267 Materia
246 4222 353 4285 Pelagus,
375 4228 399 4268 et
418 4221 470 4282 jam
493 4221 574 4266 AEstus
596 4219 649 4266 Ma·
685 4233 739 4331 {pm
763 4217 871 4268 Lucretii
898 4218 989 4267 ibidem
1017 4217 1113 4271 laudan
1145 4224 1173 4264 ut
1196 4223 1221 4265 et

116 4283 190 4328 teris.
709 4282 788 4331 ouius
1218 4304 1221 4316 ¹
