2872 4852
445 267 614 332 LIBER
644 268 871 333 SEXTUS.
1147 273 1212 335 329

189 424 237 488 Ut
252 413 348 489 cadat
363 445 380 488 e
396 415 528 508 regione
544 424 616 500 loci,
633 447 698 508 qua
713 413 823 510 dirigit
838 436 956 490 aestus:

188 526 266 598 Quo
282 550 354 592 cum
369 526 507 602 conruit,
523 525 594 590 haec
609 527 724 590 eadem
739 514 786 590 ris
802 527 887 591 illius
903 538 1014 605 aestus,

123 637 170 684 825
186 626 365 713 Relliquias
381 629 455 691 vitae
472 629 623 692 membris
639 651 681 693 ex
697 630 846 693 omnibus
861 629 980 695 aufert.

188 728 321 815 Quippe
336 730 455 794 etenim
469 731 574 814 primo
589 731 682 814 quasi
697 731 860 814 quendam
875 733 1001 797 conciet
1017 744 1149 798 aestum:

188 830 357 898 Posterius
372 833 421 910 fit,
438 833 486 897 uti
501 834 574 896 curn
585 826 654 918 jam
667 834 814 898 cecidere
828 835 943 898 veneni

186 931 225 996 In
241 934 359 999 fontcis
375 936 476 1018 ipsos,
492 936 538 998 ibi
553 935 594 999 sit
610 957 739 1019 quoque
755 935 835 1000 Vita
848 938 1019 1012 vomenda,

189 1035 371 1121 Propterea
385 1036 472 1120 quod
489 1059 607 1121 magna
621 1037 696 1100 mali
711 1039 752 1100 sit
768 1038 861 1121 copia
875 1039 1005 1102 circum.
1093 1023 1096 1027 ¹

122 1151 169 1197 83⁰
231 1139 285 1203 Fit
299 1158 430 1223 quoque
445 1149 483 1203 ut
496 1140 658 1203 interdum
674 1141 721 1202 vis
736 1140 818 1215 haec,
834 1150 931 1223 atque
947 1149 1046 1204 aestus
1063 1139 1197 1218 Averni,

188 1242 291 1317 Abra,
308 1241 364 1324 qui
379 1241 464 1303 inter
479 1241 564 1304 aveis
581 1262 709 1324 cunque
725 1243 764 1304 'st
780 1251 963 1325 terramque
977 1240 1114 1318 locatus,

187 1345 364 1420 Discutiat‚
381 1364 484 1427 prope
500 1343 547 1406 uti
561 1342 652 1407 locus
667 1343 744 1407 hinc
758 1343 924 1427 linquatur
938 1344 1059 1409 inanis:

190 1446 294 1530 Cujus
309 1446 366 1509 ubi
380 1468 398 1508 e
414 1446 546 1530 regione
560 1445 624 1510 loci
639 1446 757 1510 veniere
772 1432 929 1524 volantes,

188 1548 359 1612 Claudicat
374 1546 537 1632 externplo
551 1557 731 1632 pennarum
746 1549 837 1613 nisus
854 1549 968 1626 inanis,

126 1663 172 1709 888
189 1649 235 1714 Ε1
250 1671 405 1714 conamen
420 1651 572 1735 utrinque
587 1636 710 1715 alarum
725 1653 876 1736 proditur
891 1675 1001 1717 omne:

188 1751 255 1818 Hic
271 1753 328 1816 ubi
342 1753 457 1817 nictari
471 1764 648 1837 nequeunt,
665 1755 879 1838 insistereque
895 1754 964 1831 alie,

188 1855 317 1920 Scilicet
331 1857 364 1919 in
380 1866 498 1920 terram
514 1855 622 1921 delabi
638 1858 783 1942 pondere
799 1859 886 1943 cogit

186 1957 335 2036 Natura3
358 1968 392 2022 et
409 1980 544 2024 vacuum
559 1981 663 2044 prope
675 1960 743 2043 jam
758 1983 818 2044 per
832 1961 926 2024 inane
937 1963 1085 2045 jacentes

187 2059 394 2145 Dispergunt
409 2059 544 2124 Animas
561 2082 621 2145 per
636 2060 744 2124 caulas
761 2063 906 2144 corporis
922 2062 1055 2125 omneis.

122 2173 169 2219 840
227 2161 391 2244 Frigidior
406 2184 505 2244 porro
520 2163 553 2224 in
569 2162 678 2244 puteis
693 2161 826 2226 AEstate
842 2162 880 2226 fit
896 2162 1036 2238 Humor,

188 2263 340 2327 Rarescit
355 2263 431 2346 quia
445 2262 552 2326 Terra
569 2261 686 2340 calore,
704 2275 737 2327 et
752 2265 873 2328 semina
886 2264 978 2348 siqua

187 2364 287 2428 Forte
303 2365 431 2447 vaporis
446 2364 558 2441 habet,
574 2386 715 2448 propere
730 2365 861 2430 dimittit
876 2358 1032 2452 inauras.

188 2467 265 2540 Quo
279 2467 384 2551 magis
397 2477 448 2530 est
462 2467 562 2550 igitur
577 2465 692 2530 Tellus
707 2466 825 2549 affecta
841 2467 966 2547 calore3
1058 2526 1060 2530 ,

187 2569 261 2635 Η88
276 2568 314 2632 111
328 2568 486 2652 frigidior,
503 2569 559 2652 qui
574 2569 606 2632 in
622 2578 710 2632 terra
723 2571 763 2633 ’st
778 2571 921 2648 abditus,
938 2571 1078 2638 Humor.

120 2683 167 2729 845
183 2671 318 2756 Frigore
334 2693 407 2735 cum
423 2671 580 2754 premitur
594 2691 694 2754 porro
709 2672 811 2735 omnis
827 2683 926 2749 terra,
942 2673 1083 2757 coitque,

184 2773 230 2838 Et
246 2773 339 2858 quasi
352 2772 549 2851 concrescit;
572 2773 611 2836 fit
627 2759 760 2849 scilicet,
777 2783 813 2837 ut
827 2774 976 2839 coeundo

131 3051 185 3097 823.
206 3052 257 3102 Qua
268 3053 351 3113 dirigit
361 3048 443 3111 88188]
457 3049 556 3113 Dirigit,
569 3052 634 3098 deor·
701 3051 756 3097 810.
780 3053 902 3113 Frigidior
918 3067 988 3110 porro
1006 3053 1030 3098 in
1044 3053 1129 3111 puteis,
1148 3047 1214 3112 etc.]'

98 3130 146 3161 rum
167 3117 247 3172 tendit,
266 3115 392 3170 Gifanius;
418 3124 444 3162 at
463 3124 529 3162 recte
548 3115 635 3172 Faber,
670 3114 750 3162 Multa
768 3114 883 3163 videntur
903 3114 963 3162 adeo
984 3113 1099 3162 humanis
1121 3112 1205 3162 usibus

98 3187 172 3226 aestus
188 3195 237 3227 non
254 3179 343 3227 dicitur
359 3183 463 3227 deorsum
481 3183 579 3236 tendere,
592 3179 635 3227 sed
667 3179 855 3237 accommodata,
879 3188 907 3226 ut
929 3179 1059 3242 benignam
1082 3177 1204 3240 quandam

99 3245 127 3290 ‘rie
140 3251 203 3292 terro
214 3260 307 3306 surgere
319 3248 343 3291 in
354 3260 443 3291 aoros:
460 3259 483 3291 v.
497 3245 551 3291 819.
576 3244 635 3307 Ipse
667 3243 846 3304 providentiam
854 3243 1036 3298 demonstrentr
1050 3242 1086 3290 ita
1095 3252 1205 3307 ternpore

98 3315 179 3355 autem
192 3308 259 3370 legit,
272 3324 295 3355 se
311 3312 382 3371 erigit
391 3327 399 3362 ,·
423 3307 504 3370 agitur
520 3308 586 3355 enim
604 3308 635 3355 de
667 3307 752 3355 estivo
764 3323 826 3369 aqua
837 3308 864 3354 in
875 3306 957 3370 puteis
973 3307 1061 3369 frigide
1077 3315 1121 3363 est,
1138 3305 1204 3354 unde

98 3380 166 3419 motu
181 3373 211 3418 ab
228 3372 384 3420 inferioribus
400 3372 430 3419 ad
447 3387 567 3446 supernar
592 3387 633 3419 ve·
668 3371 739 3419 istius
747 3371 899 3434 tempestatis
908 3371 973 3419 calor
982 3379 1144 3434 temperetur;
1158 3369 1203 3432 hy·

98 3450 154 3482 reor
165 3451 196 3483 ne
208 3437 253 3483 hoc
265 3436 297 3484 sit
309 3436 382 3484 nimis
392 3435 571 3484 inconsiderate
582 3436 634 3484 dic·
668 3436 744 3484 berno
761 3445 843 3484 autem
859 3435 945 3493 calida,
963 3451 1011 3498 qua
1025 3433 1094 3483 refici
1111 3433 1209 3499 pariter

98 3510 164 3555 tum;
183 3515 238 3547 nam
249 3516 271 3548 r.
284 3502 338 3548 822
351 3504 400 3548 avis
410 3517 468 3548 8888
480 3509 584 3562 correpta
598 3517 635 3549 ve·
669 3509 693 3549 et
705 3500 809 3548 recreari
821 3499 950 3564 possimus.
981 3500 1058 3547 Istam
1070 3515 1127 3548 vero
1139 3499 1202 3548 diffl-

97 3581 154 3612 neno
165 3567 244 3612 cadit:
259 3566 306 3629 leg.
319 3565 394 3628 igitur
404 3581 448 3626 quo
457 3567 541 3628 dirigit
549 3573 618 3624 aestos
625 3583 634 3620 ,·
667 3564 790 3623 cultatem,
816 3581 839 3613 v.
868 3568 890 3612 8.
918 3563 1033 3614 amolitur
1061 3563 1203 3620 Lucretius;

98 3638 123 3676 et
143 3637 192 3677 tam
215 3629 288 3692 plana
311 3640 335 3678 et
375 3629 487 3692 erepicua
509 3638 567 3677 sunt
588 3629 635 3678 ista
667 3645 724 3677 nam
736 3629 762 3676 in
778 3638 862 3678 aestate
879 3638 950 3678 terrae
968 3629 1097 3693 superficie
1115 3645 1129 3677 8
1145 3627 1204 3678 88118

97 3696 179 3751 verba,
191 3694 340 3758 utpluribus
352 3646 468 3742 illustrari
479 3703 608 3756 nequeant.
666 3693 792 3752 rarefacta,
815 3693 909 3742 semina
929 3693 993 3756 ignis
1014 3710 1069 3757 quae
1090 3694 1116 3742 in
1138 3702 1204 3759 terra

130 3760 184 3807 826.
197 3758 633 3822 0888181ωεί888]818818811811111.
666 3759 823 3807 continentur
845 3758 871 3806 in
894 3760 974 3806 aetem
996 3767 1135 3823 erumpunt,
1157 3760 1202 3823 hy·

97 3825 127 3872 de
140 3824 263 3881 Plutonio,
281 3825 388 3886 ἑωρῶμεν
404 3822 429 3871 u
450 3824 477 3871 ἐκ
495 3825 539 3881 τῆς
560 3823 634 3886 ὅψεως
665 3824 741 3871 berno
753 3833 835 3871 autem
851 3823 941 3886 frigore
956 3823 1095 3882 constricta,
1112 3822 1138 3874 18
1155 3839 1201 3888 pu-

97 3889 129 3938 ὣς
145 3889 175 3938 ἂν
190 3888 321 3949 πνιγώδους
337 3889 402 3937 τινὸς
418 3884 506 3937 πάθους
523 3886 632 3951 ἔμφασιν.
666 3896 719 3936 teos
741 3887 920 3953 exprimuntur,
947 3896 1019 3952 atque
1048 3889 1106 3952 inde
1132 3898 1203 3953 tepor

98 3954 183 4008 Qualis
193 3965 275 4002 autem
287 3953 319 4001 sit
330 3953 376 4000 iste
394 3962 468 4001 aestus
486 3953 601 4014 conjicias
619 3969 633 4002 e
665 3969 741 4016 aquae.

97 4033 120 4065 v.
135 4018 204 4069 1017.
215 4017 257 4066 lib.
272 4018 316 4066 1v.
343 4020 633 4080 Vixadreredeuntper-
700 4019 754 4065 843.
767 4017 957 4082 Afflictacabre]
975 4017 1029 4066 viz.
1047 4016 1111 4066 Solis
1126 4017 1203 4065 radiis

98 4087 152 4129 moti
164 4087 263 4144 corporis
273 4092 341 4131 aestu.
667 4082 795 4143 calefactae
813 4085 954 4132 Lambinus:
969 4082 1133 4144 edditFayus,
1143 4081 1203 4129 ldeo

131 4147 186 4194 836.
204 4146 311 4210 Nictari]
322 4147 362 4195 Sic
369 4147 463 4211 legeret
471 4147 573 4202 Festus;
592 4148 634 4196 sed
667 4163 730 4210 aqua
748 4147 774 4194 in
792 4148 873 4212 puteis
891 4148 978 4212 hyeme
996 4147 1025 4195 fit
1041 4145 1127 4203 calida,
1145 4143 1203 4207 quie

98 4209 163 4257 haud
183 4211 255 4276 dubie
273 4212 404 4276 legendum
424 4215 509 4270 nixari,
530 4220 558 4260 ut
576 4211 633 4263 alibi
667 4211 825 4260 terreaffecta
835 4213 914 4261 calore
925 4209 1204 4273 calefaciteamsubteri

98 4273 196 4338 passim,
208 4276 272 4338 quod
281 4285 306 4325 et
314 4277 406 4341 optime
415 4277 477 4326 vidit
486 4277 632 4327 Lambinus:
666 4293 714 4342 qua
732 4276 895 4341 explicatione
916 4275 978 4326 nihil
997 4288 1104 4337 unquam
1123 4271 1201 4339 stupi-

98 4341 181 4387 Faber.
666 4342 728 4391 dius.

767 4420 783 4453 u
796 4422 813 4453 u
