2872 4852
438 226 606 300 LIBER
633 236 893 301 TERTIUS.
1161 240 1220 304 135

200 394 340 469 Semina,
356 413 469 456 curare
485 393 517 455 in
530 393 683 456 membris
699 404 735 455 ut
751 393 829 456 Vita
844 403 998 457 moretur.

200 495 263 558 Est
278 496 377 579 igitur
392 492 500 572 Calor,
517 517 555 558 ac
572 494 700 559 Ventus
716 494 820 559 vitalis
835 497 867 558 in
883 496 956 579 ipso

138 610 183 656 1³0
199 599 355 682 Corpore,
372 599 428 681 qui
442 598 536 661 nobis
552 597 762 661 moribundos
778 598 900 661 deserit
914 608 1016 661 artus.

243 701 465 785 Quapropter,
482 701 634 784 quoniam
649 700 689 763 'st
704 698 814 764 Animi
829 711 946 764 natura
960 708 1101 783 reperta,

200 802 311 886 Atque
327 801 576 884 Animae,›quasi
591 823 668 885 pars
685 800 853 864 Hominis:
877 801 980 865 redde
997 800 1187 864 Harmoniai

200 905 329 968 Nomen
344 905 385 968 ab
401 905 553 988 organico
570 903 654 967 saltu
670 903 812 968 delatum
829 902 1008 978 Heliconis,

201 1008 275 1072 Sive
290 1007 419 1072 aliunde
435 1009 497 1091 ipsi
512 1030 611 1091 porro
626 1018 756 1070 traxere
770 1033 777 1083 3
802 1008 883 1071 etin
898 1005 984 1070 illam

49 1177 52 1181 ⁴
138 1123 183 1169 1³5
198 1109 463 1185 Transtulerunt‚
479 1109 613 1193 proprio
627 1130 702 1192 quae
718 1119 786 1170 tum
801 1129 853 1170 res
870 1108 996 1170 nomine
1012 1108 1141 1190 egebat,

202 1210 369 1292 Quicquid
384 1211 418 1272 id
433 1221 495 1284 est,
515 1209 677 1273 habeant:
702 1208 757 1272 Tu
772 1218 891 1272 caetera
905 1209 1037 1292 percipe
1055 1209 1152 1272 dicta.

134 1346 137 1354 ι
200 1312 300 1374 Nunc
316 1311 481 1386 Animum,
498 1320 595 1393 atque
610 1308 761 1372 Animam
775 1309 849 1372 dico
864 1310 1038 1393 conjuncta
1052 1311 1155 1373 teneri

151 1527 204 1574 130.
228 1525 388 1588 Moribundos]
409 1529 555 1576 Moribuadis
567 1547 575 1582 ,·
603 1527 649 1575 Fa·
684 1543 733 1576 non
743 1527 847 1576 absurde
856 1527 912 1586 dici,
923 1527 1021 1592 probari
1033 1536 1153 1592 potestex
1163 1527 1218 1574 Ma-

116 1592 166 1638 ber.
684 1592 743 1640 nilio
755 1593 864 1655 ejusdem
875 1592 925 1640 fere
938 1591 1016 1641 aetatis
1028 1593 1152 1657 scriptore,
1162 1594 1217 1640 Pri·

150 1657 203 1702 131.
233 1659 383 1717 Quapropter,
406 1658 511 1718 quoniam
534 1658 571 1714 'st,
593 1654 649 1718 eta]
682 1674 773 1720 musque
790 1661 852 1706 nouis
868 1660 981 1706 Helicona
997 1674 1082 1706 movere
1101 1659 1218 1713 Cantibus,

118 1719 314 1784 Disputationem
326 1720 357 1768 de
369 1721 507 1768 Harmonia
516 1737 539 1770 v.
553 1723 574 1769 6.
593 1736 649 1769 cum
682 1730 706 1770 et
715 1725 787 1770 uiridi
795 1731 902 1771 natantes
910 1727 993 1771 vertice
1003 1725 1087 1785 sylvas.
1098 1723 1218 1770 Astrono-

116 1794 253 1843 scommate,
266 1793 294 1832 ut
304 1794 357 1833 crat
367 1801 458 1850 pronus
467 1786 498 1833 ad
509 1796 649 1844 scommata,
683 1786 765 1835 micon
780 1786 820 1835 lib.
836 1788 856 1836 1.
892 1787 966 1835 lllum
978 1786 1065 1836 saltum
1082 1786 1131 1836 dici
1147 1801 1219 1850 posse

115 1849 250 1898 concludit:
268 1850 374 1898 habeant
389 1849 464 1912 igitur
476 1850 521 1898 sibi
533 1851 591 1898 boni
608 1850 650 1899 isti
682 1856 820 1915 organicum,
829 1860 916 1915 utpote
926 1852 1063 1910 Musarum,
1071 1851 1219 1900 carminum-

115 1923 140 1961 et
150 1914 221 1962 faceti
232 1914 319 1962 musici
337 1914 499 1963 Harmoniam
514 1915 594 1973 istam,
605 1932 648 1964 vo·
682 1917 833 1981 queplenum
838 1932 910 1965 nemo
918 1917 1045 1974 dubitabit,
1051 1917 1093 1979 qui
1100 1916 1218 1965 memine-

114 1994 167 2026 cem
183 1979 267 2043 inepte
279 1980 367 2036 fictam,
380 1991 405 2027 et
420 1979 529 2043 ineptius
541 1980 649 2044 applica·
681 1981 715 2030 rit
721 1998 777 2030 eum
788 1982 860 2030 toties
869 1997 883 2029 a
891 1981 970 2045 poetis
978 1984 1075 2029 vocalem
1085 1980 1158 2029 luisse
1168 1980 1219 2028 dic-

115 2052 177 2098 turns
195 2044 253 2106 quid
265 2043 331 2092 enim
342 2043 368 2091 in
385 2043 487 2092 istorum
500 2045 571 2108 nugis
582 2045 647 2093 reiu-
682 2054 741 2094 tum.
767 2046 814 2094 Est
825 2054 906 2093 tamen
918 2045 959 2107 qui
971 2045 1038 2108 legit,
1050 2048 1091 2093 Aa
1102 2048 1220 2107 organicos

115 2107 195 2156 tandis
206 2108 298 2156 diutius
308 2108 470 2156 immorarer?
682 2114 729 2158 olto
741 2113 841 2158 delutum
852 2113 976 2165 Heliconem·
989 2110 1022 2158 Et
1033 2125 1078 2173 pro
1090 2117 1181 2157 trarere
1192 2108 1219 2156 in

150 2174 202 2220 133.
215 2175 253 2220 Ab
268 2177 375 2235 organico
390 2175 452 2221 saltu
463 2176 572 2221 delatam
581 2176 648 2222 Heli·
683 2175 795 2236 sequenti
807 2190 879 2223 versu
891 2184 974 2223 terere.

114 2235 189 2299 conis]
201 2237 251 2284 Cur
260 2239 393 2285 Harmonia
405 2253 483 2285 nomen
494 2241 524 2285 οἱ)
532 2240 651 2286 Heliconis
718 2240 770 2286 185.
789 2241 886 2300 Proprie
895 2256 945 2300 quae
962 2246 1010 2286 tam
1021 2255 1058 2286 res
1069 2240 1156 2286 nomine
1167 2253 1219 2300 egc-

114 2305 222 2363 orgam'co
237 2304 299 2349 saltu
309 2304 411 2350 detritam
421 2301 487 2349 dicat
504 2301 649 2349 Lucretius?
685 2300 736 2364 tat]
750 2303 836 2360 Miror,
849 2318 906 2350 nam
915 2311 972 2350 ante
983 2305 1124 2350 harmoniam
1132 2300 1221 2348 usitata

116 2366 146 2412 ld
158 2381 216 2413 vero
232 2380 308 2412 unum
326 2375 364 2413 est
374 2365 438 2427 quod
450 2364 511 2412 mihi
527 2380 651 2426 nunquam
684 2365 784 2413 nomina
795 2375 865 2414 erant
874 2365 951 2426 doubs,
964 2365 1039 2428 ψυχὴ,
1051 2366 1117 2420 νοῦς)
1136 2365 1179 2413 sed
1189 2365 1220 2412 de

114 2429 210 2493 placere
224 2430 311 2492 potuit,
323 2429 414 2493 quippe
425 2429 466 2491 qui
478 2437 572 2476 montem
584 2446 650 2491 orgo-
684 2429 755 2489 θυμὸς
763 2438 864 2493 propter
871 2428 1056 2489 πολυσημασίον
1065 2439 1102 2477 est
1111 2429 1152 2492 qui
1161 2444 1219 2476 con-

114 2498 189 2541 nicam
201 2509 245 2541 seu
256 2498 364 2541 musicam
377 2495 445 2556 (nam
457 2493 573 2556 organici,
586 2493 652 2540 haud
685 2493 811 2552 tradicere‚
823 2509 960 2556 quanquam
973 2493 1068 2550 frustra,
1080 2493 1170 2559 possit;
1189 2493 1220 2540 de

115 2557 189 2605 dubie
209 2557 296 2606 musici
313 2557 434 2614 dicuntur,
453 2567 481 2605 ut
497 2573 528 2605 ex
548 2557 653 2621 ipsomet
685 2559 739 2606 νοῦ)
755 2557 845 2606 dixerit
860 2558 946 2620 aliquis
963 2573 1017 2606 esse
1033 2558 1153 2606 actionem
1171 2573 1221 2605 non

110 2622 230 2681 ‚Lucretio
242 2622 299 2670 alibi
310 2623 426 2684 constat),
433 2632 541 2671 montem
552 2622 652 2684 inquam
684 2623 836 2677 facultatem:
855 2632 881 2670 at
898 2622 928 2670 de
943 2623 1011 2684 ψυχὴ
1027 2638 1075 2670 nou
1091 2622 1163 2671 video
1178 2622 1220 2684 qui

114 2687 242 2743 musicum,
248 2687 651 2751 nonmagisquamgrammaticum,
684 2696 769 2735 contra
780 2687 839 2735 stari
855 2687 939 2751 possit,
952 2702 1009 2734 nam
1021 2686 1085 2748 quod
1096 2685 1164 2750 ψυχὴ
1174 2685 1219 2734 ali·

115 2762 157 2799 aut
168 2751 320 2800 dialecticum
334 2752 382 2799 diri
393 2767 464 2816 posse
476 2760 574 2816 putem:
593 2751 651 2800 inde
700 2753 781 2801 uando
797 2768 842 2816 pro
858 2752 976 2815 sanguine
992 2751 1100 2815 positum
1116 2751 1220 2814 legimus

115 2817 175 2864 adeo
185 2816 274 2864 factum
286 2826 323 2864 est
333 2825 361 2864 ut
372 2832 469 2881 semper
485 2817 594 2880 legerim,
606 2832 650 2864 ne·
684 2768 787 2881 dquippe
807 2817 875 2865 locus
893 2828 931 2865 est
948 2816 979 2864 ad
996 2832 1049 2864 rem
1068 2816 1094 2864 in
1116 2815 1220 2864 Nebulis

115 2897 161 2943 que
180 2881 258 2928 adhuc
276 2881 402 2944 scripsisse
422 2881 562 2930 Lucretium
580 2881 651 2930 aliter
684 2881 862 2946 Aristophanis,
880 2881 922 2929 ubi
938 2881 1043 2939 cimices,
1056 2897 1117 2994 quos
1131 2881 1218 2928 Corin·

115 2946 225 3002 arbitrer,
243 2948 330 2993 Nomen
342 2950 371 2993 ab
383 2950 489 3009 organico
505 2955 579 2994 cantu
590 2947 649 2994 duc·
683 2947 747 2994 thios
764 2956 841 3005 vocat,
858 2946 904 3004 τὴν
921 2946 1002 3008 ψυχὴν
1018 2948 1063 2994 tea
1073 2944 1172 3006 νουσιν),
1194 2944 1219 2992 id

115 3009 407 3058 tumcitheraissedcum
420 3011 651 3067 exsistentium
683 3011 717 3058 ita
736 3011 841 3074 intelligi
860 3012 933 3059 debet
951 3021 978 3058 ut
995 3010 1126 3059 orientales
1146 3010 1219 3072 vulgo

115 3077 216 3131 cithara,
229 3074 321 3122 librarii
332 3074 361 3122 rh
371 3074 516 3123 eimaeronis
528 3076 650 3132 fecissent,
684 3077 829 3134 sentiebant,
846 3075 887 3138 qui
904 3074 987 3124 sedem
1004 3076 1102 3123 Animae
1114 3075 1141 3122 in
1161 3090 1218 3123 san-

115 3139 185 3187 facile
201 3139 248 3188 fuit
264 3139 348 3197 doctis,
366 3140 408 3201 qui
425 3140 512 3188 vitium
529 3140 555 3188 in
572 3150 651 3188 metro
683 3141 757 3203 guine
769 3142 899 3205 ponebant.
930 3141 991 3187 Haec
1006 3140 1065 3188 item
1079 3141 1164 3197 Faber,
1177 3139 1219 3201 qui

115 3204 338 3261 animadverterint,
351 3220 404 3252 eam
415 3220 500 3252 vocem
513 3214 607 3252 mutare
624 3206 650 3252 in
683 3205 759 3253 labori
771 3221 815 3253 suo
826 3220 926 3269 parcere
937 3204 1064 3268 potuisset,
1074 3205 1095 3252 si
1105 3205 1156 3251 haec
1167 3219 1218 3250 om·

114 3268 144 3316 τὸ
157 3268 292 3327 Heliconis,
300 3278 328 3316 ut
338 3268 458 3317 laboranti
470 3269 552 3317 versui
561 3270 649 3317 subve·
683 3269 724 3317 nia
735 3285 788 3317 esse
798 3278 957 3317 scommatum
968 3268 1042 3331 plena
1049 3267 1207 3331 percepisset

115 3333 221 3382 nitetur:
244 3343 331 3381 caetera
346 3342 435 3390 autem,
448 3333 484 3380 uti
501 3342 526 3380 et
542 3333 651 3396 corrupti
718 3333 771 3384 137.
793 3336 863 3381 Nunc
880 3336 995 3394 Animum,
1016 3341 1083 3393 utque
1101 3335 1219 3389 Animam,

43 3394 47 3400 ’
111 3397 230 3446 carminis
252 3397 315 3444 ratio
342 3397 487 3460 postulabat,
511 3413 555 3460 pro
578 3409 650 3461 captu
683 3397 740 3460 eta]
753 3397 953 3446 VocibusAnimo
963 3405 988 3443 et
996 3399 1093 3444 Animas
1104 3395 1217 3444 indiscri·
1305 3420 1309 3428 ·

114 3465 230 3525 cujusque
243 3470 342 3519 mutata,
354 3476 431 3518 versa,
443 3461 589 3524 interpolata
597 3461 649 3508 iue-
683 3461 795 3509 minatim
810 3477 867 3509 usus
884 3470 921 3508 est
939 3460 1074 3518 Lucretius,
1092 3470 1118 3508 et
1133 3461 1219 3523 quidni

114 3537 179 3575 runt.
214 3526 286 3580 Quod
308 3535 390 3573 autem
417 3524 485 3573 addit
513 3525 648 3584 Lucretius,
682 3525 707 3573 id
724 3526 822 3582 iaceret,
833 3541 889 3573 curn
901 3528 998 3574 Animus
1013 3534 1037 3573 et
1048 3529 1133 3573 Anima
1144 3541 1219 3574 unam

115 3595 167 3640 Sive
178 3590 276 3638 aliunde
287 3594 333 3652 ipsi
346 3607 415 3652 porro
427 3598 524 3638 traxere.
543 3591 600 3638 Non
612 3599 648 3638 te·
682 3599 777 3638 tantum
794 3599 905 3638 naturam
923 3590 1088 3638 constituant?
1112 3590 1219 3639 Animus

115 3671 181 3704 mere
204 3656 302 3712 factum,
326 3671 381 3703 cum
403 3658 521 3703 harmonia
539 3664 649 3704 sumatur
682 3665 763 3703 autem
776 3654 801 3702 in
812 3671 859 3718 quo
866 3654 929 3703 ratio
937 3654 984 3703 sita
993 3665 1037 3713 est,
1046 3655 1117 3704 istius
1125 3666 1219 3704 naturae

114 3721 188 3768 etiam
217 3737 244 3768 ro
254 3722 377 3781 junctura,
391 3736 434 3768 seu
446 3735 562 3784 compage
579 3720 648 3783 ligni,
681 3720 805 3785 praecipua
821 3735 878 3784 pars
895 3721 922 3768 in
942 3720 1014 3768 corde
1032 3720 1093 3769 situs
1111 3730 1155 3778 est,
1176 3720 1219 3769 ubi

115 3784 153 3833 vel
174 3737 296 3833 solidioris
314 3785 417 3847 alicuius
436 3784 551 3833 materiae.
588 3785 650 3833 Inde
683 3800 767 3834 omnes
783 3785 909 3848 passiones
925 3785 996 3833 sedes
1012 3801 1069 3834 suas
1085 3786 1182 3844 habent,
1194 3794 1220 3834 et

111 3850 180 3913 apud
200 3850 390 3913 Aristophanem
413 3849 527 3913 ἁρμονιῶν
548 3852 649 3912 inexcu—
682 3866 736 3898 sese
748 3859 885 3899 ostentant:
903 3850 932 3898 ri
944 3848 970 3898 δὲ
981 3849 1082 3911 λογικὸν
1091 3851 1117 3899 ἐν
1126 3851 1218 3913 θώρακι,

115 3916 219 3969 κονσῶν;
240 3913 335 3962 indeet
353 3915 491 3978 Hesychius
508 3915 533 3962 in
546 3915 650 3976 quodam
682 3917 713 3964 ὡς
735 3917 809 3973 δῆλον
832 3916 860 3963 ἐκ
880 3933 909 3962 τε
932 3917 981 3963 τῶν
1002 3914 1091 3978 φόβων,
1112 3915 1151 3963 ael
1175 3917 1220 3972 τῆς

114 3978 263 4027 locoveteris
271 3979 404 4043 scriptoris,
412 3979 649 4042 quemipsequidem
682 3981 765 4042 χαρᾶς.
785 3979 910 4042 Diogenes
920 3978 1040 4027 Lairtiu.
1059 3979 1219 4027 Docetetiam

114 4058 163 4091 non
179 4043 296 4101 nominat,
308 4045 351 4092 sed
368 4060 412 4092 nos
431 4045 584 4092 Herodotum
596 4059 649 4092 esse
683 4044 812 4108 Epicurus,
829 4041 939 4101 τὰπάθη
956 4043 995 4091 nal
1006 4044 1050 4093 ris
1061 4042 1183 4100 aiottrets
1195 4043 1220 4090 ir

113 4108 211 4165 scimus,
223 4105 335 4171 ἁρμονίαν
349 4109 523 4172 interpretatur
535 4106 648 4170 σύζευξιν,
682 4110 733 4158 τοῖς
743 4106 872 4158 πεπονθόσι
887 4107 969 4156 τόποις
980 4123 1039 4157 esse.
1075 4107 1220 4155 Plutarchus

110 4187 157 4220 seu
173 4172 382 4234 conjunctionem:
400 4173 451 4221 haec
474 4174 558 4231 Faber,
580 4176 650 4234 cujus
683 4173 713 4221 de
726 4174 761 4221 Pl.
775 4173 838 4221 Phil.
867 4173 958 4220 Anima
970 4188 1028 4220 vero
1043 4173 1115 4233 hujus
1127 4177 1220 4217 naturae

112 4236 212 4299 ingenio
223 4237 329 4300 plurima
339 4238 499 4301 indulgerem,
511 4238 533 4287 si
544 4238 590 4286 sibi
602 4237 650 4302 ipsi
682 4254 739 4302 pars
755 4238 855 4287 inferior
867 4239 893 4285 in
905 4253 953 4300 qua
962 4235 1063 4284 facultas
1074 4232 1219 4282 locomotiva

113 4301 233 4366 imperare
248 4302 375 4365 potuisset.
410 4303 503 4351 Saltum
521 4303 650 4351 Heliconis
682 4303 804 4367 praecipue
828 4303 875 4350 sita
897 4310 941 4359 est,
963 4316 1009 4364 per
1031 4308 1113 4348 totum·
1131 4313 1219 4366 corpus
