2872 4852
213 231 274 296 166
592 226 636 291 Τ.
661 224 932 291 LUCRETII

295 384 368 451 Aut
382 385 459 471 quia
473 405 539 448 non
553 383 686 448 veniunt
701 382 830 447 omnino
845 381 949 446 aliena
964 378 1096 458 salutis;
1130 449 1133 454 ,

296 487 369 553 Aut
383 488 459 572 quia
474 508 548 571 quse
563 487 707 563 veniunt,
724 484 831 569 aliqua
845 485 970 548 ratione
985 484 1145 548 recedunt

298 589 400 655 Pulsa
414 589 517 673 priuS,
534 610 641 671 quam,
658 588 738 670 quid
753 597 904 662 noceant,
921 584 1040 649 sentire
1056 607 1231 668 queamus:

234 703 281 750 835
297 691 427 755 Scilicet
442 713 461 754 a
475 712 553 753 vera
567 688 663 775 longe
678 689 803 753 ratione
818 696 977 752 remotum
992 686 1042 749 'st.

299 794 426 858 Praeter
440 793 524 857 enim
542 814 639 876 quam
653 791 743 876 quod
757 790 878 855 morbis
896 799 962 853 tum
978 788 1133 872 Corporis
1150 788 1255 874 aegrit,

298 896 444 961 Advenit
458 895 504 971 id,
520 895 610 978 quod
624 917 697 958 eam
710 893 753 958 de
767 893 867 956 rebus
883 913 971 976 saepe
986 889 1103 954 futuris
1191 967 1196 971 .

300 1000 460 1075 Macerat,
476 998 574 1080 inque
589 1008 678 1062 metu
692 995 774 1060 male
787 995 899 1072 habet,
915 994 1066 1078 curisque
1081 992 1214 1078 fatigat:

299 1099 544 1183 Praeteritisque
559 1099 700 1162 admissa
711 1098 802 1161 anuis
817 1107 952 1183 peccata
966 1096 1164 1160 remordent.

234 1214 282 1261 840
298 1202 397 1266 Adde
413 1201 558 1265 furorem
573 1200 684 1264 Animi
698 1201 877 1285 proprium,
893 1211 991 1283 atque
1007 1199 1123 1263 oblivia
1138 1219 1257 1275 rerum,

299 1304 399 1369 Adde
416 1303 504 1386 quod
519 1302 553 1365 in
567 1303 676 1386 nigras
694 1301 854 1386 Lethargi
867 1301 1024 1386 mergitur
1037 1301 1154 1365 undas.

342 1404 402 1470 Nil
417 1405 515 1489 igitur
530 1403 625 1468 Mors
640 1414 702 1481 est,
718 1405 760 1468 ad
776 1427 834 1468 nos
850 1425 956 1487 neque
971 1403 1114 1489 pertinet
1127 1402 1239 1480 hilum,

300 1507 576 1592 Quandoquidem
591 1517 708 1570 natura
721 1503 831 1570 Animi
846 1504 989 1570 mortalis
1003 1505 1163 1570 habetur:

301 1612 349 1675 Et
363 1609 452 1674 velut
466 1617 616 1672 anteacto
630 1607 677 1670 nil
691 1618 837 1691 tempore
852 1607 1114 1692 sensimusaegri,

236 1727 283 1774 845
299 1713 356 1778 Ad
372 1711 611 1794 confligendum
626 1709 828 1774 venientibus
843 1710 987 1793 undique
1000 1709 1131 1786 Poenis;

300 1814 420 1879 Omnia
435 1834 508 1877 cum
521 1811 599 1876 belli
611 1811 741 1896 trepido
756 1833 914 1875 concussa
929 1809 1070 1875 tumultu

299 1915 447 1980 Horrida
461 1923 685 1978 contremuere
701 1914 762 1977 sub
777 1911 850 1977 altis
866 1912 997 1977 oetheris
1012 1912 1121 1992 auris3

300 2017 340 2081 In
356 2018 521 2100 dubioque
537 2014 599 2079 fuit
614 2015 675 2079 sub
690 2024 837 2079 utrorum
851 2037 952 2098 regua
966 2015 1149 2081 cadendum

301 2120 463 2185 Omnibus
477 2117 626 2181 humanis
641 2127 740 2195 esset,
757 2127 909 2201 terraque
924 2118 1089 2202 marique:

238 2234 286 2281 850
302 2222 356 2286 Sic
371 2221 429 2286 ubi
441 2243 507 2284 non
521 2220 651 2296 erimuS,
668 2242 741 2284 cum
757 2217 925 2304 Corporis,
941 2230 1040 2303 atque
1055 2220 1186 2285 Animai

298 2324 484 2389 Discidium
499 2322 608 2400 fuerit,
624 2322 743 2406 quibus
756 2343 774 2386 e
789 2345 900 2386 sumus
915 2323 1022 2387 uniter
1037 2323 1117 2408 apti,

283 2452 285 2459 ·
299 2427 430 2492 Scilicet
444 2425 535 2490 haud
547 2424 656 2489 Nobis
672 2425 855 2509 quicquam,
871 2425 928 2510 qui
942 2447 1008 2490 non
1022 2426 1141 2490 erimus
1156 2435 1236 2504 tum,

299 2528 461 2594 Accidere
477 2527 606 2591 omnino
620 2527 751 2611 poterit,
768 2548 963 2610 sensumque
978 2549 1125 2593 movere:

299 2631 378 2694 Non
394 2630 422 2693 si
436 2640 524 2693 terra
538 2629 619 2692 mari
632 2629 831 2706 miscebitur,
847 2639 881 2693 et
891 2649 978 2692 mare
995 2628 1089 2697 coelo.

246 2814 301 2862 836.
323 2812 414 2862 Praeter
429 2816 489 2863 enim
509 2830 577 2876 quam
592 2816 653 2876 quod
668 2815 751 2863 morbis
784 2821 849 2878 toque
869 2817 985 2865 animante
1004 2817 1085 2874 deleto,
1104 2822 1127 2864 et
1139 2813 1208 2878 fecto
1224 2816 1321 2862 interitu

214 2886 261 2927 trem
275 2882 380 2940 Corporis
391 2878 472 2941 aegrit]
492 2879 531 2926 lta
548 2878 689 2936 Lambinus,
705 2877 749 2926 ali·
783 2883 894 2937 aniverso,
914 2883 940 2928 id
955 2883 1051 2929 Animal
1070 2883 1130 2943 qnod
1141 2877 1218 2942 suerit
1227 2876 1320 2941 sactum

213 2943 310 3006 quando
321 2942 430 3006 legebat,
448 2945 537 2990 Preter
553 2946 612 2990 enim
628 2946 688 3004 quod
703 2950 751 2990 tum
783 2961 830 2993 esse
842 2948 902 2992 niln'l
910 2965 919 3000 ,-
936 2949 957 2993 is
964 2949 1034 3007 plene
1043 2949 1175 3008 perspiciet,
1189 2948 1251 2993 inter
1266 2946 1319 3004 laip-

213 3010 293 3056 Morbi
312 3015 353 3064 est,
371 3024 421 3055 cum
442 3010 536 3068 Corpori
553 3024 614 3070 egre
632 3015 673 3055 est.
691 3006 749 3063 Alii,
779 3017 951 3072 pocentonrnm
963 3014 1003 3072 qai
1018 3027 1132 3073 nunquam
1142 3007 1226 3072 suerit,
1243 3015 1267 3058 et
1282 3025 1318 3056 re·

214 3073 305 3121 Praeter
321 3076 380 3121 enim
396 3089 464 3134 quam
479 3075 540 3134 qnod
554 3075 627 3120 morbi
647 3079 682 3120 est
701 3088 751 3120 cnm
781 3091 833 3138 gem
844 3078 1040 3137 Agamemnonem,
1053 3078 1092 3137 qni
1102 3074 1161 3138 snit,
1172 3077 1232 3122 nibil
1246 3077 1319 3122 inter-

215 3139 297 3198 Corpn’
311 3145 415 3200 oprtet.
783 3155 846 3187 esee:
862 3156 903 3187 nee
912 3141 988 3200 pluris
999 3157 1059 3188 ncnc
1067 3141 1144 3195 facere
1154 3141 1188 3187 M.
1200 3141 1320 3187 Camillum

149 3211 151 3215 '
247 3204 302 3252 839.
314 3205 488 3264 Preteritirque
498 3204 599 3250 admissa
609 3199 689 3264 annis]
701 3202 751 3250 Re·
784 3207 824 3252 lmc
832 3206 898 3252 civile
908 3207 988 3253 bellum
998 3207 1113 3267 quantillo
1123 3207 1172 3253 vim
1181 3202 1320 3267 egosecerim

209 3267 261 3330 jice
277 3283 343 3326 vero,
360 3269 535 3330 Preteritisque
551 3269 652 3316 admisto
668 3270 751 3316 malis:
783 3271 988 3330 anomcaptam.
1022 3266 1132 3329 Συνέθιζε
1142 3267 1168 3317 δὲ
1181 3267 1284 3317 σεαυτὸν
1295 3269 1321 3315 ἐν

214 3341 246 3391 et,
262 3331 435 3396 Preteritisqne
446 3335 504 3381 male
515 3335 628 3381 adrensis.
784 3335 819 3382 r⁸
837 3331 940 3394 νομίζειν
957 3331 1031 3394 μηδὲν
1050 3332 1108 3396 πρὸς
1125 3332 1186 3393 ἡμᾶς
1203 3331 1261 3381 elren
1277 3329 1321 3380 τὸν

247 3398 302 3445 842.
323 3400 368 3445 Nil
386 3401 460 3461 igitar
475 3400 541 3446 Mors
557 3405 598 3455 ert,
611 3395 667 3460 ete]
685 3395 752 3452 Quid
785 3403 798 3448 θ
828 3416 892 3455 orror,
911 3398 962 3446 irtel
978 3399 1026 3448 πᾶν
1043 3398 1135 3458 ἀγαθὸν
1151 3397 1190 3446 καὶ
1206 3396 1280 3446 κακὸν
1295 3397 1321 3444 ἐν

213 3475 272 3509 vero
289 3461 311 3510 si
334 3461 424 3510 Anima
444 3462 560 3520 mortalis,
580 3461 602 3510 si
621 3462 752 3524 aliquando
783 3463 816 3528 τῇ
825 3461 941 3521 αἰσθήσει,
953 3461 1065 3527 στέρησις
1076 3461 1104 3511 δέ
1112 3463 1180 3511 ἐστιν
1190 3461 1321 3519 αἰσθήσεως

214 3534 279 3582 nata,
302 3525 360 3574 olim
380 3527 454 3575 etiam
474 3527 584 3590 peritura
603 3527 674 3586 foret,
692 3526 751 3590 quid
784 3525 916 3586 diductos,
933 3527 988 3577 dim
1001 3525 1156 3589 γνῶσιςόρθὴ
1172 3525 1246 3586 μηδὲν
1262 3523 1321 3574 εἶναι

213 3588 271 3637 inde
282 3589 362 3638 lucril
381 3591 525 3654 Respondet
535 3591 672 3649 Lucretius,
680 3608 702 3640 v.
713 3594 749 3640 13.
782 3592 840 3656 πρὸς
851 3591 912 3652 ἡμᾶς
922 3592 966 3642 τὸν
977 3589 1085 3642 θάνατον.
1119 3591 1241 3657 Epicurus
1255 3589 1321 3654 apud

214 3652 322 3702 Mortem
334 3654 422 3717 ipsam,
434 3664 460 3702 et
471 3671 557 3718 poenas
571 3664 628 3719 post
638 3664 749 3713 mortem,
783 3657 917 3705 Lairtium.

213 3733 273 3781 quas
286 3718 373 3781 vulgus
389 3719 516 3767 hominum
533 3728 660 3794 tantopere
673 3719 750 3777 timet,
816 3720 871 3771 847.
894 3719 980 3783 Auro]
1004 3721 1063 3780 Alii,
1086 3725 1149 3770 oris:
1178 3728 1320 3784 sequentem

213 3797 259 3832 nos
278 3782 322 3830 toti
340 3783 455 3831 mortales
471 3799 520 3833 non
535 3783 640 3848 emplius
655 3793 749 3832 metue·
783 3800 881 3834 versum
901 3795 968 3833 recte
990 3786 1068 3835 edidit
1095 3786 1236 3844 Lambinus,
1263 3784 1322 3834 licet

213 3862 275 3896 mus.
321 3845 357 3894 Ut
376 3847 443 3895 enim
470 3862 516 3896 nos
543 3848 653 3896 nondum
680 3857 751 3897 natos
783 3849 852 3897 codd.
876 3850 905 3896 In
927 3852 1038 3913 dubioque
1064 3850 1133 3900 luere
1160 3858 1263 3900 smmum
1290 3849 1322 3898 ad
1363 3849 1364 3852 ’

212 3927 310 3977 pugnae,
322 3911 449 3969 tumultus,
464 3911 554 3974 punica
565 3911 670 3974 denique
687 3912 751 3961 bella
782 3930 870 3977 regna.-
887 3913 952 3962 unde
963 3915 1084 3975 Gifanius,
1097 3918 1126 3964 In
1142 3919 1254 3978 dubioque
1268 3913 1321 3963 sue·

213 3993 263 4026 non
296 3976 432 4034 turbirunt,
461 3975 496 4024 sic
527 3975 601 4024 etiam
633 3986 749 4035 mortuos,
782 3978 816 4027 rit
826 3983 978 4028 etrornmad.

213 4041 327 4105 quoniam
337 4039 429 4089 Anima
437 4056 505 4102 reque
515 4057 543 4088 ac
553 4041 648 4103 Corpus
656 4040 749 4099 interit,
816 4043 871 4090 861.
888 4045 970 4092 Uniter
983 4043 1046 4108 apti]
1064 4045 1159 4103 Festus,
1176 4047 1320 4108 conprehen-

213 4106 284 4164 bella,
301 4105 419 4154 tumultus
435 4105 503 4154 nulla
519 4103 674 4154 solicitudine
696 4106 748 4154 effi·
782 4110 836 4156 dere
847 4110 936 4155 vincalo
944 4111 1035 4170 antiqui
1047 4125 1120 4173 apere
1129 4113 1244 4167 dicebant,
1256 4109 1322 4159 unde

213 4171 286 4220 cient.
321 4171 357 4218 M.
375 4170 439 4219 Tull.
451 4169 492 4218 lib.
506 4171 527 4218 1.
545 4168 643 4217 Tuscul
656 4170 748 4224 Quaest.
781 4181 850 4234 optor
868 4171 890 4220 is
908 4171 950 4234 qui
968 4177 1124 4224 convenienter
1141 4178 1213 4223 aliem
1222 4175 1322 4238 junctus

216 4239 262 4288 Qui
279 4239 339 4284 enim
357 4239 415 4284 rotis
431 4238 516 4284 viderit
531 4237 558 4281 id
573 4236 633 4295 qnod
648 4243 683 4282 est
700 4237 748 4285 luce
781 4245 822 4285 ert.
857 4236 976 4294 Catullus,
995 4237 1041 4301 Ep.
1055 4240 1094 4286 38.
1111 4242 1181 4299 Apris
1198 4241 1322 4287 sarmnclir

213 4303 307 4360 clarina,
319 4303 401 4349 Animo
412 4309 435 4349 et
448 4304 545 4361 Corpore
559 4307 694 4360 consumpto,
712 4307 746 4346 to·
780 4310 805 4348 et
815 4303 935 4363 expeditis.
974 4304 977 4310 ’
