2872 4852
435 243 607 308 LIBER
638 243 914 318 QUARTUS.
1169 241 1230 310 193

249 399 335 463 Esse
348 400 382 462 in
398 397 597 484 Imaginibus
613 396 815 486 quapropter
831 423 929 465 eausa
943 401 1073 465 videtur
1157 391 1160 397 ⁷

205 501 379 578 Cernendi,
396 524 501 585 neque
517 525 615 587 posse
631 504 701 567 sine
715 503 766 566 his
780 526 834 568 res
850 503 915 566 ulla
929 503 1043 567 videri.

140 618 188 663 240
244 604 345 668 Nunc
359 627 408 682 ea,
426 628 500 689 quae
516 606 600 683 dioc,
618 628 724 670 rerum
740 605 930 682 Simulacra,
946 604 1097 670 feruntur

203 706 370 790 Undique,
384 709 464 770 etin
479 719 613 773 cunctas
624 710 790 791 jaciuntur
806 709 909 772 didita
924 709 1066 792 parteis;

204 809 340 885 Verum,
357 831 417 872 nos
433 808 534 874 oculis
551 811 627 894 quia
642 805 718 873 solis
734 831 867 874 cernere
883 810 1023 893 quimus,

202 910 384 995 Propterea
398 911 448 989 fit,
464 912 522 988 uti,
540 912 681 995 speciem
696 934 762 995 quo
778 913 943 990 vertimuS,
960 928 1085 976 omnes·

203 1013 272 1078 Res
288 1015 333 1078 ibi
347 1037 418 1078 eam
433 1025 546 1078 contra
562 1013 680 1079 feriant
696 1014 811 1091 forma,
825 1025 923 1097 atque
939 1013 1059 1078 colore.

137 1128 184 1174 ast
244 1115 291 1179 Et
306 1126 462 1198 quantum
477 1116 616 1200 quaeque
632 1141 651 1180 a
667 1117 761 1180 nobis
778 1137 830 1178 res
847 1117 943 1192 absit,
960 1114 1073 1200 Imago

203 1217 314 1281 Efficit
329 1229 366 1281 ut
380 1219 558 1295 rideamus,
572 1229 605 1282 et
620 1219 842 1282 internoscere
857 1228 960 1282 curat.
1010 1205 1013 1209 ⁴

201 1319 290 1384 Nam
305 1342 379 1383 cum
394 1320 543 1397 mittitur,
560 1319 724 1404 extemplo
739 1320 916 1404 protrudit,
936 1321 1068 1403 agitque

203 1420 305 1498 Aera,
320 1423 376 1506 qui
390 1423 475 1486 inter
491 1444 526 1485 se
541 1444 678 1506 cumque
692 1423 743 1497 'st,
761 1421 937 1510 oculosque
952 1421 1095 1498 locatus,

202 1524 300 1608 Isque
316 1524 361 1587 ita
376 1546 436 1607 per
450 1533 579 1587 nostras
594 1526 679 1587 acies
695 1520 875 1607 perlabitur
890 1525 1003 1600 omnia,

138 1640 185 1686 τοο
202 1627 249 1690 Et
263 1627 355 1711 quasi
370 1637 538 1711 perterget
552 1625 704 1711 pupillas,
722 1637 820 1711 atque
835 1627 881 1690 ita
896 1626 1023 1689 transit.
1084 1616 1093 1631 ’
1116 1625 1119 1628 ’

201 1729 382 1813 Propterea
397 1728 447 1806 fit,
462 1730 510 1792 uti
525 1730 691 1793 videamus
707 1751 804 1813 quam
819 1727 934 1812 procul
949 1730 1035 1792 absit

201 1830 270 1894 Res
286 1854 424 1916 quaeque
435 1858 442 1909 ;
454 1844 456 1847 ’
466 1842 500 1895 et
515 1831 724 1915 quantoplus
739 1832 824 1894 aeris
840 1842 915 1894 ante
930 1831 1083 1914 agitatur,

200 1933 247 1996 Et
261 1945 390 1998 nostros
405 1934 517 1999 oculos
533 1943 701 2018 perterget
715 1932 843 2017 longior
859 1955 949 2009 aura,

198 2036 281 2101 Tam
296 2036 411 2121 procul
426 2059 498 2100 esse
514 2038 615 2120 magis
632 2058 684 2100 res
700 2057 840 2119 quaeque
855 2045 980 2099 remota
994 2035 1140 2099 videtur:

145 2256 200 2302 238.
217 2258 273 2303 Esse
289 2259 313 2303 in
333 2259 485 2318 Imaginibus,
502 2255 558 2318 ete]
577 2256 650 2303 Hanc
684 2255 739 2303 οἵων
762 2254 851 2311 δήποτε
873 2253 995 2317 ῥευμάτων
1017 2255 1058 2317 ἀφ’
1080 2255 1146 2316 ἡμῶν
1167 2255 1225 2317 πρὸς

114 2318 216 2382 Epicuri
229 2320 374 2368 sententiam
386 2321 421 2367 ita
433 2320 540 2382 explicat
549 2320 580 2367 A.
590 2319 649 2367 Gel-
685 2320 764 2366 ἐκεῖνο
780 2318 980 2382 παραγινομένων·
998 2320 1078 2377 οὕτως,
1096 2321 1127 2369 ὣς
1142 2318 1223 2367 τόπων

112 2382 168 2441 lius,
185 2383 255 2430 Noct.
270 2385 322 2431 Aa.
339 2384 381 2431 lib.
394 2384 425 2431 V.
443 2400 463 2430 c.
484 2385 520 2431 16.
536 2387 651 2445 Epicurus
683 2384 754 2430 τινῶν
766 2381 918 2430 ἐπεισιόντων
928 2381 984 2442 ἡμῖν
997 2381 1043 2430 ἀπὸ
1053 2386 1102 2430 τῶν
1112 2381 1222 2446 πραγμά-

112 2455 188 2495 autem
199 2451 290 2507 affluere
301 2465 388 2509 semper
397 2458 426 2495 et
437 2451 539 2495 omnibus
550 2452 650 2510 corpori·
683 2465 731 2494 των
743 2445 866 2509 ὁμοχρόων
878 2465 914 2504 τε,
925 2446 964 2495 καὶ
980 2446 1149 2510 ὁμοιομόρφων,
1162 2447 1224 2496 κατὰ

113 2515 155 2559 bas
164 2516 303 2560 simulachra
309 2516 412 2575 quedam
419 2529 536 2574 corporum
545 2516 650 2573 ipsorum,
684 2510 712 2558 τὸ
730 2507 874 2572 ἐνόρμοττον
891 2509 999 2572 μέγεθος,
1017 2510 1050 2560 εἰς
1067 2511 1113 2566 τὴν
1129 2511 1189 2574 όψιν,
1207 2512 1223 2569 ἦ

111 2593 183 2639 eaque
194 2593 242 2625 sese
253 2580 277 2624 in
287 2580 362 2624 oculos
373 2575 465 2638 inferre,
477 2584 544 2638 atque
556 2581 591 2625 ite
596 2579 652 2638 fieri
683 2575 729 2632 τὴν
736 2573 845 2633 διάνοιαν,
853 2574 930 2625 ὠκέως
936 2577 989 2625 τοῖς
995 2578 1079 2638 φοραῖς
1086 2575 1221 2639 χρωμένων.

112 2658 202 2688 sensum
221 2644 314 2690 videndi
332 2650 408 2703 putat.
443 2641 584 2690 Macrobius
607 2657 649 2689 au·
685 2640 807 2703 Epicurus
819 2641 849 2688 ad
862 2640 1024 2689 Herodotum.

113 2715 169 2763 tem,
183 2705 232 2753 Sat.
245 2705 286 2753 lib.
300 2706 361 2754 Vll.
374 2723 394 2754 c.
407 2708 443 2753 14.
470 2709 551 2754 Censet
564 2710 649 2768 Epicu·
717 2706 772 2752 245.
787 2708 820 2753 Et
831 2713 940 2766 quantum
951 2722 1045 2768 puraque
1056 2723 1071 2753 ο
1082 2709 1153 2761 nobis,
1165 2705 1222 2768 ete]

112 2787 153 2817 rus
175 2773 208 2817 cd
228 2774 330 2818 omnibus
351 2774 482 2832 emporibus
503 2771 560 2834 jugi
577 2774 651 2832 flucre
685 2769 767 2817 Multa
792 2780 856 2828 sunt,
880 2785 956 2832 eaque
984 2770 1091 2833 insignia
1113 2771 1144 2818 de
1169 2770 1224 2819 visu

112 2838 217 2897 quaedum
227 2839 367 2884 simulachra
383 2853 483 2894 tranare,
501 2852 651 2898 necunquam
683 2835 841 2898 problemata,
854 2850 956 2896 quorum
973 2835 1091 2883 nonnulla
1108 2835 1224 2900 proponit

113 2903 225 2947 tantulam
245 2917 330 2948 morum
352 2904 495 2957 intervenire,
515 2904 570 2963 quin
591 2904 651 2948 ultro
684 2907 709 2946 et
729 2898 836 2962 explicat
854 2898 990 2948 Lucretius.
1025 2900 1109 2948 Primo
1128 2909 1223 2948 certum

105 2963 217 3026 ferantur
228 2968 377 3028 inanifigarc
388 2968 524 3013 coherentes
534 2981 650 3027 corporum
684 2971 728 3020 est,
741 2979 785 3011 nos
797 2979 846 3010 non
863 2973 959 3015 tantum
975 2964 1068 3012 colores
1085 2965 1223 3027 formasque

110 3033 205 3099 exuvie,
216 3047 311 3092 quaram
319 3033 463 3092 receptacula
474 3034 499 3077 s'n
506 3033 650 3078 nostrtsoca-
683 3043 765 3076 rerum
774 3043 882 3086 cernere,
892 3029 992 3077 seduna
1001 3029 1074 3077 simul
1084 3029 1222 3092 intelligere

111 3096 142 3142 lis
153 3103 215 3152 sant,
224 3102 250 3142 et
266 3098 316 3143 ideo
328 3098 360 3143 ad
370 3098 502 3156 deputatam
519 3099 564 3142 sibi
575 3113 590 3142 c
607 3113 649 3143 na·
683 3102 800 3157 quantum
811 3108 850 3141 res
863 3093 921 3142 visae
932 3110 946 3141 a
957 3093 1028 3142 nobis
1039 3093 1137 3142 distant.
1158 3095 1223 3149 -Qus

112 3166 166 3206 tura
193 3162 268 3207 sedem
297 3164 387 3222 proprii
413 3177 492 3207 sensus
519 3167 648 3208 recurrunt.
682 3167 764 3206 autem
782 3157 877 3205 ratione
894 3157 920 3205 id
941 3158 1048 3206 efficiant
1068 3159 1188 3222 imagines
1208 3175 1223 3207 a

113 3223 236 3286 Epicurus
248 3224 328 3287 ipsea
347 3224 379 3271 ud
397 3223 521 3271 Laenium
533 3224 604 3272 docet
615 3224 648 3271 si·
682 3237 764 3273 rerum
782 3222 912 3285 superficie
929 3222 1051 3270 fluentesl
1079 3223 1223 3286 Respondet

112 3288 319 3336 mulachralrsrsi
333 3306 380 3336 ναιι
392 3297 434 3335 eta
454 3288 650 3337 udPlutarchum
683 3286 765 3343 Poeta,
779 3303 800 3334 v.
816 3288 852 3334 12.
878 3286 963 3348 Imago
974 3286 1000 3333 in
1011 3287 1108 3334 oculum
1120 3296 1221 3335 conten-

113 3350 217 3400 εῖδώλων
232 3351 352 3414 εἴσκρισιι,
369 3304 571 3400 simuiiachrorum
588 3352 648 3400 insi·
682 3350 743 3398 dens
758 3350 882 3414 protrudit
891 3353 972 3398 aetem
985 3359 1042 3398 ante
1053 3366 1086 3408 se,
1104 3351 1222 3462 prolixio-

113 3415 211 3472 nuatio;
238 3425 262 3463 et
285 3416 350 3480 apud
377 3416 522 3464 Ciceronem
548 3415 651 3465 εἰδώλων
682 3429 734 3462 rem
746 3414 844 3476 quidem
856 3414 915 3462 dum
927 3415 1023 3463 eminus
1034 3416 1105 3479 appel
1116 3416 1142 3473 it,
1155 3431 1221 3464 com·

113 3480 251 3539 ἐμπτώσεις,
265 3489 402 3528 occurrunt.
682 3478 862 3542 pendiosiorem
878 3479 937 3527 dum
953 3479 1077 3528 cominus:
1101 3496 1149 3543 quo
1165 3481 1220 3530 lon·

146 3546 201 3591 240.
214 3547 283 3593 Nunc
296 3562 332 3602 en,
347 3562 398 3606 que
414 3547 472 3603 dico,
486 3543 543 3606 etc]
555 3545 613 3592 Ver.
627 3545 649 3592 5.
682 3543 736 3606 gior
756 3552 838 3590 autem
859 3552 901 3591 aut
923 3543 1021 3592 brevior
1039 3544 1073 3592 sit
1091 3545 1138 3594 iste
1158 3545 1222 3594 aeris

113 3609 185 3657 docet
205 3608 324 3670 imagines
342 3625 357 3657 a
373 3625 502 3673 corporum
523 3609 651 3673 superficie
684 3618 776 3656 tractus
790 3607 832 3670 qui
850 3609 880 3656 ab
896 3608 1003 3671 imagine
1019 3619 1146 3672 protrusus
1163 3626 1221 3658 ocuh

112 3673 345 3738 perpetuofluente
355 3675 445 3737 ubique
455 3675 547 3732 adesse,
560 3680 652 3737 nos'que
683 3672 734 3720 lum
756 3671 897 3735 perlabitur,
922 3688 951 3720 eo
973 3673 1070 3737 longius
1092 3675 1221 3724 breviusre

112 3738 277 3798 circumstare,
301 3739 335 3787 ita
358 3748 386 3786 ut
410 3753 455 3802 per
480 3739 545 3802 ipsas
568 3739 651 3787 videre
683 3737 839 3786 intervallum
855 3737 1220 3800 interremobJectametocu·

112 3803 174 3851 nihil
197 3819 242 3851 nos
265 3803 399 3868 prohibeat,
427 3803 449 3851 si
472 3803 554 3852 oculos
580 3804 652 3851 modo
683 3803 734 3850 lum
747 3801 862 3865 intercipi
873 3801 985 3851 sentitur.

109 3868 303 3918 converterimus
335 3868 384 3916 illis
417 3868 581 3932 percipiendis
609 3885 648 3916 so·
692 3867 770 3914 '246.
785 3866 870 3929 Curat]
884 3866 981 3922 afficta
999 3868 1151 3927 sicinlrav.
1164 3871 1220 3918 821.

110 3933 148 3982 los
175 3933 316 3981 destinatos
362 3935 416 3981 Δεῖ·
433 3931 458 3980 δὲ
486 3932 525 3981 καὶ
547 3931 650 3994 νομίζειν
684 3934 750 3984 Quod
771 3949 798 3980 ne
825 3935 932 3980 miremur
954 3949 1020 3994 sopor
1043 3942 1111 3996 atque
1137 3937 1221 3982 obticis

113 3995 259 4047 ἐπεισιόντος
282 3997 347 4047 τινος
368 3996 414 4045 ἀπὸ
435 4000 484 4045 τῶν
500 3996 584 4059 ἔξωθεν
605 3997 650 4047 τὰς
682 4006 774 4044 curant.
1211 4015 1213 4022 ·
1284 4004 1288 4011 ’

112 4062 203 4125 μορφὰς
226 4064 282 4126 όρᾷν
304 4061 372 4123 ἡμᾶς,
394 4063 433 4110 καὶ
450 4063 599 4110 διανοεῖσθαι·
623 4063 649 4110 οὐ
715 4062 770 4109 249.
783 4060 873 4124 Omnis]
885 4063 925 4110 lta
935 4061 1072 4110 necessario
1081 4061 1220 4124 legendum,

113 4125 159 4187 γὰρ
186 4126 215 4175 br
242 4126 451 4190 ἀτοσφραγίσιιιτο
477 4126 511 4175 τὰ
535 4125 578 4188 ἔξω
605 4127 651 4184 τὴν
683 4134 711 4174 ut
733 4126 811 4174 edidit
837 4125 957 4184 Gifanius,
987 4126 1060 4173 etiam
1088 4125 1221 4173 confitente

114 4190 204 4238 ἑαυτῶν
220 4191 347 4252 picturari
361 4210 391 4240 τε
405 4191 539 4254 χρόματος,
557 4191 596 4240 καὶ
606 4193 651 4249 τῆς
684 4191 770 4248 Fumo,
788 4190 838 4238 acri
855 4191 928 4239 nimis
940 4204 965 4238 et
981 4202 1155 4251 nonnunquam
1172 4187 1220 4236 ini·

113 4256 213 4314 μορφῆι,
227 4255 265 4303 sa
279 4258 323 4304 τοῦ
339 4255 407 4319 ἀέρος
422 4257 467 4305 τοῦ
481 4255 570 4317 μεταξὺ
586 4255 652 4317 ἡμῶν
683 4271 731 4321 quo
754 4254 848 4306 Gifanii
870 4269 985 4304 censore:
1011 4253 1151 4310 Lambinus,
1173 4268 1218 4304 om·

113 4335 143 4366 τε
166 4317 285 4381 ιιᾳιιεόνων,
307 4321 360 4369 οὔδε
380 4320 417 4370 tat
439 4323 487 4370 τῶν
508 4320 616 4379 ἀκτίνων,
635 4321 651 4378 ἦ
683 4337 729 4370 nes.

789 4398 828 4430 cc
