<?xml version="1.0" encoding="UTF-8"?>
<!DOCTYPE html PUBLIC "-//W3C//DTD XHTML 1.0 Transitional//EN"
    "http://www.w3.org/TR/xhtml1/DTD/xhtml1-transitional.dtd">
<html xmlns="http://www.w3.org/1999/xhtml" xml:lang="en" lang="en">
 <head>
  <title>
</title>
<meta http-equiv="Content-Type" content="text/html;charset=utf-8" />
  <meta name='ocr-system' content='tesseract 3.04.00' />
  <meta name='ocr-capabilities' content='ocr_page ocr_carea ocr_par ocr_line ocrx_word'/>
</head>
<body>
  <div class='ocr_page' id='page_1' title='image "./titilucretiicar04carugoog_0292.png"; bbox 0 0 2872 4852; ppageno 0'>
   <div class='ocr_carea' id='block_1_1' title="bbox 203 220 934 293">
    <p class='ocr_par' dir='ltr' id='par_1_1' title="bbox 203 220 934 293">
     <span class='ocr_line' id='line_1_1' title="bbox 203 220 934 293; baseline -0.005 -1"><span class='ocrx_word' id='word_1_1' title='bbox 203 220 279 293; x_wconf 73' lang='lat'><strong>268</strong></span> <span class='ocrx_word' id='word_1_2' title='bbox 586 224 629 289; x_wconf 86' lang='lat' dir='ltr'><strong>T.</strong></span> <span class='ocrx_word' id='word_1_3' title='bbox 662 222 934 289; x_wconf 86' lang='lat' dir='ltr'><strong>LUCRETII</strong></span> 
     </span>
    </p>
   </div>
   <div class='ocr_carea' id='block_1_2' title="bbox 203 379 1258 3224">
    <p class='ocr_par' dir='ltr' id='par_1_2' title="bbox 203 379 1258 2101">
     <span class='ocr_line' id='line_1_2' title="bbox 292 379 1170 464; baseline -0.003 -18"><span class='ocrx_word' id='word_1_4' title='bbox 292 384 345 447; x_wconf 87' lang='lat' dir='ltr'><strong>Sic</strong></span> <span class='ocrx_word' id='word_1_5' title='bbox 361 405 444 446; x_wconf 90' lang='lat' dir='ltr'><strong>nova</strong></span> <span class='ocrx_word' id='word_1_6' title='bbox 459 393 528 446; x_wconf 89' lang='lat' dir='ltr'><strong>turn</strong></span> <span class='ocrx_word' id='word_1_7' title='bbox 543 379 660 445; x_wconf 86' lang='lat' dir='ltr'><strong>Tellus</strong></span> <span class='ocrx_word' id='word_1_8' title='bbox 674 381 793 445; x_wconf 84' lang='lat' dir='ltr'>herbas</span> <span class='ocrx_word' id='word_1_9' title='bbox 811 379 1016 464; x_wconf 79' lang='lat' dir='ltr'>virgultaque</span> <span class='ocrx_word' id='word_1_10' title='bbox 1031 381 1170 464; x_wconf 89' lang='lat' dir='ltr'><strong>primum</strong></span> 
     </span>
     <span class='ocr_line' id='line_1_3' title="bbox 293 482 1047 550; baseline -0.003 -2"><span class='ocrx_word' id='word_1_11' title='bbox 293 484 450 550; x_wconf 84' lang='lat' dir='ltr'><strong>Sustulit:</strong></span> <span class='ocrx_word' id='word_1_12' title='bbox 475 484 551 548; x_wconf 91' lang='lat' dir='ltr'><strong>inde</strong></span> <span class='ocrx_word' id='word_1_13' title='bbox 567 482 631 549; x_wconf 93' lang='lat' dir='ltr'><strong>loci</strong></span> <span class='ocrx_word' id='word_1_14' title='bbox 645 483 801 548; x_wconf 89' lang='lat' dir='ltr'><strong>Mortalia</strong></span> <span class='ocrx_word' id='word_1_15' title='bbox 816 482 911 548; x_wconf 88' lang='lat' dir='ltr'><strong>saecla</strong></span> <span class='ocrx_word' id='word_1_16' title='bbox 927 484 1047 546; x_wconf 90' lang='lat' dir='ltr'><strong>creavit</strong></span> 
     </span>
     <span class='ocr_line' id='line_1_4' title="bbox 228 584 1037 652; baseline -0.002 -2"><span class='ocrx_word' id='word_1_17' title='bbox 228 601 275 650; x_wconf 88' lang='lat'><strong>790</strong></span> <span class='ocrx_word' id='word_1_18' title='bbox 297 587 406 652; x_wconf 90' lang='lat' dir='ltr'><strong>Multa</strong></span> <span class='ocrx_word' id='word_1_19' title='bbox 420 587 525 650; x_wconf 92' lang='lat' dir='ltr'><strong>modis</strong></span> <span class='ocrx_word' id='word_1_20' title='bbox 541 585 648 650; x_wconf 94' lang='lat' dir='ltr'><strong>multis</strong></span> <span class='ocrx_word' id='word_1_21' title='bbox 665 586 753 649; x_wconf 90' lang='lat' dir='ltr'><strong>varia</strong></span> <span class='ocrx_word' id='word_1_22' title='bbox 768 586 892 649; x_wconf 88' lang='lat' dir='ltr'><strong>ratione</strong></span> <span class='ocrx_word' id='word_1_23' title='bbox 908 584 1037 650; x_wconf 74' lang='lat' dir='ltr'><strong>coorta:</strong></span> 
     </span>
     <span class='ocr_line' id='line_1_5' title="bbox 294 685 1187 772; baseline -0.004 -18"><span class='ocrx_word' id='word_1_24' title='bbox 294 690 380 754; x_wconf 89' lang='lat' dir='ltr'><strong>Nam</strong></span> <span class='ocrx_word' id='word_1_25' title='bbox 396 710 502 772; x_wconf 94' lang='lat' dir='ltr'><strong>neque</strong></span> <span class='ocrx_word' id='word_1_26' title='bbox 518 689 560 752; x_wconf 88' lang='lat' dir='ltr'><strong>de</strong></span> <span class='ocrx_word' id='word_1_27' title='bbox 577 687 671 753; x_wconf 91' lang='lat' dir='ltr'><strong>Coelo</strong></span> <span class='ocrx_word' id='word_1_28' title='bbox 686 689 842 752; x_wconf 90' lang='lat' dir='ltr'><strong>cecidisse</strong></span> <span class='ocrx_word' id='word_1_29' title='bbox 859 685 1021 750; x_wconf 86' lang='lat' dir='ltr'><strong>Animalia</strong></span> <span class='ocrx_word' id='word_1_30' title='bbox 1035 698 1187 770; x_wconf 89' lang='lat' dir='ltr'><strong>possunt,</strong></span> 
     </span>
     <span class='ocr_line' id='line_1_6' title="bbox 293 788 986 857; baseline -0.003 -1"><span class='ocrx_word' id='word_1_31' title='bbox 293 792 368 857; x_wconf 87' lang='lat' dir='ltr'><strong>Nec</strong></span> <span class='ocrx_word' id='word_1_32' title='bbox 382 791 550 855; x_wconf 83' lang='lat' dir='ltr'><strong>terrestria</strong></span> <span class='ocrx_word' id='word_1_33' title='bbox 565 791 606 854; x_wconf 92' lang='lat' dir='ltr'><strong>de</strong></span> <span class='ocrx_word' id='word_1_34' title='bbox 623 790 715 854; x_wconf 87' lang='lat' dir='ltr'><strong>salsis</strong></span> <span class='ocrx_word' id='word_1_35' title='bbox 731 791 838 853; x_wconf 86' lang='lat' dir='ltr'><strong>exisse</strong></span> <span class='ocrx_word' id='word_1_36' title='bbox 853 788 986 854; x_wconf 88' lang='lat' dir='ltr'><strong>lacunis.</strong></span> 
     </span>
     <span class='ocr_line' id='line_1_7' title="bbox 295 892 1112 977; baseline -0.001 -21"><span class='ocrx_word' id='word_1_37' title='bbox 295 893 471 977; x_wconf 89' lang='lat' dir='ltr'><strong>Linquitur</strong></span> <span class='ocrx_word' id='word_1_38' title='bbox 485 895 650 976; x_wconf 16' lang='lat' dir='ltr'><strong>utlmerito</strong></span> <span class='ocrx_word' id='word_1_39' title='bbox 665 902 845 956; x_wconf 87' lang='lat' dir='ltr'><strong>maternum</strong></span> <span class='ocrx_word' id='word_1_40' title='bbox 859 915 977 956; x_wconf 93' lang='lat' dir='ltr'><strong>nomen</strong></span> <span class='ocrx_word' id='word_1_41' title='bbox 991 892 1112 976; x_wconf 89' lang='lat' dir='ltr'><strong>adepta</strong></span> 
     </span>
     <span class='ocr_line' id='line_1_8' title="bbox 294 995 1142 1079; baseline 0 -21"><span class='ocrx_word' id='word_1_42' title='bbox 294 995 400 1060; x_wconf 88' lang='lat' dir='ltr'><strong>Terra</strong></span> <span class='ocrx_word' id='word_1_43' title='bbox 415 997 468 1072; x_wconf 92' lang='lat' dir='ltr'><strong>sit,</strong></span> <span class='ocrx_word' id='word_1_44' title='bbox 484 1019 502 1060; x_wconf 90' lang='lat' dir='ltr'><strong>e</strong></span> <span class='ocrx_word' id='word_1_45' title='bbox 520 1006 607 1060; x_wconf 89' lang='lat' dir='ltr'><strong>terra</strong></span> <span class='ocrx_word' id='word_1_46' title='bbox 623 997 774 1079; x_wconf 91' lang='lat' dir='ltr'><strong>quoniam</strong></span> <span class='ocrx_word' id='word_1_47' title='bbox 790 1006 866 1058; x_wconf 90' lang='lat' dir='ltr'><strong>sunt</strong></span> <span class='ocrx_word' id='word_1_48' title='bbox 880 1005 997 1060; x_wconf 90' lang='lat' dir='ltr'><strong>cuncta</strong></span> <span class='ocrx_word' id='word_1_49' title='bbox 1011 1006 1142 1058; x_wconf 87' lang='lat' dir='ltr'><strong>creata:</strong></span> 
     </span>
     <span class='ocr_line' id='line_1_9' title="bbox 230 1097 1149 1182; baseline 0 -22"><span class='ocrx_word' id='word_1_50' title='bbox 230 1109 279 1160; x_wconf 79' lang='lat'><strong>795</strong></span> <span class='ocrx_word' id='word_1_51' title='bbox 297 1097 470 1182; x_wconf 87' lang='lat' dir='ltr'><strong>Multaque</strong></span> <span class='ocrx_word' id='word_1_52' title='bbox 486 1099 684 1162; x_wconf 90' lang='lat' dir='ltr'><strong>nuncetiam</strong></span> <span class='ocrx_word' id='word_1_53' title='bbox 700 1099 844 1162; x_wconf 86' lang='lat' dir='ltr'><strong>existunt</strong></span> <span class='ocrx_word' id='word_1_54' title='bbox 860 1097 1007 1160; x_wconf 90' lang='lat' dir='ltr'><strong>animalia</strong></span> <span class='ocrx_word' id='word_1_55' title='bbox 1022 1097 1149 1174; x_wconf 88' lang='lat' dir='ltr'><strong>Terris,</strong></span> 
     </span>
     <span class='ocr_line' id='line_1_10' title="bbox 203 1199 1055 1283; baseline -0.001 -20"><span class='ocrx_word' id='word_1_56' title='bbox 203 1200 207 1209; x_wconf 85' lang='lat'>&#39;</span> <span class='ocrx_word' id='word_1_57' title='bbox 296 1200 471 1277; x_wconf 86' lang='lat' dir='ltr'><strong>Imbribus,</strong></span> <span class='ocrx_word' id='word_1_58' title='bbox 487 1211 521 1264; x_wconf 91' lang='lat' dir='ltr'><strong>et</strong></span> <span class='ocrx_word' id='word_1_59' title='bbox 536 1199 641 1265; x_wconf 91' lang='lat' dir='ltr'><strong>calido</strong></span> <span class='ocrx_word' id='word_1_60' title='bbox 657 1199 742 1264; x_wconf 86' lang='lat' dir='ltr'><strong>Solis</strong></span> <span class='ocrx_word' id='word_1_61' title='bbox 758 1210 910 1264; x_wconf 84' lang='lat' dir='ltr'><strong>concreta</strong></span> <span class='ocrx_word' id='word_1_62' title='bbox 925 1222 1055 1283; x_wconf 90' lang='lat' dir='ltr'><strong>vapore.</strong></span> 
     </span>
     <span class='ocr_line' id='line_1_11' title="bbox 296 1300 1166 1386; baseline 0 -22"><span class='ocrx_word' id='word_1_63' title='bbox 296 1302 374 1375; x_wconf 87' lang='lat' dir='ltr'><strong>Quo</strong></span> <span class='ocrx_word' id='word_1_64' title='bbox 389 1302 495 1366; x_wconf 90' lang='lat' dir='ltr'><strong>minus</strong></span> <span class='ocrx_word' id='word_1_65' title='bbox 509 1313 560 1366; x_wconf 91' lang='lat' dir='ltr'><strong>est</strong></span> <span class='ocrx_word' id='word_1_66' title='bbox 575 1304 703 1379; x_wconf 89' lang='lat' dir='ltr'><strong>mirum,</strong></span> <span class='ocrx_word' id='word_1_67' title='bbox 719 1304 746 1365; x_wconf 91' lang='lat' dir='ltr'><strong>si</strong></span> <span class='ocrx_word' id='word_1_68' title='bbox 761 1313 829 1365; x_wconf 92' lang='lat' dir='ltr'><strong>tum</strong></span> <span class='ocrx_word' id='word_1_69' title='bbox 844 1312 920 1365; x_wconf 90' lang='lat' dir='ltr'><strong>sunt</strong></span> <span class='ocrx_word' id='word_1_70' title='bbox 933 1300 1029 1386; x_wconf 89' lang='lat' dir='ltr'><strong>plura</strong></span> <span class='ocrx_word' id='word_1_71' title='bbox 1043 1312 1166 1378; x_wconf 89' lang='lat' dir='ltr'><strong>coorta,</strong></span> 
     </span>
     <span class='ocr_line' id='line_1_12' title="bbox 298 1403 1151 1489; baseline 0.001 -23"><span class='ocrx_word' id='word_1_72' title='bbox 298 1404 344 1468; x_wconf 92' lang='lat' dir='ltr'><strong>Et</strong></span> <span class='ocrx_word' id='word_1_73' title='bbox 359 1405 481 1489; x_wconf 90' lang='lat' dir='ltr'><strong>majora</strong></span> <span class='ocrx_word' id='word_1_74' title='bbox 496 1427 579 1469; x_wconf 93' lang='lat' dir='ltr'><strong>nova</strong></span> <span class='ocrx_word' id='word_1_75' title='bbox 595 1403 741 1481; x_wconf 86' lang='lat' dir='ltr'><strong>Tellure,</strong></span> <span class='ocrx_word' id='word_1_76' title='bbox 758 1415 856 1488; x_wconf 87' lang='lat' dir='ltr'><strong>atque</strong></span> <span class='ocrx_word' id='word_1_77' title='bbox 871 1403 1012 1466; x_wconf 86' lang='lat' dir='ltr'><strong>AEthere</strong></span> <span class='ocrx_word' id='word_1_78' title='bbox 1028 1403 1151 1467; x_wconf 92' lang='lat' dir='ltr'><strong>adulto.</strong></span> 
     </span>
     <span class='ocr_line' id='line_1_13' title="bbox 340 1504 1168 1591; baseline 0 -23"><span class='ocrx_word' id='word_1_79' title='bbox 340 1505 517 1590; x_wconf 91' lang='lat' dir='ltr'><strong>Principi0‚</strong></span> <span class='ocrx_word' id='word_1_80' title='bbox 533 1529 636 1591; x_wconf 86' lang='lat' dir='ltr'><strong>genus</strong></span> <span class='ocrx_word' id='word_1_81' title='bbox 654 1505 812 1582; x_wconf 88' lang='lat' dir='ltr'><strong>Alituum,</strong></span> <span class='ocrx_word' id='word_1_82' title='bbox 828 1506 989 1590; x_wconf 87' lang='lat' dir='ltr'><strong>variaeque</strong></span> <span class='ocrx_word' id='word_1_83' title='bbox 1006 1504 1168 1569; x_wconf 90' lang='lat' dir='ltr'><strong>Volucres</strong></span> 
     </span>
     <span class='ocr_line' id='line_1_14' title="bbox 232 1606 1066 1693; baseline 0.001 -23"><span class='ocrx_word' id='word_1_84' title='bbox 232 1617 280 1663; x_wconf 85' lang='lat'><strong>80⁰</strong></span> <span class='ocrx_word' id='word_1_85' title='bbox 298 1606 372 1671; x_wconf 92' lang='lat' dir='ltr'><strong>Ova</strong></span> <span class='ocrx_word' id='word_1_86' title='bbox 386 1607 613 1693; x_wconf 88' lang='lat' dir='ltr'><strong>relinquebant</strong></span> <span class='ocrx_word' id='word_1_87' title='bbox 628 1607 771 1672; x_wconf 86' lang='lat' dir='ltr'><strong>exolusae</strong></span> <span class='ocrx_word' id='word_1_88' title='bbox 788 1618 932 1692; x_wconf 90' lang='lat' dir='ltr'><strong>tempore</strong></span> <span class='ocrx_word' id='word_1_89' title='bbox 948 1629 1066 1684; x_wconf 92' lang='lat' dir='ltr'><strong>verno;</strong></span> 
     </span>
     <span class='ocr_line' id='line_1_15' title="bbox 294 1708 1030 1775; baseline 0.003 -4"><span class='ocrx_word' id='word_1_90' title='bbox 294 1708 467 1774; x_wconf 89' lang='lat' dir='ltr'><strong>Follioulos</strong></span> <span class='ocrx_word' id='word_1_91' title='bbox 483 1720 519 1774; x_wconf 92' lang='lat' dir='ltr'><strong>ut</strong></span> <span class='ocrx_word' id='word_1_92' title='bbox 533 1732 619 1774; x_wconf 90' lang='lat' dir='ltr'><strong>nunc</strong></span> <span class='ocrx_word' id='word_1_93' title='bbox 635 1721 755 1774; x_wconf 86' lang='lat' dir='ltr'><strong>teretes</strong></span> <span class='ocrx_word' id='word_1_94' title='bbox 770 1721 883 1774; x_wconf 86' lang='lat' dir='ltr'><strong>aestate</strong></span> <span class='ocrx_word' id='word_1_95' title='bbox 899 1711 1030 1775; x_wconf 88' lang='lat' dir='ltr'><strong>Cicadae</strong></span> 
     </span>
     <span class='ocr_line' id='line_1_16' title="bbox 298 1811 1225 1896; baseline 0.002 -22"><span class='ocrx_word' id='word_1_96' title='bbox 298 1811 478 1895; x_wconf 88' lang='lat' dir='ltr'><strong>Linquunt,</strong></span> <span class='ocrx_word' id='word_1_97' title='bbox 494 1823 611 1896; x_wconf 86' lang='lat' dir='ltr'><strong>sponte</strong></span> <span class='ocrx_word' id='word_1_98' title='bbox 628 1834 687 1875; x_wconf 87' lang='lat' dir='ltr'><strong>sua</strong></span> <span class='ocrx_word' id='word_1_99' title='bbox 702 1813 832 1890; x_wconf 85' lang='lat' dir='ltr'><strong>victum,</strong></span> <span class='ocrx_word' id='word_1_100' title='bbox 847 1813 1010 1896; x_wconf 85' lang='lat' dir='ltr'><strong>vitamque</strong></span> <span class='ocrx_word' id='word_1_101' title='bbox 1025 1821 1186 1896; x_wconf 76' lang='lat' dir='ltr'><strong>petentes</strong></span> <span class='ocrx_word' id='word_1_102' title='bbox 1220 1817 1225 1828; x_wconf 92' lang='lat'><em>&#39;</em></span> 
     </span>
     <span class='ocr_line' id='line_1_17' title="bbox 295 1910 1138 1996; baseline 0.004 -23"><span class='ocrx_word' id='word_1_103' title='bbox 295 1910 384 1975; x_wconf 92' lang='lat' dir='ltr'><strong>Tum</strong></span> <span class='ocrx_word' id='word_1_104' title='bbox 398 1913 458 1976; x_wconf 92' lang='lat' dir='ltr'><strong>tibi</strong></span> <span class='ocrx_word' id='word_1_105' title='bbox 472 1911 579 1976; x_wconf 91' lang='lat' dir='ltr'><strong>Terra</strong></span> <span class='ocrx_word' id='word_1_106' title='bbox 592 1913 684 1977; x_wconf 92' lang='lat' dir='ltr'><strong>dedit</strong></span> <span class='ocrx_word' id='word_1_107' title='bbox 699 1913 838 1996; x_wconf 92' lang='lat' dir='ltr'><strong>primum</strong></span> <span class='ocrx_word' id='word_1_108' title='bbox 853 1913 1008 1977; x_wconf 90' lang='lat' dir='ltr'><strong>Mortalia</strong></span> <span class='ocrx_word' id='word_1_109' title='bbox 1024 1912 1138 1977; x_wconf 87' lang='lat' dir='ltr'><strong>saeola:</strong></span> 
     </span>
     <span class='ocr_line' id='line_1_18' title="bbox 298 2012 1258 2101; baseline 0 -24"><span class='ocrx_word' id='word_1_110' title='bbox 298 2012 425 2078; x_wconf 91' lang='lat' dir='ltr'><strong>Multus</strong></span> <span class='ocrx_word' id='word_1_111' title='bbox 441 2016 526 2079; x_wconf 92' lang='lat' dir='ltr'><strong>enim</strong></span> <span class='ocrx_word' id='word_1_112' title='bbox 541 2015 649 2092; x_wconf 90' lang='lat' dir='ltr'><strong>Calor,</strong></span> <span class='ocrx_word' id='word_1_113' title='bbox 662 2025 760 2100; x_wconf 88' lang='lat' dir='ltr'><strong>atque</strong></span> <span class='ocrx_word' id='word_1_114' title='bbox 776 2014 907 2080; x_wconf 90' lang='lat' dir='ltr'><strong>Humor</strong></span> <span class='ocrx_word' id='word_1_115' title='bbox 922 2017 1099 2101; x_wconf 92' lang='lat' dir='ltr'><strong>superabat</strong></span> <span class='ocrx_word' id='word_1_116' title='bbox 1112 2016 1146 2078; x_wconf 92' lang='lat' dir='ltr'><strong>in</strong></span> <span class='ocrx_word' id='word_1_117' title='bbox 1161 2015 1258 2078; x_wconf 90' lang='lat' dir='ltr'><strong>arvis.</strong></span> 
     </span>
    </p>

    <p class='ocr_par' dir='ltr' id='par_1_3' title="bbox 231 2114 1160 2304">
     <span class='ocr_line' id='line_1_19' title="bbox 231 2114 1160 2202; baseline 0.002 -24"><span class='ocrx_word' id='word_1_118' title='bbox 231 2125 279 2172; x_wconf 81' lang='lat'><strong>805</strong></span> <span class='ocrx_word' id='word_1_119' title='bbox 296 2114 383 2180; x_wconf 89' lang='lat' dir='ltr'><strong>Hine</strong></span> <span class='ocrx_word' id='word_1_120' title='bbox 399 2118 456 2180; x_wconf 94' lang='lat' dir='ltr'><strong>ubi</strong></span> <span class='ocrx_word' id='word_1_121' title='bbox 470 2140 609 2202; x_wconf 86' lang='lat' dir='ltr'><strong>quaeque</strong></span> <span class='ocrx_word' id='word_1_122' title='bbox 624 2117 687 2182; x_wconf 91' lang='lat' dir='ltr'><strong>loci</strong></span> <span class='ocrx_word' id='word_1_123' title='bbox 701 2117 791 2202; x_wconf 85' lang='lat' dir='ltr'><strong>regio</strong></span> <span class='ocrx_word' id='word_1_124' title='bbox 807 2129 992 2202; x_wconf 91' lang='lat' dir='ltr'><strong>opportuna</strong></span> <span class='ocrx_word' id='word_1_125' title='bbox 1007 2119 1160 2195; x_wconf 88' lang='lat' dir='ltr'><strong>dabatur,</strong></span> 
     </span>
     <span class='ocr_line' id='line_1_20' title="bbox 298 2217 1001 2304; baseline 0.003 -22"><span class='ocrx_word' id='word_1_126' title='bbox 298 2217 499 2284; x_wconf 88' lang='lat' dir='ltr'><strong>Crescebant</strong></span> <span class='ocrx_word' id='word_1_127' title='bbox 513 2219 609 2284; x_wconf 90' lang='lat' dir='ltr'><strong>Uteri</strong></span> <span class='ocrx_word' id='word_1_128' title='bbox 625 2230 720 2284; x_wconf 87' lang='lat' dir='ltr'><strong>terrae</strong></span> <span class='ocrx_word' id='word_1_129' title='bbox 735 2220 901 2284; x_wconf 84' lang='lat' dir='ltr'><strong>radicibus</strong></span> <span class='ocrx_word' id='word_1_130' title='bbox 915 2223 1001 2304; x_wconf 92' lang='lat' dir='ltr'><strong>apti;</strong></span> 
     </span>
    </p>

    <p class='ocr_par' dir='ltr' id='par_1_4' title="bbox 297 2321 1168 2607">
     <span class='ocr_line' id='line_1_21' title="bbox 297 2321 1076 2407; baseline 0.003 -23"><span class='ocrx_word' id='word_1_131' title='bbox 297 2321 392 2394; x_wconf 87' lang='lat' dir='ltr'><strong>Quos</strong></span> <span class='ocrx_word' id='word_1_132' title='bbox 406 2322 464 2385; x_wconf 92' lang='lat' dir='ltr'><strong>ubi</strong></span> <span class='ocrx_word' id='word_1_133' title='bbox 478 2334 625 2407; x_wconf 89' lang='lat' dir='ltr'><strong>tempore</strong></span> <span class='ocrx_word' id='word_1_134' title='bbox 637 2331 765 2386; x_wconf 89' lang='lat' dir='ltr'><strong>maturo</strong></span> <span class='ocrx_word' id='word_1_135' title='bbox 780 2322 980 2406; x_wconf 85' lang='lat' dir='ltr'><strong>patefecerat</strong></span> <span class='ocrx_word' id='word_1_136' title='bbox 995 2334 1076 2386; x_wconf 89' lang='lat' dir='ltr'><strong>aetas</strong></span> 
     </span>
     <span class='ocr_line' id='line_1_22' title="bbox 298 2423 1168 2510; baseline 0.001 -24"><span class='ocrx_word' id='word_1_137' title='bbox 298 2423 462 2488; x_wconf 88' lang='lat' dir='ltr'><strong>Infantum</strong></span> <span class='ocrx_word' id='word_1_138' title='bbox 478 2423 606 2509; x_wconf 84' lang='lat' dir='ltr'><strong>fugiens</strong></span> <span class='ocrx_word' id='word_1_139' title='bbox 622 2425 803 2501; x_wconf 89' lang='lat' dir='ltr'><strong>humorem,</strong></span> <span class='ocrx_word' id='word_1_140' title='bbox 818 2447 979 2509; x_wconf 86' lang='lat' dir='ltr'><strong>aurasque</strong></span> <span class='ocrx_word' id='word_1_141' title='bbox 993 2427 1168 2510; x_wconf 88' lang='lat' dir='ltr'><strong>petissens,</strong></span> 
     </span>
     <span class='ocr_line' id='line_1_23' title="bbox 297 2525 1018 2607; baseline 0.001 -18"><span class='ocrx_word' id='word_1_142' title='bbox 297 2525 518 2607; x_wconf 76' lang='lat' dir='ltr'><strong>Convertebat</strong></span> <span class='ocrx_word' id='word_1_143' title='bbox 532 2527 578 2590; x_wconf 94' lang='lat' dir='ltr'><strong>ibi</strong></span> <span class='ocrx_word' id='word_1_144' title='bbox 592 2526 723 2590; x_wconf 91' lang='lat' dir='ltr'><strong>Natura</strong></span> <span class='ocrx_word' id='word_1_145' title='bbox 738 2525 895 2590; x_wconf 88' lang='lat' dir='ltr'><strong>foramina</strong></span> <span class='ocrx_word' id='word_1_146' title='bbox 910 2539 1018 2605; x_wconf 88' lang='lat' dir='ltr'><strong>terrae,</strong></span> 
     </span>
    </p>

    <p class='ocr_par' dir='ltr' id='par_1_5' title="bbox 232 2626 1213 3120">
     <span class='ocr_line' id='line_1_24' title="bbox 232 2626 1038 2713; baseline 0.009 -28"><span class='ocrx_word' id='word_1_147' title='bbox 232 2639 281 2686; x_wconf 82' lang='lat'><strong>810</strong></span> <span class='ocrx_word' id='word_1_148' title='bbox 296 2627 343 2691; x_wconf 87' lang='lat' dir='ltr'><strong>Et</strong></span> <span class='ocrx_word' id='word_1_149' title='bbox 358 2650 490 2692; x_wconf 86' lang='lat' dir='ltr'><strong>succum</strong></span> <span class='ocrx_word' id='word_1_150' title='bbox 505 2629 596 2692; x_wconf 91' lang='lat' dir='ltr'><strong>venis</strong></span> <span class='ocrx_word' id='word_1_151' title='bbox 610 2629 749 2712; x_wconf 86' lang='lat' dir='ltr'><strong>cogebat</strong></span> <span class='ocrx_word' id='word_1_152' title='bbox 762 2626 901 2693; x_wconf 89' lang='lat' dir='ltr'><strong>fundere</strong></span> <span class='ocrx_word' id='word_1_153' title='bbox 917 2630 1038 2713; x_wconf 89' lang='lat' dir='ltr'><strong>apertis</strong></span> 
     </span>
     <span class='ocr_line' id='line_1_25' title="bbox 298 2728 1179 2814; baseline 0.005 -24"><span class='ocrx_word' id='word_1_154' title='bbox 298 2728 505 2794; x_wconf 89' lang='lat' dir='ltr'><strong>Consimilem</strong></span> <span class='ocrx_word' id='word_1_155' title='bbox 520 2729 650 2807; x_wconf 88' lang='lat' dir='ltr'><strong>Lactis;</strong></span> <span class='ocrx_word' id='word_1_156' title='bbox 676 2731 759 2794; x_wconf 90' lang='lat' dir='ltr'><strong>sicut</strong></span> <span class='ocrx_word' id='word_1_157' title='bbox 774 2752 860 2794; x_wconf 90' lang='lat' dir='ltr'><strong>nunc</strong></span> <span class='ocrx_word' id='word_1_158' title='bbox 876 2730 1024 2795; x_wconf 89' lang='lat' dir='ltr'><strong>Foemina</strong></span> <span class='ocrx_word' id='word_1_159' title='bbox 1039 2752 1179 2814; x_wconf 88' lang='lat' dir='ltr'><strong>quaeque</strong></span> 
     </span>
     <span class='ocr_line' id='line_1_26' title="bbox 299 2831 1155 2916; baseline 0.001 -22"><span class='ocrx_word' id='word_1_160' title='bbox 299 2831 381 2895; x_wconf 88' lang='lat' dir='ltr'><strong>Cum</strong></span> <span class='ocrx_word' id='word_1_161' title='bbox 396 2833 536 2916; x_wconf 89' lang='lat' dir='ltr'><strong>peperit,</strong></span> <span class='ocrx_word' id='word_1_162' title='bbox 552 2831 640 2896; x_wconf 87' lang='lat' dir='ltr'><strong>dulei</strong></span> <span class='ocrx_word' id='word_1_163' title='bbox 655 2831 800 2915; x_wconf 91' lang='lat' dir='ltr'><strong>repletur</strong></span> <span class='ocrx_word' id='word_1_164' title='bbox 817 2832 932 2909; x_wconf 92' lang='lat' dir='ltr'><strong>Lacte,</strong></span> <span class='ocrx_word' id='word_1_165' title='bbox 948 2834 1037 2916; x_wconf 94' lang='lat' dir='ltr'><strong>quod</strong></span> <span class='ocrx_word' id='word_1_166' title='bbox 1052 2834 1155 2896; x_wconf 92' lang='lat' dir='ltr'><strong>omnis</strong></span> 
     </span>
     <span class='ocr_line' id='line_1_27' title="bbox 299 2932 1108 3015; baseline 0.004 -21"><span class='ocrx_word' id='word_1_167' title='bbox 299 2932 444 3015; x_wconf 87' lang='lat' dir='ltr'><strong>Impetus</strong></span> <span class='ocrx_word' id='word_1_168' title='bbox 459 2933 493 2995; x_wconf 93' lang='lat' dir='ltr'><strong>in</strong></span> <span class='ocrx_word' id='word_1_169' title='bbox 507 2956 660 2997; x_wconf 88' lang='lat' dir='ltr'><strong>mammas</strong></span> <span class='ocrx_word' id='word_1_170' title='bbox 676 2934 875 2997; x_wconf 90' lang='lat' dir='ltr'><strong>convertitur</strong></span> <span class='ocrx_word' id='word_1_171' title='bbox 889 2933 941 2999; x_wconf 91' lang='lat' dir='ltr'><strong>ille</strong></span> <span class='ocrx_word' id='word_1_172' title='bbox 957 2935 1108 2998; x_wconf 87' lang='lat' dir='ltr'><strong>alimenti.</strong></span> 
     </span>
     <span class='ocr_line' id='line_1_28' title="bbox 299 3033 1213 3120; baseline 0.005 -24"><span class='ocrx_word' id='word_1_173' title='bbox 299 3033 407 3097; x_wconf 88' lang='lat' dir='ltr'><strong>Terra</strong></span> <span class='ocrx_word' id='word_1_174' title='bbox 421 3035 529 3098; x_wconf 92' lang='lat' dir='ltr'><strong>cibum</strong></span> <span class='ocrx_word' id='word_1_175' title='bbox 546 3033 676 3111; x_wconf 91' lang='lat' dir='ltr'><strong>Pueris,</strong></span> <span class='ocrx_word' id='word_1_176' title='bbox 691 3045 813 3100; x_wconf 91' lang='lat' dir='ltr'><strong>vestem</strong></span> <span class='ocrx_word' id='word_1_177' title='bbox 830 3034 958 3120; x_wconf 92' lang='lat' dir='ltr'><strong>Vapor,</strong></span> <span class='ocrx_word' id='word_1_178' title='bbox 974 3036 1091 3101; x_wconf 87' lang='lat' dir='ltr'><strong>Herba</strong></span> <span class='ocrx_word' id='word_1_179' title='bbox 1105 3036 1213 3101; x_wconf 92' lang='lat' dir='ltr'><strong>cubile</strong></span> 
     </span>
    </p>

    <p class='ocr_par' dir='ltr' id='par_1_6' title="bbox 235 3136 1102 3224">
     <span class='ocr_line' id='line_1_29' title="bbox 235 3136 1102 3224; baseline 0.008 -28"><span class='ocrx_word' id='word_1_180' title='bbox 235 3149 281 3196; x_wconf 76' lang='lat'><strong>815</strong></span> <span class='ocrx_word' id='word_1_181' title='bbox 298 3137 474 3201; x_wconf 87' lang='lat' dir='ltr'><strong>Praebebat</strong></span> <span class='ocrx_word' id='word_1_182' title='bbox 490 3136 589 3201; x_wconf 88' lang='lat' dir='ltr'><strong>multa</strong></span> <span class='ocrx_word' id='word_1_183' title='bbox 605 3148 639 3201; x_wconf 88' lang='lat' dir='ltr'><strong>et</strong></span> <span class='ocrx_word' id='word_1_184' title='bbox 652 3136 740 3202; x_wconf 92' lang='lat' dir='ltr'><strong>molli</strong></span> <span class='ocrx_word' id='word_1_185' title='bbox 754 3137 906 3224; x_wconf 83' lang='lat' dir='ltr'><strong>lanugine</strong></span> <span class='ocrx_word' id='word_1_186' title='bbox 921 3140 1102 3203; x_wconf 90' lang='lat' dir='ltr'><strong>abundans.</strong></span> 
     </span>
    </p>
   </div>
   <div class='ocr_carea' id='block_1_3' title="bbox 210 3323 1326 4355">
    <p class='ocr_par' dir='ltr' id='par_1_7' title="bbox 210 3323 1326 4355">
     <span class='ocr_line' id='line_1_30' title="bbox 244 3323 1326 3389; baseline -0.002 -13"><span class='ocrx_word' id='word_1_187' title='bbox 244 3324 300 3376; x_wconf 84' lang='lat'><strong>799.</strong></span> <span class='ocrx_word' id='word_1_188' title='bbox 324 3323 450 3387; x_wconf 78' lang='lat' dir='ltr'><strong>Principio,</strong></span> <span class='ocrx_word' id='word_1_189' title='bbox 469 3342 541 3388; x_wconf 78' lang='lat' dir='ltr'><strong>genus</strong></span> <span class='ocrx_word' id='word_1_190' title='bbox 559 3328 672 3382; x_wconf 79' lang='lat' dir='ltr'><strong>Alituum,</strong></span> <span class='ocrx_word' id='word_1_191' title='bbox 691 3323 748 3387; x_wconf 84' lang='lat' dir='ltr'><strong>eta]</strong></span> <span class='ocrx_word' id='word_1_192' title='bbox 782 3324 830 3373; x_wconf 88' lang='lat' dir='ltr'><strong>bile</strong></span> <span class='ocrx_word' id='word_1_193' title='bbox 861 3325 985 3389; x_wconf 85' lang='lat' dir='ltr'><strong>praebebat</strong></span> <span class='ocrx_word' id='word_1_194' title='bbox 1011 3333 1076 3372; x_wconf 87' lang='lat' dir='ltr'><strong>terra</strong></span> <span class='ocrx_word' id='word_1_195' title='bbox 1104 3324 1180 3371; x_wconf 92' lang='lat' dir='ltr'><strong>multo</strong></span> <span class='ocrx_word' id='word_1_196' title='bbox 1209 3323 1326 3386; x_wconf 83' lang='lat' dir='ltr'><strong>gramine</strong></span> 
     </span>
     <span class='ocr_line' id='line_1_31' title="bbox 212 3388 1004 3447; baseline -0.006 -6"><span class='ocrx_word' id='word_1_197' title='bbox 212 3388 323 3441; x_wconf 80' lang='lat' dir='ltr'><strong>Primum</strong></span> <span class='ocrx_word' id='word_1_198' title='bbox 356 3391 466 3439; x_wconf 86' lang='lat' dir='ltr'><strong>volucres</strong></span> <span class='ocrx_word' id='word_1_199' title='bbox 497 3391 550 3438; x_wconf 85' lang='lat' dir='ltr'><strong>ovis</strong></span> <span class='ocrx_word' id='word_1_200' title='bbox 577 3390 748 3447; x_wconf 86' lang='lat' dir='ltr'><strong>excluduntur,</strong></span> <span class='ocrx_word' id='word_1_201' title='bbox 782 3390 916 3446; x_wconf 86' lang='lat' dir='ltr'><strong>abundans,</strong></span> <span class='ocrx_word' id='word_1_202' title='bbox 930 3406 952 3436; x_wconf 90' lang='lat' dir='ltr'><strong>v.</strong></span> <span class='ocrx_word' id='word_1_203' title='bbox 967 3390 1004 3439; x_wconf 84' lang='lat'><strong>17.</strong></span> 
     </span>
     <span class='ocr_line' id='line_1_32' title="bbox 212 3453 1323 3518; baseline 0.004 -18"><span class='ocrx_word' id='word_1_204' title='bbox 212 3467 288 3500; x_wconf 87' lang='lat' dir='ltr'><strong>verno</strong></span> <span class='ocrx_word' id='word_1_205' title='bbox 299 3453 397 3515; x_wconf 88' lang='lat' dir='ltr'><strong>quidem</strong></span> <span class='ocrx_word' id='word_1_206' title='bbox 410 3465 526 3518; x_wconf 88' lang='lat' dir='ltr'><strong>tempore,</strong></span> <span class='ocrx_word' id='word_1_207' title='bbox 538 3455 564 3503; x_wconf 91' lang='lat' dir='ltr'><strong>id</strong></span> <span class='ocrx_word' id='word_1_208' title='bbox 576 3455 641 3502; x_wconf 87' lang='lat' dir='ltr'><strong>enim</strong></span> <span class='ocrx_word' id='word_1_209' title='bbox 653 3465 749 3518; x_wconf 87' lang='lat' dir='ltr'><strong>tempus</strong></span> <span class='ocrx_word' id='word_1_210' title='bbox 816 3455 870 3501; x_wconf 85' lang='lat'><strong>806.</strong></span> <span class='ocrx_word' id='word_1_211' title='bbox 888 3456 954 3502; x_wconf 80' lang='lat' dir='ltr'><strong>Uteri</strong></span> <span class='ocrx_word' id='word_1_212' title='bbox 971 3462 1038 3502; x_wconf 74' lang='lat' dir='ltr'><strong>terra</strong></span> <span class='ocrx_word' id='word_1_213' title='bbox 1056 3456 1174 3501; x_wconf 81' lang='lat' dir='ltr'><strong>radicibus</strong></span> <span class='ocrx_word' id='word_1_214' title='bbox 1184 3453 1249 3516; x_wconf 80' lang='lat' dir='ltr'><strong>opti]</strong></span> <span class='ocrx_word' id='word_1_215' title='bbox 1261 3457 1323 3504; x_wconf 55' lang='lat' dir='ltr'><strong>aar»</strong></span> 
     </span>
     <span class='ocr_line' id='line_1_33' title="bbox 211 3516 1325 3583; baseline 0.004 -20"><span class='ocrx_word' id='word_1_216' title='bbox 211 3517 317 3564; x_wconf 88' lang='lat' dir='ltr'><strong>maxime</strong></span> <span class='ocrx_word' id='word_1_217' title='bbox 329 3529 501 3581; x_wconf 90' lang='lat' dir='ltr'><strong>opportunum,</strong></span> <span class='ocrx_word' id='word_1_218' title='bbox 514 3520 556 3568; x_wconf 87' lang='lat' dir='ltr'><strong>sed</strong></span> <span class='ocrx_word' id='word_1_219' title='bbox 573 3518 670 3583; x_wconf 87' lang='lat' dir='ltr'><strong>plumis,</strong></span> <span class='ocrx_word' id='word_1_220' title='bbox 688 3535 749 3582; x_wconf 89' lang='lat' dir='ltr'><strong>pen·</strong></span> <span class='ocrx_word' id='word_1_221' title='bbox 783 3517 904 3579; x_wconf 78' lang='grc' dir='ltr'>αφθέντες.</span> <span class='ocrx_word' id='word_1_222' title='bbox 923 3519 989 3566; x_wconf 90' lang='lat' dir='ltr'><strong>Olim</strong></span> <span class='ocrx_word' id='word_1_223' title='bbox 1007 3516 1164 3575; x_wconf 88' lang='lat' dir='ltr'><strong>Censorinus,</strong></span> <span class='ocrx_word' id='word_1_224' title='bbox 1181 3533 1234 3581; x_wconf 87' lang='lat' dir='ltr'><strong>cap.</strong></span> <span class='ocrx_word' id='word_1_225' title='bbox 1254 3520 1276 3566; x_wconf 82' lang='lat'><strong>2.</strong></span> <span class='ocrx_word' id='word_1_226' title='bbox 1295 3527 1325 3567; x_wconf 89' lang='lat' dir='ltr'><strong>ut</strong></span> 
     </span>
     <span class='ocr_line' id='line_1_34' title="bbox 211 3580 1323 3646; baseline 0.003 -18"><span class='ocrx_word' id='word_1_227' title='bbox 211 3580 257 3637; x_wconf 86' lang='lat' dir='ltr'><strong>nis,</strong></span> <span class='ocrx_word' id='word_1_228' title='bbox 278 3580 309 3629; x_wconf 86' lang='lat' dir='ltr'><strong>iis</strong></span> <span class='ocrx_word' id='word_1_229' title='bbox 330 3582 435 3645; x_wconf 87' lang='lat' dir='ltr'><strong>denique</strong></span> <span class='ocrx_word' id='word_1_230' title='bbox 454 3583 546 3631; x_wconf 83' lang='lat' dir='ltr'><strong>viribus</strong></span> <span class='ocrx_word' id='word_1_231' title='bbox 568 3584 700 3638; x_wconf 71' lang='lat' dir='ltr'><strong>instructa,</strong></span> <span class='ocrx_word' id='word_1_232' title='bbox 724 3593 751 3630; x_wconf 91' lang='lat' dir='ltr'><strong>ut</strong></span> <span class='ocrx_word' id='word_1_233' title='bbox 783 3582 855 3629; x_wconf 87' lang='lat' dir='ltr'><strong>hodie</strong></span> <span class='ocrx_word' id='word_1_234' title='bbox 873 3583 960 3646; x_wconf 87' lang='lat' dir='ltr'><strong>Fayus,</strong></span> <span class='ocrx_word' id='word_1_235' title='bbox 974 3599 1057 3630; x_wconf 89' lang='lat' dir='ltr'><strong>vocem</strong></span> <span class='ocrx_word' id='word_1_236' title='bbox 1070 3585 1187 3630; x_wconf 79' lang='lat' dir='ltr'><strong>radicibus</strong></span> <span class='ocrx_word' id='word_1_237' title='bbox 1205 3581 1258 3630; x_wconf 89' lang='lat' dir='ltr'><strong>voci</strong></span> <span class='ocrx_word' id='word_1_238' title='bbox 1274 3591 1323 3631; x_wconf 77' lang='lat' dir='ltr'><strong>ter·</strong></span> 
     </span>
     <span class='ocr_line' id='line_1_35' title="bbox 211 3645 1323 3709; baseline 0.003 -16"><span class='ocrx_word' id='word_1_239' title='bbox 211 3653 299 3707; x_wconf 83' lang='lat' dir='ltr'><strong>sponte</strong></span> <span class='ocrx_word' id='word_1_240' title='bbox 314 3647 460 3694; x_wconf 78' lang='lat' dir='ltr'><strong>suaviorum</strong></span> <span class='ocrx_word' id='word_1_241' title='bbox 472 3648 636 3709; x_wconf 74' lang='lat' dir='ltr'><strong>quaeritarent.</strong></span> <span class='ocrx_word' id='word_1_242' title='bbox 671 3647 748 3694; x_wconf 89' lang='lat' dir='ltr'><strong>Dein·</strong></span> <span class='ocrx_word' id='word_1_243' title='bbox 782 3663 815 3693; x_wconf 87' lang='lat' dir='ltr'><strong>rae</strong></span> <span class='ocrx_word' id='word_1_244' title='bbox 826 3647 950 3707; x_wconf 85' lang='lat' dir='ltr'><strong>adjunxit:</strong></span> <span class='ocrx_word' id='word_1_245' title='bbox 969 3647 1011 3694; x_wconf 89' lang='lat' dir='ltr'><strong>sed</strong></span> <span class='ocrx_word' id='word_1_246' title='bbox 1028 3647 1127 3695; x_wconf 88' lang='lat' dir='ltr'><strong>fallitur.</strong></span> <span class='ocrx_word' id='word_1_247' title='bbox 1161 3645 1225 3694; x_wconf 89' lang='lat' dir='ltr'><strong>Vide</strong></span> <span class='ocrx_word' id='word_1_248' title='bbox 1241 3647 1323 3696; x_wconf 89' lang='lat' dir='ltr'><strong>omui·</strong></span> 
     </span>
     <span class='ocr_line' id='line_1_36' title="bbox 210 3708 1324 3774; baseline 0.004 -19"><span class='ocrx_word' id='word_1_249' title='bbox 210 3709 241 3756; x_wconf 89' lang='lat' dir='ltr'><strong>de</strong></span> <span class='ocrx_word' id='word_1_250' title='bbox 258 3723 272 3755; x_wconf 88' lang='lat' dir='ltr'><strong>e</strong></span> <span class='ocrx_word' id='word_1_251' title='bbox 289 3708 432 3769; x_wconf 88' lang='lat' dir='ltr'><strong>quibusdam</strong></span> <span class='ocrx_word' id='word_1_252' title='bbox 452 3711 573 3769; x_wconf 82' lang='lat' dir='ltr'><strong>folliculis,</strong></span> <span class='ocrx_word' id='word_1_253' title='bbox 590 3726 650 3772; x_wconf 89' lang='lat' dir='ltr'><strong>quos</strong></span> <span class='ocrx_word' id='word_1_254' title='bbox 667 3720 750 3758; x_wconf 88' lang='lat' dir='ltr'><strong>uteros</strong></span> <span class='ocrx_word' id='word_1_255' title='bbox 781 3725 813 3758; x_wconf 93' lang='lat' dir='ltr'><strong>no</strong></span> <span class='ocrx_word' id='word_1_256' title='bbox 832 3711 968 3758; x_wconf 90' lang='lat' dir='ltr'><strong>Diodorum</strong></span> <span class='ocrx_word' id='word_1_257' title='bbox 985 3711 1102 3769; x_wconf 88' lang='lat' dir='ltr'><strong>Siculum,</strong></span> <span class='ocrx_word' id='word_1_258' title='bbox 1114 3712 1156 3759; x_wconf 93' lang='lat' dir='ltr'><strong>lib.</strong></span> <span class='ocrx_word' id='word_1_259' title='bbox 1170 3712 1190 3759; x_wconf 91' lang='grc' dir='ltr'><strong>Ι.</strong></span> <span class='ocrx_word' id='word_1_260' title='bbox 1204 3726 1324 3774; x_wconf 78' lang='lat' dir='ltr'><strong>magnum</strong></span> 
     </span>
     <span class='ocr_line' id='line_1_37' title="bbox 211 3772 1260 3839; baseline 0.003 -18"><span class='ocrx_word' id='word_1_261' title='bbox 211 3772 369 3837; x_wconf 81' lang='lat' dir='ltr'><strong>appellemus,</strong></span> <span class='ocrx_word' id='word_1_262' title='bbox 397 3784 468 3821; x_wconf 85' lang='lat' dir='ltr'><strong>terrae</strong></span> <span class='ocrx_word' id='word_1_263' title='bbox 496 3775 676 3822; x_wconf 88' lang='lat' dir='ltr'><strong>adhaerentibus</strong></span> <span class='ocrx_word' id='word_1_264' title='bbox 701 3774 749 3822; x_wconf 86' lang='lat' dir='ltr'><strong>alia</strong></span> <span class='ocrx_word' id='word_1_265' title='bbox 781 3775 1157 3839; x_wconf 84' lang='lat' dir='ltr'><strong>enimoperaepretiumlueritr</strong></span> <span class='ocrx_word' id='word_1_266' title='bbox 1176 3779 1260 3824; x_wconf 79' lang='lat' dir='ltr'><strong>Faber.</strong></span> 
     </span>
     <span class='ocr_line' id='line_1_38' title="bbox 211 3835 1322 3903; baseline 0.004 -17"><span class='ocrx_word' id='word_1_267' title='bbox 211 3835 334 3892; x_wconf 87' lang='lat' dir='ltr'><strong>animalia,</strong></span> <span class='ocrx_word' id='word_1_268' title='bbox 344 3847 416 3898; x_wconf 87' lang='lat' dir='ltr'><strong>atque</strong></span> <span class='ocrx_word' id='word_1_269' title='bbox 427 3837 474 3900; x_wconf 89' lang='lat' dir='ltr'><strong>ipsi</strong></span> <span class='ocrx_word' id='word_1_270' title='bbox 486 3839 598 3886; x_wconf 87' lang='lat' dir='ltr'><strong>homines</strong></span> <span class='ocrx_word' id='word_1_271' title='bbox 607 3850 747 3900; x_wconf 88' lang='lat' dir='ltr'><strong>eruperunt,</strong></span> <span class='ocrx_word' id='word_1_272' title='bbox 815 3841 869 3886; x_wconf 90' lang='lat'>808.</span> <span class='ocrx_word' id='word_1_273' title='bbox 891 3842 993 3902; x_wconf 80' lang='lat' dir='ltr'><strong>Fugiens</strong></span> <span class='ocrx_word' id='word_1_274' title='bbox 1010 3841 1137 3903; x_wconf 73' lang='lat' dir='ltr'><strong>bunuorum]</strong></span> <span class='ocrx_word' id='word_1_275' title='bbox 1159 3841 1189 3887; x_wconf 91' lang='lat' dir='ltr'><strong>Iu</strong></span> <span class='ocrx_word' id='word_1_276' title='bbox 1206 3856 1256 3902; x_wconf 91' lang='lat' dir='ltr'><strong>quo</strong></span> <span class='ocrx_word' id='word_1_277' title='bbox 1275 3840 1322 3890; x_wconf 81' lang='lat' dir='ltr'><strong>viz.</strong></span> 
     </span>
     <span class='ocr_line' id='line_1_39' title="bbox 211 3901 1325 3966; baseline 0.004 -17"><span class='ocrx_word' id='word_1_278' title='bbox 211 3901 298 3966; x_wconf 86' lang='lat' dir='ltr'><strong>quibus</strong></span> <span class='ocrx_word' id='word_1_279' title='bbox 315 3901 409 3949; x_wconf 89' lang='lat' dir='ltr'><strong>alendis</strong></span> <span class='ocrx_word' id='word_1_280' title='bbox 426 3902 528 3950; x_wconf 89' lang='lat' dir='ltr'><strong>idoneus</strong></span> <span class='ocrx_word' id='word_1_281' title='bbox 544 3903 624 3964; x_wconf 91' lang='lat' dir='ltr'><strong>liquor</strong></span> <span class='ocrx_word' id='word_1_282' title='bbox 640 3901 697 3949; x_wconf 86' lang='lat' dir='ltr'><strong>lacti</strong></span> <span class='ocrx_word' id='word_1_283' title='bbox 714 3903 747 3951; x_wconf 90' lang='lat' dir='ltr'><strong>si·</strong></span> <span class='ocrx_word' id='word_1_284' title='bbox 780 3903 887 3951; x_wconf 86' lang='lat' dir='ltr'><strong>infantes</strong></span> <span class='ocrx_word' id='word_1_285' title='bbox 914 3904 940 3951; x_wconf 89' lang='lat' dir='ltr'><strong>in</strong></span> <span class='ocrx_word' id='word_1_286' title='bbox 963 3904 1016 3953; x_wconf 84' lang='lat' dir='ltr'><strong>istis</strong></span> <span class='ocrx_word' id='word_1_287' title='bbox 1039 3905 1115 3954; x_wconf 87' lang='lat' dir='ltr'><strong>uteris</strong></span> <span class='ocrx_word' id='word_1_288' title='bbox 1138 3905 1227 3953; x_wconf 90' lang='lat' dir='ltr'><strong>inclusi</strong></span> <span class='ocrx_word' id='word_1_289' title='bbox 1252 3915 1325 3954; x_wconf 85' lang='lat' dir='ltr'><strong>nata·</strong></span> 
     </span>
     <span class='ocr_line' id='line_1_40' title="bbox 210 3965 846 4016; baseline -0.002 -1"><span class='ocrx_word' id='word_1_290' title='bbox 210 3966 328 4015; x_wconf 89' lang='lat' dir='ltr'><strong>millimus</strong></span> <span class='ocrx_word' id='word_1_291' title='bbox 339 3980 352 4011; x_wconf 90' lang='lat' dir='ltr'><strong>e</strong></span> <span class='ocrx_word' id='word_1_292' title='bbox 363 3965 447 4013; x_wconf 85' lang='lat' dir='ltr'><strong>matris</strong></span> <span class='ocrx_word' id='word_1_293' title='bbox 460 3966 611 4014; x_wconf 79' lang='lat' dir='ltr'><strong>terrae&#39;venis</strong></span> <span class='ocrx_word' id='word_1_294' title='bbox 622 3969 748 4015; x_wconf 86' lang='lat' dir='ltr'><strong>commode</strong></span> <span class='ocrx_word' id='word_1_295' title='bbox 781 3969 846 4016; x_wconf 84' lang='lat' dir='ltr'><strong>bant.</strong></span> 
     </span>
     <span class='ocr_line' id='line_1_41' title="bbox 210 4029 1323 4097; baseline 0.004 -18"><span class='ocrx_word' id='word_1_296' title='bbox 210 4030 238 4079; x_wconf 87' lang='lat' dir='ltr'><strong>in</strong></span> <span class='ocrx_word' id='word_1_297' title='bbox 251 4046 293 4078; x_wconf 89' lang='lat' dir='ltr'><strong>ora</strong></span> <span class='ocrx_word' id='word_1_298' title='bbox 309 4029 550 4091; x_wconf 85' lang='lat' dir='ltr'><strong>singulorumfluxit,</strong></span> <span class='ocrx_word' id='word_1_299' title='bbox 568 4045 624 4077; x_wconf 88' lang='lat' dir='ltr'><strong>nam</strong></span> <span class='ocrx_word' id='word_1_300' title='bbox 642 4031 748 4093; x_wconf 88' lang='lat' dir='ltr'><strong>parienti</strong></span> <span class='ocrx_word' id='word_1_301' title='bbox 815 4035 869 4081; x_wconf 84' lang='lat'><strong>809.</strong></span> <span class='ocrx_word' id='word_1_302' title='bbox 894 4034 944 4097; x_wconf 83' lang='lat' dir='ltr'><strong>lbi]</strong></span> <span class='ocrx_word' id='word_1_303' title='bbox 968 4038 1024 4082; x_wconf 78' lang='lat' dir='ltr'><strong>Ibus</strong></span> <span class='ocrx_word' id='word_1_304' title='bbox 1048 4049 1094 4097; x_wconf 87' lang='lat' dir='ltr'><strong>pro</strong></span> <span class='ocrx_word' id='word_1_305' title='bbox 1117 4039 1153 4092; x_wconf 77' lang='lat' dir='ltr'><strong>its,</strong></span> <span class='ocrx_word' id='word_1_306' title='bbox 1178 4034 1323 4084; x_wconf 86' lang='lat' dir='ltr'><strong>Lambinus.</strong></span> 
     </span>
     <span class='ocr_line' id='line_1_42' title="bbox 211 4093 1324 4162; baseline 0.004 -18"><span class='ocrx_word' id='word_1_307' title='bbox 211 4094 293 4144; x_wconf 90' lang='lat' dir='ltr'><strong>telluri</strong></span> <span class='ocrx_word' id='word_1_308' title='bbox 315 4110 363 4141; x_wconf 90' lang='lat' dir='ltr'><strong>non</strong></span> <span class='ocrx_word' id='word_1_309' title='bbox 387 4093 468 4141; x_wconf 89' lang='lat' dir='ltr'><strong>minus</strong></span> <span class='ocrx_word' id='word_1_310' title='bbox 489 4110 561 4156; x_wconf 87' lang='lat' dir='ltr'><strong>quam</strong></span> <span class='ocrx_word' id='word_1_311' title='bbox 583 4094 689 4142; x_wconf 84' lang='lat' dir='ltr'><strong>foeminis</strong></span> <span class='ocrx_word' id='word_1_312' title='bbox 711 4097 748 4146; x_wconf 88' lang='lat' dir='ltr'><strong>lac</strong></span> <span class='ocrx_word' id='word_1_313' title='bbox 781 4100 819 4145; x_wconf 81' lang='lat' dir='ltr'><strong>Ili</strong></span> <span class='ocrx_word' id='word_1_314' title='bbox 837 4098 928 4146; x_wconf 85' lang='lat' dir='ltr'><strong>Faber:</strong></span> <span class='ocrx_word' id='word_1_315' title='bbox 947 4108 998 4146; x_wconf 87' lang='lat' dir='ltr'><strong>tum</strong></span> <span class='ocrx_word' id='word_1_316' title='bbox 1016 4099 1077 4146; x_wconf 93' lang='lat' dir='ltr'><strong>mihi</strong></span> <span class='ocrx_word' id='word_1_317' title='bbox 1089 4099 1185 4148; x_wconf 86' lang='lat' dir='ltr'><strong>videtur</strong></span> <span class='ocrx_word' id='word_1_318' title='bbox 1198 4098 1324 4162; x_wconf 87' lang='lat' dir='ltr'><strong>respicere</strong></span> 
     </span>
     <span class='ocr_line' id='line_1_43' title="bbox 211 4158 1026 4218; baseline 0 -10"><span class='ocrx_word' id='word_1_319' title='bbox 211 4169 277 4208; x_wconf 86' lang='lat' dir='ltr'><strong>recte</strong></span> <span class='ocrx_word' id='word_1_320' title='bbox 293 4158 393 4206; x_wconf 86' lang='lat' dir='ltr'><strong>attribui</strong></span> <span class='ocrx_word' id='word_1_321' title='bbox 410 4158 538 4206; x_wconf 81' lang='lat' dir='ltr'><strong>videatur:</strong></span> <span class='ocrx_word' id='word_1_322' title='bbox 563 4158 597 4206; x_wconf 89' lang='lat' dir='ltr'><strong>ita</strong></span> <span class='ocrx_word' id='word_1_323' title='bbox 614 4159 687 4207; x_wconf 90' lang='lat' dir='ltr'><strong>tellus</strong></span> <span class='ocrx_word' id='word_1_324' title='bbox 703 4161 747 4208; x_wconf 85' lang='lat' dir='ltr'><strong>ali·</strong></span> <span class='ocrx_word' id='word_1_325' title='bbox 781 4179 865 4210; x_wconf 88' lang='lat' dir='ltr'><strong>vocem</strong></span> <span class='ocrx_word' id='word_1_326' title='bbox 877 4166 924 4218; x_wconf 77' lang='lat' dir='ltr'><strong>ubi,</strong></span> <span class='ocrx_word' id='word_1_327' title='bbox 936 4179 957 4210; x_wconf 88' lang='lat' dir='ltr'><strong>v.</strong></span> <span class='ocrx_word' id='word_1_328' title='bbox 972 4164 1026 4209; x_wconf 81' lang='lat'><strong>805.</strong></span> 
     </span>
     <span class='ocr_line' id='line_1_44' title="bbox 210 4222 1325 4288; baseline 0.004 -15"><span class='ocrx_word' id='word_1_329' title='bbox 210 4233 320 4273; x_wconf 86' lang='lat' dir='ltr'><strong>mentum</strong></span> <span class='ocrx_word' id='word_1_330' title='bbox 337 4223 411 4280; x_wconf 90' lang='lat' dir='ltr'><strong>dedit,</strong></span> <span class='ocrx_word' id='word_1_331' title='bbox 430 4223 560 4286; x_wconf 87' lang='lat' dir='ltr'><strong>temperies</strong></span> <span class='ocrx_word' id='word_1_332' title='bbox 572 4222 634 4270; x_wconf 73' lang='lat' dir='ltr'><strong>aeris</strong></span> <span class='ocrx_word' id='word_1_333' title='bbox 651 4224 708 4272; x_wconf 82' lang='lat' dir='ltr'><strong>fecit</strong></span> <span class='ocrx_word' id='word_1_334' title='bbox 722 4241 748 4274; x_wconf 82' lang='lat' dir='ltr'><strong>ut</strong></span> <span class='ocrx_word' id='word_1_335' title='bbox 814 4229 868 4274; x_wconf 87' lang='lat'><strong>813.</strong></span> <span class='ocrx_word' id='word_1_336' title='bbox 892 4226 1141 4288; x_wconf 80' lang='lat' dir='ltr'><strong>Impetus—climenti]</strong></span> <span class='ocrx_word' id='word_1_337' title='bbox 1166 4227 1209 4274; x_wconf 91' lang='lat' dir='ltr'><strong>Nil</strong></span> <span class='ocrx_word' id='word_1_338' title='bbox 1234 4228 1325 4278; x_wconf 83' lang='lat' dir='ltr'><strong>melius</strong></span> 
     </span>
     <span class='ocr_line' id='line_1_45' title="bbox 210 4287 1282 4355; baseline 0.002 -17"><span class='ocrx_word' id='word_1_339' title='bbox 210 4288 363 4338; x_wconf 80' lang='lat' dir='ltr'><strong>vestimentis</strong></span> <span class='ocrx_word' id='word_1_340' title='bbox 374 4304 423 4337; x_wconf 91' lang='lat' dir='ltr'><strong>non</strong></span> <span class='ocrx_word' id='word_1_341' title='bbox 433 4299 497 4336; x_wconf 87' lang='lat' dir='ltr'><strong>esset</strong></span> <span class='ocrx_word' id='word_1_342' title='bbox 507 4304 575 4350; x_wconf 88' lang='lat' dir='ltr'><strong>opus,</strong></span> <span class='ocrx_word' id='word_1_343' title='bbox 586 4298 610 4334; x_wconf 82' lang='lat' dir='ltr'><strong>et</strong></span> <span class='ocrx_word' id='word_1_344' title='bbox 622 4287 694 4335; x_wconf 91' lang='lat' dir='ltr'><strong>molle</strong></span> <span class='ocrx_word' id='word_1_345' title='bbox 704 4305 746 4336; x_wconf 85' lang='lat' dir='ltr'><strong>cu·</strong></span> <span class='ocrx_word' id='word_1_346' title='bbox 781 4301 882 4354; x_wconf 86' lang='lat' dir='ltr'><strong>poterat,</strong></span> <span class='ocrx_word' id='word_1_347' title='bbox 896 4291 981 4338; x_wconf 85' lang='lat' dir='ltr'><strong>sentiri</strong></span> <span class='ocrx_word' id='word_1_348' title='bbox 993 4300 1081 4354; x_wconf 86' lang='lat' dir='ltr'><strong>potest,</strong></span> <span class='ocrx_word' id='word_1_349' title='bbox 1094 4307 1143 4340; x_wconf 89' lang='lat' dir='ltr'><strong>nou</strong></span> <span class='ocrx_word' id='word_1_350' title='bbox 1155 4291 1282 4355; x_wconf 86' lang='lat' dir='ltr'><strong>explicari.</strong></span> 
     </span>
    </p>
   </div>
   <div class='ocr_carea' id='block_1_4' title="bbox 0 0 1440 4852">
    <p class='ocr_par' dir='ltr' id='par_1_8' title="bbox 0 0 1440 4852">
     <span class='ocr_line' id='line_1_46' title="bbox 0 0 1440 4852; baseline 0 0"><span class='ocrx_word' id='word_1_351' title='bbox 0 0 1440 4852; x_wconf 95' lang='lat' dir='ltr'><strong> </strong></span> 
     </span>
    </p>
   </div>
  </div>
 </body>
</html>
