2872 4852
478 239 646 303 LIBER
678 239 901 306 PRIMUS.

219 396 394 463 Dimidiam
410 406 546 479 partem,
563 418 623 460 nec
638 419 691 460 res
706 395 859 480 perfiniet
873 396 949 460 ulla.

217 498 310 582 Ergo
324 519 434 562 rerum
445 499 529 562 inter
544 521 711 575 summam,
727 499 965 581 minimamque,
982 499 1064 581 quid
1079 499 1181 564 escit?

217 599 297 664 Non
312 600 374 664 erit
389 611 425 665 ut
440 601 581 665 distent:
606 624 691 678 nam,
706 601 852 686 quamvis
867 600 1015 665 funditus
1031 601 1133 664 onmis

152 713 199 760 615
218 701 350 765 Summa
366 701 407 767 sit
422 701 564 779 Infinita,
581 692 699 780 tamen,
717 703 913 767 Parvissima
928 725 1002 787 quse
1017 715 1104 780 sunt,

217 804 272 868 Ex
286 803 426 868 Infinitis
442 805 639 871 constabunt
652 807 802 890 partibus
817 828 922 890 aeque.

217 905 309 978 Quoi
321 906 473 989 quoniam
488 908 570 971 ratio
586 906 740 973 reclamat
754 930 843 985 vera,
859 920 1023 993 negatque

217 1007 361 1072 Credere
377 1030 474 1091 posse
489 1011 641 1086 animum,
657 1011 761 1075 victus
776 1011 898 1076 fateare
913 1010 1112 1087 necessest,

216 1108 301 1173 Esse
318 1131 367 1186 ea,
380 1132 455 1194 quae
469 1109 564 1176 nullis
575 1111 645 1194 jam
658 1112 798 1195 praedita
813 1113 961 1197 partibus
977 1121 1120 1186 exstent,

150 1223 198 1269 620
217 1210 264 1277 Et
280 1210 416 1275 Minima
430 1223 580 1278 constent
595 1224 722 1279 natura.
769 1214 854 1287 Quae
869 1213 1021 1297 quoniam
1036 1223 1124 1289 sunt,
1199 1234 1201 1240 ’

216 1312 275 1377 Illa
290 1337 420 1399 quoque
434 1338 507 1380 esse
523 1316 583 1380 tibi
597 1315 721 1393 Solida,
737 1326 835 1399 atque
850 1315 1003 1392 AEterna,
1019 1315 1197 1379 fatendum.

258 1415 423 1499 Denique,
439 1418 473 1480 ni
487 1416 641 1481 Minimas
657 1419 691 1486 in
706 1418 827 1501 parteis
844 1427 961 1481 cuncta
975 1415 1093 1482 resolvi

215 1518 342 1602 Cogere
359 1518 550 1583 consuesset
565 1542 673 1584 rerum
688 1519 819 1603 Natura
834 1519 986 1597 creatrix,

213 1619 288 1685 «lam
304 1620 384 1684 nihil
398 1643 440 1685 ex
455 1619 516 1685 illis
532 1621 646 1686 eadem
661 1643 814 1706 reparare
830 1619 970 1686 valeret:

148 1732 195 1779 625
215 1721 406 1807 Propterea,
424 1725 510 1807 quia,
527 1747 601 1808 quae
617 1723 724 1791 multis
741 1735 817 1789 sunt
831 1724 979 1808 partibus
994 1735 1101 1801 aucta,

213 1824 292 1891 Non
306 1835 445 1908 possunt
460 1848 510 1902 ea,
527 1849 601 1909 quae
616 1826 717 1891 debet
733 1825 895 1891 Genitalis
910 1825 1034 1895 habere

212 1925 382 2006 Materies
399 1929 504 1991 varios
521 1927 710 2005 Conuersus,
728 1927 892 2005 Pondere,
910 1927 1041 2013 Plagas,

213 2027 412 2106 Concursus,
429 2029 555 2106 Motus,
572 2052 631 2113 per
646 2053 720 2113 quae
735 2052 787 2094 res
804 2052 943 2118 quaeque
957 2040 1128 2114 geruntur„

255 2130 372 2209 Porro,
389 2133 415 2195 si
430 2130 518 2195 nulla
533 2131 573 2194 ’st
588 2131 776 2215 frangendis
791 2133 922 2196 reddita
936 2131 1010 2195 finis

147 2246 195 2292 63⁰
214 2233 427 2317 Corporibus,
444 2244 550 2297 tamen
566 2255 609 2296 ex
624 2243 746 2297 aeterno
762 2245 907 2317 tempore
923 2232 1073 2315 quaedam

212 2335 312 2400 Nunc
328 2336 423 2398 etiam
438 2355 594 2419 superare
609 2355 743 2398 necesse
760 2335 799 2397 'st
815 2333 963 2417 Corpora
978 2336 1088 2411 rebus,

160 2494 214 2542 613.
244 2494 323 2558 Escit]
347 2497 396 2545 Seu
417 2504 493 2551 eseet5
519 2504 547 2543 ut
571 2494 665 2552 Festus,
733 2495 787 2543 625.
807 2498 863 2547 Qua
886 2493 978 2558 mauis]
1001 2495 1078 2544 Recte
1101 2496 1237 2556 Lambinus

125 2563 360 2624 ebeseetprooberit5
378 2564 667 2623 senesitutveterespro
699 2568 784 2610 eontra
792 2574 877 2609 omnes
888 2560 970 2609 libros.
997 2559 1133 2623 Coddquae
1150 2564 1235 2621 nullis,-

124 2629 171 2672 ert‘t
177 2645 186 2680 ,·
204 2638 229 2672 et
238 2625 300 2674 banc
311 2624 441 2674 lectionem
458 2626 546 2688 probat
561 2639 666 2686 sequens
699 2623 792 2673 vitiose.
813 2623 863 2672 uis.
874 2624 928 2673 Par.
938 2641 988 2687 quta
995 2627 1064 2672 ullis:
1076 2640 1137 2687 quos
1146 2625 1186 2687 qui
1196 2641 1235 2675 seae

124 2704 223 2738 versus:
241 2690 291 2748 alii,
303 2698 369 2739 esset.
696 2689 788 2752 quitur,
806 2688 949 2738 Lucretium
965 2699 990 2737 et
1009 2704 1109 2739 sensum
1125 2706 1235 2751 commu}

158 2755 213 2803 618.
242 2757 340 2806 Credere
358 2771 423 2817 porse
444 2757 553 2811 animum,
575 2752 662 2816 victus]
697 2755 869 2802 nemdeseret.

125 2820 216 2874 Recte;
238 2819 298 2868 dum
314 2819 357 2869 alii
372 2819 462 2882 legant,
482 2821 581 2868 Credere
598 2835 664 2881 posse
729 2820 784 2868 628.
804 2817 935 2881 Gerantur]
953 2822 1081 2877 Genanmr,
1094 2819 1235 2878 Lambinus,

125 2888 350 2942 enimbvietaaetc.
696 2885 844 2941 Gassendus,
867 2898 969 2946 eamque
993 2883 1124 2932 lectionem
1151 2893 1236 2938 contra

73 2988 74 2991 ¹
158 2951 212 2998 622.
231 2952 375 3012 Deniqueot'
382 2948 564 3012 Minimum]
574 2948 662 3012 111ρί1-
696 2948 789 2997 Gifanii
801 2959 826 2997 et
838 2948 910 2997 Parei
921 2949 1040 3012 strepitus
1052 2965 1073 2998 r.
1087 2949 1142 3010 626.
1159 2950 1235 3013 probe

122 3024 179 3062 cata
193 3014 225 3063 de
242 3017 339 3064 Minimo
353 3017 518 3064 Matberaotico
532 3014 662 3073 sententia,
694 3013 811 3072 defendit,
824 3023 849 3062 et
861 3023 949 3062 tuetur.

123 3082 155 3135 ad
166 3083 283 3128 saisinam
294 3095 364 3129 suum
375 3082 494 3142 physicum
503 3078 568 3128 redit
579 3079 662 3138 Poeta,
727 3080 783 3128 629.
801 3081 880 3136 Porro,
889 3082 910 3126 ai
919 3080 985 3126 nullo
994 3076 1037 3140 ¹st]
1048 3077 1235 3141 Ultimum,un

124 3145 189 3206 quod
216 3155 317 3208 propter
342 3144 498 3201 soliditatem,
525 3159 575 3193 non
605 3158 663 3192 vero
695 3142 779 3202 utitur,
792 3152 963 3206 argumentum
977 3159 999 3190 v.
1018 3143 1040 3193 7.
1055 3145 1108 3205 jam
1125 3143 1235 3207 probatis

124 3209 366 3272 propterexilitatem
375 3208 543 3259 indissolubile
552 3209 629 3272 fingit,
638 3218 664 3257 et
695 3207 788 3257 nititur.
822 3207 889 3257 Olim
903 3207 1121 3266 demonstraverat,
1140 3207 1178 3255 vel
1194 3224 1234 3264 se·,

123 3287 258 3330 aeternum;
275 3275 340 3336 quod
351 3291 374 3322 v.
388 3273 409 3324 7.
422 3273 511 3322 iterum
520 3274 661 3324 confirmat:
695 3272 762 3322 mina
773 3273 883 3335 quaedam
896 3273 926 3323 ab
937 3281 1030 3319 aeteruo
1046 3271 1190 3320 indissoluta
1210 3282 1236 3333 et

124 3338 173 3386 nisi
192 3339 258 3387 euim
278 3340 309 3387 ad
332 3340 467 3387 extremam
488 3337 663 3387 resolutionem
695 3337 799 3385 infracta
821 3352 881 3394 esse,
905 3346 948 3383 aut
970 3335 1050 3383 nullas
1072 3350 1112 3383 res
1134 3337 1235 3397 omnino

124 3413 213 3459 natura
234 3403 382 3477 perveniret,
402 3402 451 3450 nisi
473 3417 565 3459 omues,
589 3401 663 3450 etiam
695 3401 849 3459 nasci‚vele
863 3400 941 3450 nihilo
958 3399 1017 3448 oriri
1034 3399 1159 3464 potuisse:
1184 3401 1235 3451 Res

125 3466 301 3516 minutissimas
316 3466 448 3515 moleculas
464 3464 606 3529 explicaret,
623 3465 661 3512 in·
696 3465 763 3513 nasci
775 3464 821 3527 ipsi
834 3479 920 3512 sensus
931 3463 1106 3523 demonstrant,
1121 3473 1148 3517 et
1165 3465 1236 3529 Nihil
1251 3486 1254 3492 ·

124 3541 182 3594 epta
193 3532 256 3580 foret
263 3548 344 3581 rerum
351 3529 465 3579 materies
472 3530 608 3578 innumeris
614 3529 663 3580 illis
696 3545 710 3578 e
722 3528 807 3577 Nihilo
819 3528 877 3576 oriri
889 3528 996 3579 fatentur
1012 3545 1112 3586 omnes;
1136 3531 1157 3579 si
1176 3547 1234 3595 vero

124 3596 213 3658 quibus
230 3597 302 3646 debet
319 3595 406 3658 subjici
423 3593 607 3652 mutationibus,
624 3604 661 3642 at·
696 3593 790 3642 nullum
802 3603 866 3642 esset
876 3595 1046 3656 solidamquod
1056 3594 1136 3658 frangi
1147 3607 1172 3644 et
1183 3596 1234 3648 dis,

124 3677 172 3724 que
190 3662 287 3718 formis,
312 3661 437 3710 moleculae
455 3659 521 3708 enim
540 3675 572 3708 ex
589 3658 663 3710 variis
695 3658 757 3708 solvi
769 3668 880 3721 nequeat,
892 3657 935 3707 ubi
946 3658 1112 3708 inveniremus
1125 3660 1235 3725 Corpora

124 3726 235 3790 partibus
244 3742 370 3784 connexe,
382 3735 408 3774 et
420 3725 498 3774 Inane
509 3724 574 3786 inter
585 3740 619 3787 se,
631 3739 663 3772 ex
695 3723 738 3772 illa
749 3725 779 3772 ab
790 3733 882 3772 aeterno
897 3722 1048 3782 indissoluta,
1067 3734 1092 3775 et
1110 3725 1232 3778 infracta?

123 3791 247 3840 sententia
258 3791 367 3856 Epicuri,
384 3789 546 3850 continentes,
563 3805 612 3839 non
628 3805 661 3837 ωε
695 3789 759 3838 cnm
779 3788 847 3839 enim
867 3787 965 3850 fragiles
983 3789 1108 3838 moleculae
1131 3790 1236 3842 infinitis

123 3856 216 3918 quabili
238 3857 354 3920 pondere,
376 3871 426 3905 uon
453 3853 569 3903 uniformi
594 3863 662 3903 motu
695 3853 835 3903 occursibus
844 3852 981 3915 ictibusque
990 3853 1101 3902 obnoxiae
1113 3855 1170 3914 sint,
1179 3855 1234 3916 fieri

124 3922 289 3976 donarenture
318 3921 421 3969 aliorum
444 3920 533 3968 ictibus
555 3918 661 3982 maligne
695 3933 744 3966 non
764 3927 852 3982 potest,
871 3926 900 3966 ut
917 3927 968 3966 tum
985 3917 1102 3966 diuturno
1123 3929 1235 3986 tempore

124 3987 323 4048 obsequerentur,
329 3985 432 4047 ideoque
441 3983 542 4033 minime
549 3983 663 4033 connecti
694 3998 744 4031 non
755 3983 806 4031 sint
817 3982 941 4031 exsolutae.

123 4051 226 4114 possint.
302 4071 306 4083 ¹
729 4048 792 4096 Ibid.
810 4050 890 4106 Porro,
907 4051 929 4095 si
945 4049 1009 4096 nulle
1027 4049 1065 4105 ἐι,
1083 4046 1141 4110 eto]
1162 4047 1198 4096 Hi
1218 4048 1233 4098 1

158 4115 222 4165 ibid
239 4117 351 4177 Denique,
363 4112 402 4177 nt]
418 4114 458 4162 Ita
470 4111 593 4162 sententia
608 4111 662 4176 ipsa
693 4128 779 4162 sersus
787 4128 837 4160 non
846 4111 1005 4161 inveniuntur
1013 4111 1040 4161 iu
1053 4113 1081 4160 Β.
1109 4112 1233 4168 Ver.630,

124 4180 264 4243 postulante
283 4178 359 4227 edidit
382 4177 522 4228 Lambinus.
556 4179 662 4239 Denique
694 4193 740 4241 pro
760 4186 858 4240 tempore
880 4177 961 4238 Fayus
981 4176 1042 4246 legit
1069 4192 1192 4237 corporet,
1206 4185 1234 4223 et

124 4248 152 4301 si,
166 4243 282 4300 Nardius,
294 4242 414 4302 Gisanius,
427 4243 482 4290 Pur.
498 4258 560 4305 quos
577 4257 662 4290 omnes
694 4258 739 4306 pro
761 4245 872 4305 quedam,
892 4240 942 4300 alii,
966 4257 1077 4304 queque:
1103 4248 1233 4303 utrumque

123 4305 661 4371 meritonegligimussreclamatenimv.625.
694 4307 814 4373 imperite.

830 4384 843 4420 r
