2872 4852
432 244 603 309 LIBER
632 234 886 308 TERTIUS.
1155 245 1214 310 153

195 403 266 467 Aut
281 400 368 464 aliud
383 420 532 483 prorsum
547 400 589 462 de
606 421 728 462 summa
744 399 916 462 detrahere
932 399 1030 476 illum,

196 505 403 568 Commutare
420 500 572 564 Animum
586 502 771 585 quicunque
787 502 945 578 adoritur,
961 514 995 566 et
1009 501 1099 579 infit3

131 620 178 665 515
198 606 267 670 Aut
282 602 390 667 Aliam
403 604 548 687 quamvis
564 613 712 667 naturam
727 603 858 667 flectere
873 604 1007 687 quaerit:

194 705 242 771 At
254 727 360 789 neque
376 704 546 768 transferri
560 706 622 769 sibi
636 706 769 789 parteis
785 727 845 769 nec
860 706 959 769 tribui
973 704 1052 783 vult,

195 807 378 871 Immortale
395 806 483 890 quod
499 816 549 869 est
564 807 747 891 quicquam,
763 830 869 891 neque
885 806 1029 871 defluere
1044 806 1161 870 hilum:

195 910 283 972 Nam
297 909 515 993 quodcunque
532 908 598 971 suis
615 919 773 972 mutatum
787 909 907 972 finibus
923 911 1001 986 exit,

196 1010 358 1075 Continuo
372 1009 435 1073 hoc
451 1032 537 1072 mors
553 1019 604 1073 est
619 1009 703 1073 illius
719 1009 808 1092 quod
824 1009 885 1073 fuit
900 1020 985 1073 ante.

132 1123 179 1185 520
197 1112 290 1196 Ergo
305 1109 444 1175 Animus
462 1112 527 1174 sive
544 1113 704 1193 aegrescit,
720 1109 866 1174 mortalia
882 1112 973 1194 signa

196 1213 301 1276 Mittit
317 1212 377 1293 (uti
392 1212 512 1294 docui),
530 1232 588 1275 seu
602 1211 745 1277 flectitur
760 1235 780 1274 a
795 1212 970 1276 medicina:

196 1315 312 1399 Usque
327 1314 410 1377 adeo
423 1311 513 1376 falsae
527 1314 644 1376 rationi
656 1336 733 1376 vera
748 1313 878 1376 videtur

197 1417 267 1478 Res
284 1435 466 1488 occurrere,
482 1423 514 1476 et
529 1412 686 1496 effugium
697 1412 899 1496 praecludere
915 1415 1025 1490 eunti,

198 1516 407 1598 Ancipitique
422 1513 567 1577 refutatu
582 1516 772 1579 convincere
787 1514 914 1577 falsum.

134 1631 180 1676 525
244 1617 394 1699 Denique
410 1638 497 1699 saepe
512 1616 673 1680 hominem
688 1615 855 1700 paullatim
869 1617 1028 1680 cernimus
1044 1618 1102 1695 ire,

198 1719 245 1783 Et
259 1709 459 1782 membratim
475 1715 604 1779 vitalem
619 1718 800 1801 deperdere
817 1739 968 1782 sensum:

198 1820 236 1884 In
253 1820 391 1904 pedibus
407 1819 544 1902 primum
559 1819 690 1902 Digitus
705 1819 871 1897 livescere,
888 1829 922 1883 et
937 1819 1096 1904 Ungueis,

197 1922 280 1986 Inde
298 1921 416 1997 Pedes,
432 1931 466 1987 et
482 1920 588 1986 Crura
602 1923 700 1999 mori;
725 1933 800 2006 post
814 1922 890 1986 inde
905 1944 965 2005 per
979 1933 1068 1986 artus

198 2024 250 2088 Ire
266 2023 344 2088 alios
360 2024 486 2088 tractim
502 2023 601 2106 gelidi
616 2026 752 2108 vestigia
767 2023 863 2088 lethi:

134 2140 181 2185 530
200 2126 365 2191 Scinditur
380 2136 477 2209 atque
494 2125 622 2190 Animae
636 2127 788 2210 quoniam
803 2136 929 2202 natura,
945 2148 1005 2191 nec
1020 2149 1086 2191 uno

198 2228 362 2312 Tempore
379 2229 504 2291 sincera
519 2229 641 2303 existit,
657 2227 800 2291 mortalis
816 2227 969 2290 habenda
984 2228 1035 2291 'st

199 2330 300 2402 Quod
316 2330 342 2391 si
357 2328 441 2392 forte
457 2339 554 2412 putas
570 2329 672 2411 ipsam
690 2351 724 2391 se
739 2349 837 2412 posse
852 2340 1018 2410 perartus

198 2430 379 2494 Introrsum
395 2429 535 2505 trahere,
552 2439 586 2493 et
601 2430 722 2513 parteis
738 2430 921 2493 conducere
937 2431 970 2492 in
985 2452 1096 2505 unum,

199 2532 310 2616 Atque
325 2532 400 2595 ideo
412 2531 536 2594 cunctis
552 2552 682 2594 sensum
698 2530 861 2595 deducere
876 2532 1046 2608 membris3

135 2647 182 2692 535
201 2633 249 2697 At
262 2632 352 2698 locus
368 2632 421 2696 ille
437 2643 555 2707 tamen,
571 2654 636 2715 quo
651 2633 745 2715 copia
760 2643 850 2695 tanta
865 2631 996 2696 Animal

200 2735 347 2819 Cogitur,
363 2736 396 2796 in
412 2757 509 2798 sensu
525 2734 624 2797 debet
639 2735 760 2818 majore
775 2735 888 2798 videri.

201 2837 268 2910 Qui
283 2838 432 2920 quoniam
448 2858 608 2920 nusquam
623 2835 672 2912 ’st,
686 2837 845 2914 nimirum,
859 2837 908 2920 (ut
923 2838 1063 2902 diximus
1079 2835 1179 2918 ante,)

199 2938 365 3002 Dilaniata
380 2937 466 3002 foras
482 2938 701 3022 dispergitur3
725 2941 835 3004 interit
850 2962 939 3023 erg0.

202 3042 292 3113 Quin
306 3042 414 3117 etiam,
432 3042 459 3104 si
470 3042 538 3124 jam
551 3041 652 3105 libeat
667 3043 846 3107 concedere
861 3042 988 3119 falsum,

135 3155 184 3201 540
204 3143 250 3207 Et
264 3144 354 3218 dare,
371 3165 469 3226 posse
485 3143 636 3206 Animam
649 3143 820 3228 glomerari
835 3145 867 3207 in
884 3144 1030 3228 Corpore
1046 3166 1169 3220 eorum,

203 3246 342 3309 Lumina
357 3247 413 3329 qui
425 3245 577 3328 linquunt
590 3246 774 3310 moribundi
790 3244 1005 3330 particulatim
1019 3270 1025 3308 :

202 3345 376 3411 Mortalem
392 3357 500 3411 tamen
515 3369 588 3410 esse
604 3345 755 3411 Animam
771 3347 895 3411 fateare
908 3367 1042 3410 necesse
1057 3345 1108 3407 'st

203 3448 278 3512 Nec
293 3448 405 3526 refert,
421 3459 529 3513 utrum
545 3458 659 3532 pereat
674 3448 822 3532 dispersa
836 3470 895 3531 per
910 3470 1017 3524 auras,

150 3681 204 3728 525.
233 3682 337 3744 Denique
364 3697 423 3744 sape
451 3687 568 3741 hminem,
594 3680 651 3743 etc]
684 3683 787 3730 sensus?
806 3682 847 3729 An
859 3681 950 3729 Anima
960 3681 1140 3745 itaconstipata
1154 3690 1180 3729 et
1195 3681 1222 3730 in

116 3744 234 3808 Septimo,
249 3762 272 3794 v.
285 3749 322 3793 22.
359 3746 480 3795 Homines
491 3763 557 3810 saepe
574 3762 651 3794 mem·
685 3745 809 3809 angustias
825 3746 923 3794 redacta
940 3745 991 3794 vim
1010 3746 1132 3795 sentiendi
1150 3746 1222 3794 amit-

116 3809 203 3858 bratim
215 3810 359 3869 moriuntur,
371 3820 395 3858 et
410 3811 501 3859 sensim
518 3811 651 3875 exspirant,
685 3813 765 3858 teret?
788 3826 846 3858 cave
864 3827 895 3858 ne
911 3810 937 3858 id
952 3810 1058 3870 fatearis,
1077 3811 1139 3860 illud
1156 3811 1223 3859 enim

116 3872 172 3922 ideo
187 3874 261 3922 etiam
281 3876 371 3922 Anima
387 3875 477 3923 sensim
494 3876 571 3938 perit;
598 3875 652 3937 quis
685 3877 749 3938 quod
771 3875 805 3923 ita
828 3884 978 3923 contractum
1006 3875 1125 3933 interiret,
1153 3890 1223 3938 aeque

116 3938 182 3986 enim
191 3939 256 3987 dicat
268 3939 392 3996 Animam,
409 3939 517 3987 vividam
533 3941 579 3987 via
599 3955 652 3987 rem
684 3940 786 3988 mortale
796 3950 833 3988 est
843 3940 945 4003 acquod
956 3955 1000 4003 per
1008 3942 1074 3989 Aera
1085 3940 1223 4004 dispersum

116 4012 141 4049 et
152 4003 305 4062 sentientem,
318 4004 344 4051 in
356 4004 458 4052 mortuis
470 4013 495 4051 et
505 4019 592 4052 sensus
609 4019 651 4051 ex·
685 4013 709 4051 et
720 4004 863 4053 distractum
875 4004 967 4052 volitat

115 4066 225 4130 pertibus
250 4068 366 4131 Corporis
393 4068 509 4116 membris
530 4067 651 4116 residere:
719 4068 781 4117 Ibid.
796 4072 913 4117 Cernimus
928 4068 974 4131 ire]
990 4069 1030 4116 Al.
1049 4072 1124 4117 cernis
1141 4071 1221 4115 obire:

116 4133 181 4193 quod
189 4132 211 4180 si
223 4132 348 4181 existimes
358 4132 473 4181 Animam
482 4132 614 4181 introrsum
626 4148 652 4180 se
684 4131 719 4180 sic
728 4149 750 4181 v.
764 4135 818 4181 632.
839 4136 905 4186 Quod
912 4133 999 4196 sisorte
1008 4141 1086 4194 potos,
1098 4141 1155 4180 etv.
1166 4133 1222 4178 542

115 4196 225 4259 recipere
246 4213 260 4244 e
279 4198 394 4246 membris
416 4197 567 4246 moribundis
585 4212 650 4244 rece·
685 4200 784 4246 Fateare
795 4200 930 4247 necesse'st.
954 4198 1034 4246 Versu
1045 4195 1156 4259 sequenti
1168 4194 1222 4258 qui-

116 4260 223 4318 dentem,
235 4277 278 4308 cur
292 4262 318 4309 in
333 4262 389 4310 istis
405 4262 515 4325 partibus
533 4262 575 4310 ubi
593 4276 651 4309 con·
685 4262 741 4310 dam
752 4262 844 4325 legunt,
856 4266 993 4325 dispergere.

115 4323 265 4383 glomeratur
274 4325 365 4374 Anima
376 4342 425 4374 non
437 4325 541 4388 vividior
552 4334 653 4389 apparet

816 4404 833 4437 x
