2872 4852
501 233 671 302 LIBER
699 234 923 303 PRIMUS.

244 386 374 452 Cadere
389 389 472 453 enim
487 390 605 457 crebro
619 400 976 475 possunt-partemque
992 395 1121 472 morari,

243 488 333 554 Dum
348 490 576 570 venustatis,
593 514 631 557 ac
647 492 794 581 suppleri
810 492 942 559 Summa
956 505 1115 578 queatur:

169 601 232 651 1045
244 589 412 657 Interdum
427 594 552 660 resilire
567 605 675 659 tamen
689 601 863 679 coguntur,
880 607 914 662 et
929 619 994 662 una

242 693 414 778 Principiis
431 717 540 763 rerum
555 697 696 780 spatium
711 707 905 782 tempusque
920 697 1011 783 fugai

243 793 381 881 Largiri‚
397 808 434 864 ut
449 799 576 881 possint
590 821 609 863 a
624 809 712 866 coetu
728 798 830 865 libera
845 799 933 866 ferri.

243 896 355 969 Quare
371 900 468 964 etiam
482 911 581 985 atque
596 902 693 965 etiam
709 901 850 966 suboriri
865 900 965 967 multa
980 924 1115 968 necesse
1129 905 1178 969 ’st

243 999 289 1064 Et
305 1011 412 1067 tamen
427 1013 464 1068 ut
479 1003 590 1088 Plagae
605 1027 736 1089 quoque
751 1005 879 1089 possint
894 1015 1071 1088 suppetere
1085 1007 1177 1090 ipsse,

167 1112 229 1160 1050
241 1102 372 1168 Infinita
386 1127 468 1189 opus
483 1117 535 1170 est
549 1107 597 1172 vis
612 1108 757 1190 undique
773 1106 937 1172 Mater-iai.

283 1204 370 1270 Illud
384 1208 418 1270 in
432 1207 483 1272 his
499 1208 599 1273 rebus
614 1207 711 1292 longe
726 1206 805 1293 fuge
819 1209 967 1285 credere,
983 1208 1131 1286 Memmi,

241 1306 280 1370 1n
295 1307 437 1373 medium
452 1308 593 1373 Summae
609 1308 710 1393 (quod
726 1309 852 1393 dicunt)
867 1311 974 1375 omnia
987 1311 1058 1387 niti,

240 1405 353 1494 Atque
368 1411 444 1475 ideo
459 1410 580 1476 Mundi
595 1422 743 1480 naturam
760 1420 847 1477 stare
863 1412 933 1477 sine
948 1410 1023 1475 ullis

241 1509 367 1576 Ictibus
383 1513 540 1590 externis,
552 1534 660 1597 neque
675 1523 839 1595 quoquam
854 1534 952 1596 posse
967 1511 1086 1601 resolvi

167 1611 374 1679 reassumam
388 1624 487 1698 atque
502 1614 582 1693 Ima,
596 1615 686 1699 quod
699 1615 733 1678 in
747 1613 898 1680 Medium
913 1615 977 1679 sint
992 1617 1098 1681 omnia
1112 1616 1187 1682 nixa
1199 1643 1207 1695 ;

239 1714 365 1799 (Ipsum
381 1717 408 1780 si
423 1718 597 1802 quicquam
611 1738 709 1801 posse
724 1717 757 1781 in
774 1738 809 1782 se
825 1717 940 1782 sistere
955 1717 1081 1783 credis:

240 1817 287 1881 Et
302 1841 376 1902 quae
390 1821 537 1904 pondera
552 1830 629 1884 sunt
644 1820 706 1884 sub
722 1818 838 1884 Terris
854 1820 960 1885 omnin
975 1842 1104 1885 sursum

238 1919 359 1998 Nitier,
374 1921 408 1984 in
422 1921 595 2007 Terraque
610 1931 700 1986 retro
714 1923 920 2005 requiescere
935 1921 1052 2007 pbsta3
1119 1984 1120 1987 ,

238 2022 287 2087 Ut
300 2045 361 2108 per
376 2047 478 2109 aquas
494 2046 568 2109 quae
584 2045 669 2087 nunc
685 2045 793 2087 rerum
810 2023 981 2088 simulacra
994 2025 1141 2090 videmus
1151 2024 1174 2108 3)

166 2133 229 2183 1060
240 2123 288 2193 Et
303 2123 396 2189 simili
410 2127 535 2191 ratione
552 2123 715 2190 Animalia
730 2125 838 2196 subtu'
853 2127 964 2213 vagari

188 2300 259 2347 1043.
293 2299 443 2362 Persemque]
470 2304 613 2363 Partimque,
642 2301 691 2349 uit.
725 2300 1005 2366 quiagrsvitatesuain
1022 2299 1130 2352 medium
1147 2301 1265 2348 tendunt:

154 2378 228 2426 quam
238 2379 323 2412 vocem
335 2373 361 2412 et
372 2365 453 2413 Faber·
462 2367 588 2429 approbat,
596 2365 691 2428 Jungit-
725 2365 783 2415 inde
794 2366 868 2413 etiam
877 2364 1035 2413 circumvolvi
1046 2364 1144 2422 ethera,
1154 2373 1179 2412 ct
1190 2364 1267 2412 solem

155 2443 203 2490 que
220 2428 248 2476 ἐκ
268 2427 427 2490 παραλλήλου
444 2444 500 2477 cum
520 2431 556 2490 τῷ
573 2431 694 2477 Interdum
726 2430 781 2478 coeli
799 2429 918 2478 fornicem
936 2437 1057 2492 perpetuo
1077 2437 1145 2477 motu
1165 2444 1266 2492 percur-

156 2507 229 2541 versu
246 2492 334 2541 abhinc
350 2493 471 2542 secundo:
490 2501 620 2555 asportent
642 2509 694 2542 me·
727 2503 821 2542 rentem
841 2495 906 2542 diem
925 2493 1045 2558 oppositis
1066 2503 1137 2542 terrae
1155 2494 1268 2557 partibus

153 2555 202 2605 lius
213 2558 346 2622 respondet
353 2558 389 2620 τῷ
399 2561 460 2617 aba,
473 2567 498 2606 et
508 2559 543 2620 τῷ
555 2561 655 2607 Summa.
726 2558 866 2608 alternatim
879 2558 973 2608 faeere:
990 2573 1036 2610 nec
1052 2573 1166 2620 unquam
1177 2557 1265 2607 timeu-

189 2623 258 2670 lata
279 2623 395 2686 Queatar]
407 2623 442 2672 Ut
446 2631 575 2686 poteratur,
579 2630 695 2686 potestur,
726 2624 784 2672 dum
795 2624 857 2672 imas
871 2639 1027 2686 summasque
1043 2623 1167 2686 compagis
1183 2632 1266 2687 partes

152 2690 268 2750 aequiter,
281 2696 323 2736 ete.
725 2703 740 2736 a
758 2703 784 2736 e
805 2688 911 2737 invicem
930 2688 1064 2751 diqunctas
1084 2688 1143 2746 lore,
1162 2704 1218 2736 cum
1238 2688 1266 2736 in

187 2752 257 2800 1-050.
271 2755 367 2814 lqtaita
376 2769 431 2814 rpus
439 2750 528 2814 astris]
539 2751 579 2801 Sic
588 2752 630 2801 lib.
640 2753 692 2802 111.
725 2768 803 2801 unum
812 2753 927 2816 idemque
936 2753 1048 2805 Medium
1057 2752 1174 2801 nitantur.
1203 2753 1266 2801 liae

153 2818 265 2866 Materies
283 2835 339 2879 epus
355 2819 488 2880 est—Ergo
507 2820 642 2880 Corporeum
661 2821 694 2866 ad
725 2818 815 2877 omnia,
832 2835 854 2866 v.
876 2819 913 2866 16.
932 2833 989 2880 quae
1006 2827 1088 2869 tamen
1105 2833 1128 2866 v.
1149 2818 1218 2866 10³6.
1240 2825 1266 2866 et

153 2884 270 2930 Naturam
283 2899 360 2944 pauca
375 2885 476 2931 videmus
492 2885 551 2930 Esse
570 2899 625 2944 optes
645 2901 692 2930 om·
725 2883 803 2932 tribus
819 2883 977 2946 sequentibus
994 2883 1075 2931 obiter
1089 2882 1197 2930 deridet:
1221 2883 1265 2930 ab·

152 2949 213 2995 siaa
239 2947 293 2998 Lib.
313 2948 349 2995 Il.
383 2947 418 2994 Et
435 2947 521 2995 codem
540 2946 610 3006 libro,
628 2951 692 2997 deire
724 2948 825 2996 surdum
848 2948 914 2996 enim
936 2962 1010 3010 grave
1032 2947 1131 3010 aliquod
1156 2947 1192 2996 sei
1223 2961 1265 2995 um

154 3013 507 3074 lieetm'lprincr'ps's'sopasesse
521 3014 617 3061 Celeres.
724 3012 811 3061 sistere
822 3022 848 3061 et
858 3012 978 3062 sustinere
989 3027 1068 3076 posse,
1080 3011 1160 3060 autin
1208 3015 1265 3061 ver·

187 3077 257 3124 1051.
275 3079 339 3124 Illud
348 3075 512 3139 saturasse]
529 3077 643 3140 Denique
659 3092 692 3125 ue
724 3093 776 3126 sam
799 3087 871 3126 terra
893 3086 989 3142 partem
1012 3078 1082 3138 (cum
1102 3076 1176 3140 vulgo
1198 3076 1264 3125 enim

154 3139 288 3189 Memmius
315 3141 436 3190 diversam
463 3141 611 3190 seutentiam
638 3157 690 3189 am·
724 3151 859 3206 sapuerunt
897 3141 1028 3205 Epicurei)
1070 3156 1167 3190 sursum
1208 3149 1265 3189 ten-

153 3205 247 3269 plexus,
260 3206 378 3261 Centrum
389 3221 443 3254 esse
459 3205 557 3268 aliquod
574 3206 691 3255 Universi
724 3207 789 3255 dere.
1163 3238 1164 3241 =

153 3270 270 3328 erederet,
285 3270 312 3318 in
328 3271 393 3333 quod
409 3269 492 3318 omnia
507 3271 637 3319 tenderent
652 3270 690 3318 iu·
759 3272 829 3319 1056.
854 3273 933 3332 Ipsum
955 3273 984 3328 st,
1004 3267 1062 3331 eta]
1084 3269 1140 3316 Hos
1162 3277 1266 3331 quatuos

153 3343 210 3382 nata
219 3335 398 3396 magnevitam,
409 3334 512 3396 ideoque
520 3349 570 3381 non
580 3350 641 3398 opus
652 3333 691 3382 in·
724 3350 809 3383 versus
820 3334 962 3398 parenthesi
973 3332 1134 3381 includendos
1147 3348 1197 3380 non
1214 3342 1265 3382 tam

153 3398 225 3447 finita
235 3398 381 3446 Atomorum
392 3397 556 3454 multitudine,
568 3413 622 3460 qua
632 3414 691 3446 oou-
725 3399 856 3462 explicare,
864 3397 992 3461 (quicquid
1003 3396 1044 3444 alii
1056 3396 1184 3457 sentiant)
1192 3413 1266 3460 quam

153 3470 286 3519 cursantes,
298 3461 388 3510 ictibus
399 3461 508 3510 externis
521 3462 584 3510 hanc
602 3461 693 3510 Mundi
725 3462 862 3510 convellere
877 3462 950 3510 istam
966 3461 997 3510 de
1014 3461 1106 3510 oestro
1122 3460 1265 3525 opinionem

153 3534 694 3654 tnttdt‘sttdtttttttttt:
725 3527 889 3639 “lidda
914 3588 1042 3653 amns]
1062 3592 1093 3638 a
1117 3591 1265 3656 amma,

152 3655 223 3706 vellit
239 3655 332 3719 pariter
348 3665 374 3704 et
389 3655 497 3704 deridet:
517 3654 635 3719 supponit
650 3671 694 3703 au·
726 3654 913 3708 citrensis:
929 3653 996 3703 idem
1007 3670 1100 3704 sensus.

153 3730 211 3780 tem,
222 3729 251 3769 ut
263 3719 301 3772 illi
317 3719 365 3784 ipsi
380 3720 464 3778 Stoici,
477 3719 518 3782 qui
535 3730 619 3769 amant
634 3735 692 3768 cen·
760 3722 831 3769 1059.
851 3719 970 3782 Videmus]
983 3721 1113 3777 Vacemus,
1125 3721 1156 3769 G.

153 3793 226 3845 num,
238 3794 387 3850 supponunt,
400 3784 458 3833 olim
474 3785 550 3834 luisse
566 3785 692 3839 confusam
759 3786 829 3834 1060.
857 3783 953 3847 Suttu’]
984 3786 1015 3834 lu
1043 3785 1116 3833 MSS.
1140 3784 1266 3850 plerisque

152 3850 328 3916 particularum
342 3849 483 3914 copiarum
499 3850 620 3899 immenso
635 3865 692 3914 spa·
724 3867 802 3913 repro,
822 3859 911 3908 cuneta,
932 3858 1021 3911 suapte,
1041 3849 1162 3912 istamque
1178 3865 1264 3899 vocem

153 3916 189 3964 tio
200 3915 308 3978 undique
320 3915 468 3979 dispersam
486 3914 530 3963 has
538 3930 596 3964 vero
608 3930 693 3964 omnes
725 3915 809 3964 multas
819 3916 940 3964 editiones
956 3915 1100 3979 approbant,
1112 3914 1155 3963 sed
1172 3915 1265 3978 optime

153 3980 325 4045 particulatio
342 3995 420 4029 uuum
436 3988 563 4043 punctum,
581 3979 693 4029 Medium
725 3980 836 4045 reposuit
852 3979 986 4028 Lambinus
1002 3983 1099 4028 subm.-
1118 3978 1167 4027 nisi
1183 3979 1265 4027 lorsan

153 4045 200 4095 viz.
220 4044 336 4094 Universi
355 4044 417 4100 niti;
443 4043 501 4092 inde
520 4044 622 4093 Terram
640 4044 694 4092 fieri
726 4045 862 4097 audiendus
873 4045 907 4094 sit
921 4043 1061 4102 Salmasius,
1073 4043 1115 4106 qui
1132 4043 1212 4106 Epist.
1225 4043 1264 4090 te.

153 4109 291 4168 rotundam,
298 4109 325 4158 in
334 4108 415 4158 medio
425 4108 533 4158 universi
541 4124 693 4173 suspensam,
726 4110 778 4160 hae
789 4111 869 4159 habet.
900 4111 948 4160 Pro
959 4108 1009 4160 illis
1020 4109 1097 4158 rubta’
1109 4111 1199 4170 asgeri,
1211 4121 1266 4168 quae

155 4189 295 4238 omnesque,
312 4175 386 4223 etiam
403 4175 516 4223 adversas
534 4175 608 4237 hujus
627 4173 694 4238 globi
726 4175 924 4238 exingeniosuo
940 4173 1051 4249 reportarit
1067 4171 1208 4245 Lambinus,
1219 4184 1264 4217 uo-

155 4245 237 4300 peaes
255 4239 401 4290 animalibus
419 4238 539 4288 munus
557 4254 619 4298 asse,
639 4254 694 4302 quae
727 4239 799 4291 utin
811 4239 934 4288 veteribus
952 4238 1033 4286 Libris
1049 4251 1103 4285 esse
1118 4243 1208 4299 parum
1224 4251 1264 4282 sa·

156 4301 693 4368 nondeciduntiupertascoelisibisubjectas,
725 4321 777 4367 prs,
794 4305 884 4368 partim
901 4310 992 4366 manu,
1006 4300 1097 4364 parlim
1112 4305 1212 4358 00010101
1233 4313 1266 4352 ex
