2872 4852
448 247 639 304 ulcnuua
663 246 881 302 BENTLEII.
1166 255 1220 310 363

111 372 154 433 aas
163 371 272 435 ἅτέχνων
280 370 396 435 ῥημάτων,
408 372 449 420 νοῦ
460 369 486 419 δὲ
496 369 645 432 memoraie.
713 370 761 417 692
777 372 835 418 Ιίοοι
845 385 921 418 ueram
932 368 1084 432 innumero]
1103 371 1139 418 ue
1154 375 1216 419 uera.

111 436 213 486 Dictum
224 437 250 484 in
262 436 390 501 sophistas.
583 479 584 482 ,
680 433 830 483 certissime.
843 492 845 495 Ι
1192 485 1198 496 ..

143 504 192 549 423
209 501 352 551 Communis
367 503 470 562 deliquat
490 499 556 562 esse]
574 499 604 547 V.
625 515 646 547 c.
714 500 761 550 719
785 500 864 554 Quam
887 499 986 548 fluitans
1007 499 1100 548 circum
1122 515 1162 548 ma
1196 496 1219 548 ii

111 569 209 616 dedicat.
224 588 227 595 ¹
573 599 575 603 ψ
680 563 837 612 amfractibus
848 565 942 627 aequor]
955 564 1004 622 An,
1016 568 1103 613 littoris
1118 515 1218 626 aufide-

143 633 191 678 433
211 633 276 683 Quod
287 630 353 692 quasi
367 628 439 678 tertia
456 629 489 677 sit
507 645 583 676 rerum
602 643 646 675 na·
681 631 760 676 tibus?
777 629 868 677 Accius
881 629 1017 692 Eurysace:
1041 632 1116 690 Super
1134 632 1221 682 Oceani

111 704 167 744 tura
182 695 293 759 reperta]
313 695 343 745 V.
359 711 380 742 c.
394 711 493 753 numero,
511 694 589 749 bene;
614 702 647 749 et,
680 696 769 755 Stagna
789 696 839 741 alte
857 697 936 755 patrie
956 694 1087 741 Terrarum
1110 694 1220 742 anstacta

114 763 170 812 Quo.
679 762 783 806 revisam.
813 759 854 806 Au
864 762 956 806 maria?
976 767 1004 807 ut
1014 757 1142 820 Anfractus
1156 761 1218 816 colit,

144 822 191 876 437
227 827 349 886 Corporum
376 822 476 887 augebit
502 820 645 884 numemm]
680 822 696 870 i.
709 838 730 870 e.
743 822 861 871 circuitio.
887 822 981 871 Cicero.

115 891 256 952 Corporeum.
618 949 620 952 Ι
714 886 761 937 74³
778 888 902 951 Exempto
910 889 983 935 rebus
996 886 1080 949 Inani]
1094 887 1218 951 Empedo-

144 955 192 1002 460
209 955 317 1017 Tempus
328 953 388 1001 item
397 968 442 1016 per
453 967 479 1000 se
490 961 592 1007 nonest,
605 949 649 998 sed
680 951 744 1000 cles:
764 951 827 1000 Οὐδέ
838 971 863 1000 τι
878 953 922 999 τοῦ
937 951 1026 1001 παντὸς
1042 952 1125 1001 κενεὸν
1140 950 1218 1011 πέλει,

112 1020 185 1067 rebus
208 1020 238 1067 ab
255 1017 328 1082 ipsis]
349 1017 416 1065 Hinc
434 1017 502 1079 Virg.
516 1016 573 1064 AEn.
586 1015 648 1063 Vll.
682 1013 735 1064 οὐδὲ
746 1013 868 1078 περισσόν.

113 1086 237 1146 SL—quoe
248 1092 348 1144 tempera
359 1099 442 1130 rerum
461 1080 567 1129 Servius
717 1079 764 1130 752
781 1080 908 1142 Coujicere
919 1090 948 1129 ut
958 1079 1037 1144 possis
1048 1096 1080 1129 ex
1090 1082 1145 1139 hoc,
1161 1085 1221 1144 quad

144 1149 192 1196 465
218 1148 333 1209 Denique
356 1145 521 1208 Tyndaridem
544 1153 648 1208 raptam,
681 1160 781 1192 cernere
793 1160 843 1192 non
854 1147 915 1207 quis,
932 1146 1078 1194 Extremum
1095 1147 1159 1208 quad
1175 1147 1219 1195 ha·

112 1212 224 1274 belloque
234 1213 352 1268 subactas,
364 1208 425 1271 etc]
441 1210 491 1257 Res
502 1219 583 1272 gestas
600 1224 649 1256 nou
681 1210 748 1268 bent,
761 1208 889 1257 minimum
903 1209 1036 1284 consistere
1051 1210 1138 1273 rebus]
1157 1212 1218 1266 Qui-

113 1275 502 1402 “trt‘ltrtt⁷lrlt⁰·...,
522 1337 601 1399 ,mu
619 1338 649 1391 o
682 1275 742 1386 117
751 1273 1222 1414 Tetttlttntttl‘tta

113 1422 135 1453 c.
148 1409 224 1454 terris.
683 1418 813 1466 corporum
841 1419 924 1451 eorum
947 1419 1002 1466 quae
1023 1412 1119 1466 integra
1141 1404 1221 1453 visum

146 1471 195 1521 478
223 1471 303 1518 Traiat’
325 1469 444 1532 Pergama
466 1466 551 1532 partu]
576 1467 606 1514 0.
629 1483 649 1514 e.
683 1467 787 1531 fugiunt,
800 1477 858 1516 sunt
867 1467 942 1516 atomi
954 1479 979 1517 et
989 1467 1091 1517 minima
1101 1477 1196 1517 natura.
1253 1487 1268 1535 .'

118 1535 233 1597 Trojant's.
718 1532 766 1583 762
782 1533 938 1598 Tempestate
955 1531 1046 1595 coorta]
1067 1535 1169 1582 Coacta:
1186 1533 1221 1583 sia

147 1600 195 1651 487
214 1602 353 1662 Stringere:
376 1613 434 1646 nam
453 1596 531 1645 solido
549 1596 652 1644 vincunt
684 1614 705 1646 o.
719 1597 792 1645 MSS.

114 1680 144 1713 ea
170 1679 272 1727 corpore
299 1663 400 1726 mmum]
425 1663 455 1718 Q.
478 1678 498 1710 c.
520 1664 649 1724 Stinguere.
717 1661 764 1712 799
783 1659 869 1725 Ignem
890 1662 911 1712 si
931 1663 994 1712 forte
1016 1661 1136 1726 crearint]
1162 1663 1222 1712 Post

114 1727 235 1778 Damnum.
683 1730 765 1790 ignem,
777 1726 831 1790 lege
843 1736 870 1775 ut
880 1728 908 1776 si.
1221 1733 1226 1740 '

146 1796 194 1842 488
213 1795 318 1852 Credere,
339 1791 481 1855 quicquam]
504 1791 534 1846 Q
554 1807 575 1839 c.
597 1790 651 1853 fors
717 1793 764 1839 828
782 1791 856 1840 Plura
867 1792 988 1856 adbibere]
1002 1796 1125 1842 Adhiberi.

113 1862 155 1907 ita,
717 1858 764 1904 839
781 1857 823 1905 Ex
839 1862 935 1920 aurique
952 1867 1024 1922 putat
1041 1859 1112 1908 micis
1127 1858 1220 1908 consis-

146 1926 194 1974 492
210 1926 334 1972 Feruentia
344 1937 404 1971 saxa
415 1919 516 1985 vapore]
529 1921 558 1968 V.
568 1936 589 1968 c.
594 1919 648 1982 ser·
684 1930 735 1969 tere
745 1937 816 1985 posse
824 1923 927 1986 Aurum]
938 1923 966 1971 L.
976 1926 1221 1986 Aureaque—Auram.

113 1993 192 2044 aeutt'r
209 1990 291 2052 probe.
683 2001 706 2034 v.
729 1989 783 2034 853.
817 1987 928 2041 Quatuor
950 1988 1071 2037 elementa
1091 1999 1221 2037 numerat:

145 2055 193 2101 505
211 2051 345 2102 Dissimilis
365 2068 441 2100 rerum
458 2054 523 2113 lange
538 2057 650 2098 constare
683 2050 742 2112 quid
753 2050 793 2098 hic
808 2056 910 2099 aarum?
936 2052 1026 2109 oculos,
1044 2052 1124 2109 credo,
1143 2053 1220 2101 inter-

113 2129 211 2182 reperta
222 2117 266 2178 ’st]
281 2117 340 2178 Leg.
354 2119 417 2178 lange
429 2131 512 2162 rerum.
683 2124 781 2177 pretum
797 2115 955 2178 praestrinxit.
989 2119 1059 2164 Mica
1074 2133 1155 2164 aure:
1179 2118 1221 2176 ita,

146 2185 193 2230 518
211 2183 291 2237 Queat
313 2196 389 2229 rerum
411 2176 539 2239 cohibere]
562 2177 650 2239 Vulgo,
677 2177 760 2240 frusta
774 2183 911 2242 sanguinis..
931 2179 1049 2229 Prudent.
1064 2181 1150 2244 Psych.
1165 2184 1221 2230 425.

114 2254 204 2295 tectum.
684 2243 777 2291 Arnob.
793 2245 815 2290 2.
826 2241 936 2304 frustilla
953 2248 1027 2306 ignea.
1057 2245 1166 2309 Simpllc.
1185 2257 1222 2294 ta·

147 2313 195 2358 522
213 2310 321 2372 Corpora
333 2306 406 2369 caca]
421 2308 451 2354 V.
464 2323 484 2354 c.
498 2313 569 2354 certa.
684 2322 742 2354 meu
760 2306 790 2354 de
813 2308 924 2370 Anaxag.
946 2306 1026 2356 adura
1040 2308 1072 2356 τὰ
1088 2311 1221 2373 ὁμοιομερῆ,

147 2377 195 2422 524
208 2376 294 2429 Omne,
304 2372 368 2436 quod
378 2381 421 2429 est,
432 2370 537 2435 spatium
548 2385 652 2418 vacuum
685 2370 735 2419 olor
744 2371 774 2419 rb
786 2371 844 2434 ὕδωρ
855 2371 871 2429 ἢ
882 2373 928 2435 πῦρ
938 2372 954 2430 ἡ
966 2377 1097 2430 ΧΡΤΣΟΝ,
1110 2384 1155 2422 etc.

114 2449 238 2488 constaret
253 2435 339 2498 inane]
361 2437 434 2499 Lege,
455 2439 524 2483 Omue
542 2437 601 2496 quoa
619 2442 653 2483 eat
719 2436 766 2486 875
785 2436 815 2484 ld
827 2437 891 2499 quod
903 2439 1063 2500 Anaxagoras
1075 2437 1122 2487 sibi
1138 2439 1220 2498 sumit,

114 2508 222 2567 spatium,
235 2513 280 2551 ete.
293 2500 380 2549 deletis
393 2500 560 2549 commatibus.
685 2509 713 2549 ut
724 2500 837 2549 omnibus
849 2501 955 2564 omneis]
967 2502 1092 2565 Diogenes
1101 2504 1208 2566 Cynicus
1215 2523 1222 2561 ς

148 2571 195 2617 538
219 2569 280 2616 Tam
298 2566 376 2629 magis
394 2565 433 2613 his
452 2566 534 2622 rebus,
554 2563 653 2627 penitus
685 2561 866 2614 πάνταένπᾶσι
876 2566 915 2614 eal
925 2563 1224 2624 caementarium

114 2642 215 2691 tentata,
242 2629 355 2693 labascit]
383 2630 487 2678 Videtur
514 2628 652 2692 legendum,
685 2629 725 2678 rel
736 2630 865 2693 γὰρέντῷ
882 2631 945 2694 ἄρτῳ
961 2629 1033 2695 κρέως
1050 2630 1108 2680 εἶναι
1126 2631 1221 2696 [ὄντος]

115 2698 176 2746 Tam
188 2697 266 2760 magis
277 2699 362 2744 ictibus
377 2699 426 2744 hac
441 2695 541 2758 penitus
557 2703 651 2743 tentata
683 2694 725 2744 roal
736 2696 763 2743 ἐν
772 2697 807 2756 τῷ
817 2693 918 2757 λαχάνῳ
929 2696 1008 2758 ἄρτον,
1021 2696 1061 2744 κοι1
1077 2700 1125 2746 τῶν
1141 2697 1221 2758 σωμά-

114 2763 222 2811 labascit.
242 2762 343 2810 Fauna.
374 2761 460 2818 Immo,
470 2763 506 2807 Ιιιό
515 2762 589 2818 rebus,
602 2758 618 2806 i.
629 2775 652 2807 e.
683 2778 732 2808 των
741 2762 791 2808 τῶν
800 2763 881 2818 λιτῶν,
893 2762 919 2809 ἐν
927 2763 987 2810 πᾶσι
999 2759 1036 2809 διά
1046 2780 1117 2812 τινων
1128 2761 1223 2820 ἀδήλων

114 2829 224 2884 humore,
236 2827 335 2890 frigore,
347 2825 405 2889 igni.
683 2822 761 2886 πόρων
775 2824 813 2873 ral
831 2823 910 2884 bruai
926 2825 1105 2888 εἰσκρινομένων
1120 2827 1160 2876 καὶ
1178 2844 1220 2877 συ-

148 2894 195 2940 543
214 2893 252 2940 De
261 2890 381 2952 nihiloque
389 2897 471 2938 renata
479 2887 572 2952 forent]
583 2888 650 2937 Edit.
684 2887 864 2950 νοτμιζομένων.
895 2890 1008 2940 Lairtius
1020 2891 1064 2953 (vi.
1077 2891 1129 2954 73.)

114 2958 204 3006 Veron.
230 2961 339 3010 Quasita.
716 2957 764 3002 881
784 2955 847 3002 Cum
872 2954 948 3018 lapidi
975 2956 1082 3019 lapidem
1110 2957 1220 3016 terimus,

147 3025 194 3071 558
212 3023 367 3086 Quapropter
377 3019 450 3082 longa
462 3021 509 3067 diei
527 3017 648 3082 Infinita]
682 3035 781 3078 manare
792 3018 916 3082 cruorem]
931 3021 993 3069 Dele
1005 3022 1075 3070 Vers.
1216 3060 1228 3080 .,,

114 3087 173 3135 Feb.
196 3090 254 3135 Dies
272 3096 297 3134 et
314 3089 404 3147 infinita
423 3092 487 3132 etas.
527 3084 562 3131 Et
583 3094 649 3132 certe
716 3085 763 3133 886
792 3085 875 3132 Ubera
896 3085 979 3148 lactis]
1004 3086 1132 3135 Tibullus:
1160 3091 1221 3149 Iptae

115 3153 205 3200 Veron.
217 3155 319 3212 Imlnt'la.
682 3152 751 3197 mella
770 3151 859 3197 dabant
874 3166 977 3210 quereus,
994 3154 1098 3213 ultroque
1110 3151 1222 3214 serebant

147 3218 192 3264 561
224 3217 254 3264 16
275 3229 401 3276 nunquam
428 3214 515 3274 reliquo
541 3212 651 3274 reparari
686 3216 759 3261 Obvia
767 3216 854 3262 securis
862 3214 1015 3262 uberalactis
1027 3232 1083 3263 oues.
1113 3217 1162 3263 Sed
1174 3217 1221 3264 oti-

115 3290 224 3344 tempore
233 3279 328 3343 posset]
343 3278 415 3325 MSS.
428 3279 498 3324 Num.
511 3278 537 3323 id
547 3279 650 3337 relliqua.
684 3292 754 3325 osum
769 3277 842 3340 plane
861 3286 886 3325 et
903 3278 969 3326 iners
988 3287 1025 3326 eat
1040 3279 1102 3326 illud
1118 3284 1205 3328 securis
1213 3301 1222 3336 ,·

115 3345 183 3393 Edit.
195 3345 287 3393 Veron.
298 3343 571 3404 Rellt’qiiaiduunquam.
598 3341 650 3403 Op·
683 3339 737 3403 lege
744 3345 859 3402 pressuris
866 3361 875 3396 ,-
892 3352 935 3390 aut
944 3343 1046 3406 propius
1057 3343 1088 3390 ad
1099 3344 1223 3407 vulgatam

115 3409 182 3457 time.
684 3405 814 3454 lectionem
825 3410 932 3460 ructarit.
966 3407 1032 3455 Nam
1044 3407 1138 3471 opinor,
1152 3409 1222 3457 terri·

149 3475 197 3522 569
213 3473 269 3527 Quo
280 3480 351 3536 pacto
361 3471 428 3527 fiant,
441 3477 465 3517 et
478 3484 526 3531 qua
542 3468 567 3516 vi
583 3484 651 3517 cum·
684 3484 753 3532 geuae
764 3469 808 3526 illi,
821 3479 915 3518 mutum
926 3479 952 3518 et
965 3480 1036 3536 turpe
1052 3488 1134 3536 pecus,
1151 3477 1221 3524 mulc-

115 3553 163 3601 que
174 3536 307 3600 genantur]
322 3534 385 3583 Dele
396 3534 466 3582 Vere.
685 3537 757 3582 tralt'a
768 3534 876 3583 nondum
888 3535 1016 3585 habebant

131 3643 133 3646 .
149 3603 196 3654 573
214 3603 279 3650 Nam
288 3599 398 3648 funditus
407 3597 490 3664 omnic]
503 3599 576 3662 Lego,
586 3602 652 3647 muni.
720 3599 768 3647 896
785 3602 873 3661 laquis,
885 3608 912 3647 ut
922 3600 991 3664 altis]
1005 3602 1064 3665 Leg.
1076 3604 1163 3665 Inquit.

116 3667 169 3716 Lib.
185 3668 205 3716 l.
218 3683 240 3714 v.
254 3667 308 3713 621.
719 3665 767 3713 899
786 3667 893 3712 Flammea
905 3664 1010 3728 fulgore]
1023 3670 1137 3716 Flamma't‘
1146 3672 1221 3729 flore:

149 3733 197 3784 574
208 3727 566 3790 Fundameutiuaturacarebit]
577 3728 651 3792 Lege,
686 3729 758 3778 MSS.
772 3728 880 3792 optime3
899 3729 947 3778 vid.
966 3730 1024 3780 Feb.
1055 3732 1094 3780 Ita
1109 3733 1152 3783 lib.
1174 3735 1221 3783 IV.

114 3800 267 3846 solidameatt'.
684 3791 775 3843 ν.152.“
798 3796 862 3842 Bina
871 3797 1127 3856 lucernarumstureatia
1135 3802 1222 3848 lumina

147 3864 195 3910 586
213 3861 344 3922 Vitamque
362 3856 454 3920 tuendi]
474 3857 540 3906 Edit.
559 3858 651 3906 Veron.
679 3862 786 3919 flammis.
817 3859 911 3907 Tertul.
930 3861 1034 3925 Apolog.
1053 3878 1074 3910 c.
1095 3863 1131 3910 11.
1162 3866 1222 3912 Vani

117 3930 214 3976 tenendi
229 3926 304 3974 Bene.
685 3931 752 3971 eraut
762 3927 862 3972 leminea
872 3928 918 3973 nist'
929 3930 987 3974 certi
998 3932 1051 3985 siat,
1064 3945 1079 3975 a
1087 3930 1221 3988 primordia,

148 3993 195 4040 629
213 3991 327 4053 Denique
349 3991 375 4036 ui
397 3985 524 4049 minimas]
549 3989 591 4036 Si:
620 4003 652 4036 ex
684 3995 707 4036 et
715 3991 912 4051 pluuiasdeeoelo
923 3995 996 4040 ruisse
1012 4000 1035 4040 et
1053 3994 1138 4054 sydera
1155 3986 1224 4040 radi-⁸

116 4056 314 4105 omuibusMSS.
684 4069 742 4112 asse,
754 4061 776 4101 et
787 4052 880 4101 lumina
891 4054 1009 4113 floruisse,
1022 4067 1067 4104 etc.
1096 4057 1137 4104 Ad
1149 4071 1221 4118 quem

149 4122 196 4169 632
212 4121 273 4176 Quae
284 4121 363 4168 multis
373 4127 431 4167 sunt
442 4116 552 4181 partibus
566 4115 649 4179 aucta]
683 4117 765 4166 locum
797 4119 893 4167 abunde
921 4120 1071 4185 exemplaria
1099 4119 1223 4182 congessit

117 4188 203 4242 Nullis,
215 4201 247 4232 ex
256 4184 369 4233 omnibus
382 4184 455 4232 MSS.
685 4182 769 4230 Desid.
783 4183 914 4232 Heraldus.

150 4250 198 4296 688
215 4249 271 4312 Igui
281 4252 397 4308 simulata,
410 4263 488 4312 neque
500 4246 569 4309 ullae]
585 4246 651 4295 Edit.
717 4249 765 4296 956
786 4249 828 4296 Vel
843 4251 943 4311 adusque
959 4245 1118 4312 profundum]
1140 4249 1220 4296 Vasta-

118 4312 208 4375 Veron.
220 4315 326 4363 similata.
685 4329 745 4376 quer
762 4313 786 4375 q.
802 4313 1002 4362 MSSTestus:
1031 4314 1103 4361 Gbaat
1121 4315 1223 4374 appellat

793 4391 833 4424 az
