<?xml version="1.0" encoding="UTF-8"?>
<!DOCTYPE html PUBLIC "-//W3C//DTD XHTML 1.0 Transitional//EN"
    "http://www.w3.org/TR/xhtml1/DTD/xhtml1-transitional.dtd">
<html xmlns="http://www.w3.org/1999/xhtml" xml:lang="en" lang="en">
 <head>
  <title>
</title>
<meta http-equiv="Content-Type" content="text/html;charset=utf-8" />
  <meta name='ocr-system' content='tesseract 3.04.00' />
  <meta name='ocr-capabilities' content='ocr_page ocr_carea ocr_par ocr_line ocrx_word'/>
</head>
<body>
  <div class='ocr_page' id='page_1' title='image "./titilucretiicar04carugoog_0269.png"; bbox 0 0 2872 4852; ppageno 0'>
   <div class='ocr_carea' id='block_1_1' title="bbox 448 211 1238 285">
    <p class='ocr_par' dir='ltr' id='par_1_1' title="bbox 448 211 1238 285">
     <span class='ocr_line' id='line_1_1' title="bbox 448 211 1238 285; baseline 0.001 -8"><span class='ocrx_word' id='word_1_1' title='bbox 448 212 619 278; x_wconf 88' lang='lat' dir='ltr'>LIBER</span> <span class='ocrx_word' id='word_1_2' title='bbox 649 211 911 285; x_wconf 84' lang='lat' dir='ltr'><strong>QUINTUS.</strong></span> <span class='ocrx_word' id='word_1_3' title='bbox 1174 213 1238 278; x_wconf 79' lang='lat'><strong>245</strong></span> 
     </span>
    </p>
   </div>
   <div class='ocr_carea' id='block_1_2' title="bbox 139 367 1221 2903">
    <p class='ocr_par' dir='ltr' id='par_1_2' title="bbox 217 367 1133 556">
     <span class='ocr_line' id='line_1_2' title="bbox 217 367 1054 453; baseline 0.001 -22"><span class='ocrx_word' id='word_1_4' title='bbox 217 367 360 433; x_wconf 82' lang='lat' dir='ltr'><strong>Notities</strong></span> <span class='ocrx_word' id='word_1_5' title='bbox 376 368 566 447; x_wconf 87' lang='lat' dir='ltr'>Hominum,</span> <span class='ocrx_word' id='word_1_6' title='bbox 580 367 677 433; x_wconf 89' lang='lat' dir='ltr'>Divis</span> <span class='ocrx_word' id='word_1_7' title='bbox 692 369 779 433; x_wconf 91' lang='lat' dir='ltr'><strong>unde</strong></span> <span class='ocrx_word' id='word_1_8' title='bbox 793 369 890 433; x_wconf 90' lang='lat' dir='ltr'><strong>insita</strong></span> <span class='ocrx_word' id='word_1_9' title='bbox 904 369 1054 453; x_wconf 89' lang='lat' dir='ltr'><strong>primum,</strong></span> 
     </span>
     <span class='ocr_line' id='line_1_3' title="bbox 218 471 1133 556; baseline 0.003 -21"><span class='ocrx_word' id='word_1_10' title='bbox 218 471 310 544; x_wconf 83' lang='lat' dir='ltr'><strong>Quid</strong></span> <span class='ocrx_word' id='word_1_11' title='bbox 324 471 442 536; x_wconf 91' lang='lat' dir='ltr'><strong>vellent</strong></span> <span class='ocrx_word' id='word_1_12' title='bbox 456 472 562 538; x_wconf 87' lang='lat' dir='ltr'><strong>facere</strong></span> <span class='ocrx_word' id='word_1_13' title='bbox 578 484 615 538; x_wconf 91' lang='lat' dir='ltr'><strong>ut</strong></span> <span class='ocrx_word' id='word_1_14' title='bbox 629 473 761 549; x_wconf 91' lang='lat' dir='ltr'><strong>scirent,</strong></span> <span class='ocrx_word' id='word_1_15' title='bbox 776 473 948 556; x_wconf 91' lang='lat' dir='ltr'><strong>animoque</strong></span> <span class='ocrx_word' id='word_1_16' title='bbox 964 473 1133 538; x_wconf 75' lang='lat' dir='ltr'><strong>viderent?</strong></span> 
     </span>
    </p>

    <p class='ocr_par' dir='ltr' id='par_1_3' title="bbox 153 573 1219 762">
     <span class='ocr_line' id='line_1_4' title="bbox 153 573 1219 659; baseline 0.002 -22"><span class='ocrx_word' id='word_1_17' title='bbox 153 573 198 630; x_wconf 62' lang='lat'><strong>183</strong></span> <span class='ocrx_word' id='word_1_18' title='bbox 214 573 332 646; x_wconf 81' lang='lat' dir='ltr'><strong>Quove</strong></span> <span class='ocrx_word' id='word_1_19' title='bbox 346 575 443 638; x_wconf 92' lang='lat' dir='ltr'><strong>modo</strong></span> <span class='ocrx_word' id='word_1_20' title='bbox 458 575 498 639; x_wconf 87' lang='lat' dir='ltr'><strong>’st</strong></span> <span class='ocrx_word' id='word_1_21' title='bbox 512 598 654 659; x_wconf 88' lang='lat' dir='ltr'><strong>unquam</strong></span> <span class='ocrx_word' id='word_1_22' title='bbox 668 576 715 639; x_wconf 89' lang='lat' dir='ltr'><strong>vis</strong></span> <span class='ocrx_word' id='word_1_23' title='bbox 732 576 862 659; x_wconf 84' lang='lat' dir='ltr'><strong>cognita</strong></span> <span class='ocrx_word' id='word_1_24' title='bbox 878 574 1127 658; x_wconf 91' lang='lat' dir='ltr'><strong>Principiorum,</strong></span> <span class='ocrx_word' id='word_1_25' title='bbox 1217 591 1219 595; x_wconf 79' lang='grc'>’</span> 
     </span>
     <span class='ocr_line' id='line_1_5' title="bbox 217 673 1056 762; baseline 0.001 -23"><span class='ocrx_word' id='word_1_26' title='bbox 217 673 382 747; x_wconf 83' lang='lat' dir='ltr'><strong>Quidnam</strong></span> <span class='ocrx_word' id='word_1_27' title='bbox 395 677 480 740; x_wconf 90' lang='lat' dir='ltr'><strong>inter</strong></span> <span class='ocrx_word' id='word_1_28' title='bbox 495 699 567 742; x_wconf 91' lang='lat' dir='ltr'><strong>sese</strong></span> <span class='ocrx_word' id='word_1_29' title='bbox 582 686 767 762; x_wconf 87' lang='lat' dir='ltr'><strong>permutato</strong></span> <span class='ocrx_word' id='word_1_30' title='bbox 782 677 895 740; x_wconf 86' lang='lat' dir='ltr'><strong>ordine</strong></span> <span class='ocrx_word' id='word_1_31' title='bbox 910 686 1056 761; x_wconf 81' lang='lat' dir='ltr'><strong>possent,</strong></span> 
     </span>
    </p>

    <p class='ocr_par' dir='ltr' id='par_1_4' title="bbox 215 777 1107 1069">
     <span class='ocr_line' id='line_1_6' title="bbox 218 777 1018 863; baseline 0.001 -22"><span class='ocrx_word' id='word_1_32' title='bbox 218 777 254 841; x_wconf 88' lang='lat' dir='ltr'><strong>Si</strong></span> <span class='ocrx_word' id='word_1_33' title='bbox 268 800 333 841; x_wconf 93' lang='lat' dir='ltr'><strong>non</strong></span> <span class='ocrx_word' id='word_1_34' title='bbox 347 779 419 862; x_wconf 92' lang='lat' dir='ltr'><strong>ipsa</strong></span> <span class='ocrx_word' id='word_1_35' title='bbox 434 778 525 843; x_wconf 88' lang='lat' dir='ltr'><strong>dedit</strong></span> <span class='ocrx_word' id='word_1_36' title='bbox 541 780 704 863; x_wconf 84' lang='lat' dir='ltr'><strong>specimen</strong></span> <span class='ocrx_word' id='word_1_37' title='bbox 719 777 850 841; x_wconf 90' lang='lat' dir='ltr'><strong>Natura</strong></span> <span class='ocrx_word' id='word_1_38' title='bbox 864 778 1018 842; x_wconf 75' lang='lat' dir='ltr'><strong>creandi?</strong></span> 
     </span>
     <span class='ocr_line' id='line_1_7' title="bbox 215 878 1107 964; baseline 0.002 -22"><span class='ocrx_word' id='word_1_39' title='bbox 215 878 368 964; x_wconf 84' lang='lat' dir='ltr'><strong>Namque</strong></span> <span class='ocrx_word' id='word_1_40' title='bbox 382 882 428 945; x_wconf 90' lang='lat' dir='ltr'><strong>ita</strong></span> <span class='ocrx_word' id='word_1_41' title='bbox 442 880 543 946; x_wconf 85' lang='lat' dir='ltr'><strong>multa</strong></span> <span class='ocrx_word' id='word_1_42' title='bbox 557 881 661 946; x_wconf 91' lang='lat' dir='ltr'><strong>modis</strong></span> <span class='ocrx_word' id='word_1_43' title='bbox 677 879 785 945; x_wconf 89' lang='lat' dir='ltr'><strong>multis</strong></span> <span class='ocrx_word' id='word_1_44' title='bbox 802 880 984 945; x_wconf 85' lang='lat' dir='ltr'><strong>Primordia</strong></span> <span class='ocrx_word' id='word_1_45' title='bbox 999 902 1107 946; x_wconf 88' lang='lat' dir='ltr'><strong>rerum</strong></span> 
     </span>
     <span class='ocr_line' id='line_1_8' title="bbox 216 981 976 1069; baseline 0 -24"><span class='ocrx_word' id='word_1_46' title='bbox 216 981 271 1046; x_wconf 86' lang='lat' dir='ltr'><strong>Ex</strong></span> <span class='ocrx_word' id='word_1_47' title='bbox 285 983 411 1048; x_wconf 86' lang='lat' dir='ltr'><strong>infinito</strong></span> <span class='ocrx_word' id='word_1_48' title='bbox 422 985 490 1068; x_wconf 93' lang='lat' dir='ltr'><strong>jam</strong></span> <span class='ocrx_word' id='word_1_49' title='bbox 505 994 652 1069; x_wconf 85' lang='lat' dir='ltr'><strong>tempore</strong></span> <span class='ocrx_word' id='word_1_50' title='bbox 666 984 791 1068; x_wconf 90' lang='lat' dir='ltr'><strong>percita</strong></span> <span class='ocrx_word' id='word_1_51' title='bbox 805 982 923 1066; x_wconf 86' lang='lat' dir='ltr'><strong>plagis,</strong></span> <span class='ocrx_word' id='word_1_52' title='bbox 972 1002 976 1007; x_wconf 82' lang='lat'>·</span> 
     </span>
    </p>

    <p class='ocr_par' dir='ltr' id='par_1_5' title="bbox 153 1083 1052 1374">
     <span class='ocr_line' id='line_1_9' title="bbox 153 1083 1028 1168; baseline 0.006 -25"><span class='ocrx_word' id='word_1_53' title='bbox 153 1097 199 1144; x_wconf 89' lang='lat'><strong>190</strong></span> <span class='ocrx_word' id='word_1_54' title='bbox 215 1083 487 1168; x_wconf 87' lang='lat' dir='ltr'><strong>Ponderibnsque</strong></span> <span class='ocrx_word' id='word_1_55' title='bbox 504 1087 569 1149; x_wconf 86' lang='lat' dir='ltr'><strong>suis</strong></span> <span class='ocrx_word' id='word_1_56' title='bbox 586 1095 784 1150; x_wconf 89' lang='lat' dir='ltr'><strong>consuerunt</strong></span> <span class='ocrx_word' id='word_1_57' title='bbox 800 1086 926 1148; x_wconf 90' lang='lat' dir='ltr'><strong>concita</strong></span> <span class='ocrx_word' id='word_1_58' title='bbox 940 1084 1028 1162; x_wconf 86' lang='lat' dir='ltr'><strong>ferri,</strong></span> 
     </span>
     <span class='ocr_line' id='line_1_10' title="bbox 216 1185 1047 1271; baseline 0.002 -23"><span class='ocrx_word' id='word_1_59' title='bbox 216 1185 485 1270; x_wconf 90' lang='lat' dir='ltr'><strong>Omnimodisque</strong></span> <span class='ocrx_word' id='word_1_60' title='bbox 500 1187 599 1263; x_wconf 88' lang='lat' dir='ltr'><strong>coire,</strong></span> <span class='ocrx_word' id='word_1_61' title='bbox 615 1197 714 1269; x_wconf 87' lang='lat' dir='ltr'><strong>atque</strong></span> <span class='ocrx_word' id='word_1_62' title='bbox 730 1188 835 1250; x_wconf 93' lang='lat' dir='ltr'><strong>omnia</strong></span> <span class='ocrx_word' id='word_1_63' title='bbox 850 1197 1047 1271; x_wconf 84' lang='lat' dir='ltr'><strong>pertentare,</strong></span> 
     </span>
     <span class='ocr_line' id='line_1_11' title="bbox 217 1287 1052 1374; baseline 0.004 -24"><span class='ocrx_word' id='word_1_64' title='bbox 217 1287 432 1372; x_wconf 76' lang='lat' dir='ltr'><strong>Quaecunque</strong></span> <span class='ocrx_word' id='word_1_65' title='bbox 446 1289 531 1352; x_wconf 89' lang='lat' dir='ltr'><strong>inter</strong></span> <span class='ocrx_word' id='word_1_66' title='bbox 546 1311 581 1353; x_wconf 87' lang='lat' dir='ltr'><strong>se</strong></span> <span class='ocrx_word' id='word_1_67' title='bbox 596 1290 723 1372; x_wconf 85' lang='lat' dir='ltr'><strong>possint</strong></span> <span class='ocrx_word' id='word_1_68' title='bbox 738 1311 914 1374; x_wconf 86' lang='lat' dir='ltr'><strong>congressa</strong></span> <span class='ocrx_word' id='word_1_69' title='bbox 929 1310 1052 1365; x_wconf 88' lang='lat' dir='ltr'><strong>creare,</strong></span> 
     </span>
    </p>

    <p class='ocr_par' dir='ltr' id='par_1_6' title="bbox 151 1388 1221 2596">
     <span class='ocr_line' id='line_1_12' title="bbox 217 1388 957 1474; baseline 0.003 -23"><span class='ocrx_word' id='word_1_70' title='bbox 217 1388 266 1452; x_wconf 92' lang='lat' dir='ltr'><strong>Ut</strong></span> <span class='ocrx_word' id='word_1_71' title='bbox 280 1412 345 1453; x_wconf 92' lang='lat' dir='ltr'><strong>non</strong></span> <span class='ocrx_word' id='word_1_72' title='bbox 360 1391 402 1454; x_wconf 92' lang='lat' dir='ltr'><strong>sit</strong></span> <span class='ocrx_word' id='word_1_73' title='bbox 415 1390 530 1453; x_wconf 92' lang='lat' dir='ltr'><strong>mirum</strong></span> <span class='ocrx_word' id='word_1_74' title='bbox 545 1391 573 1453; x_wconf 89' lang='lat' dir='ltr'><strong>si</strong></span> <span class='ocrx_word' id='word_1_75' title='bbox 587 1391 621 1453; x_wconf 93' lang='lat' dir='ltr'><strong>in</strong></span> <span class='ocrx_word' id='word_1_76' title='bbox 635 1389 727 1453; x_wconf 87' lang='lat' dir='ltr'><strong>taleis</strong></span> <span class='ocrx_word' id='word_1_77' title='bbox 743 1391 957 1474; x_wconf 90' lang='lat' dir='ltr'><strong>disposituras</strong></span> 
     </span>
     <span class='ocr_line' id='line_1_13' title="bbox 215 1490 1059 1575; baseline 0 -20"><span class='ocrx_word' id='word_1_78' title='bbox 215 1490 421 1555; x_wconf 87' lang='lat' dir='ltr'><strong>Deciderunt</strong></span> <span class='ocrx_word' id='word_1_79' title='bbox 436 1513 578 1575; x_wconf 90' lang='lat' dir='ltr'><strong>quoque,</strong></span> <span class='ocrx_word' id='word_1_80' title='bbox 594 1502 628 1556; x_wconf 91' lang='lat' dir='ltr'><strong>et</strong></span> <span class='ocrx_word' id='word_1_81' title='bbox 643 1493 676 1555; x_wconf 93' lang='lat' dir='ltr'><strong>in</strong></span> <span class='ocrx_word' id='word_1_82' title='bbox 692 1491 784 1556; x_wconf 90' lang='lat' dir='ltr'><strong>taleis</strong></span> <span class='ocrx_word' id='word_1_83' title='bbox 799 1492 919 1557; x_wconf 77' lang='lat' dir='ltr'><strong>uenere</strong></span> <span class='ocrx_word' id='word_1_84' title='bbox 933 1503 1059 1556; x_wconf 89' lang='lat' dir='ltr'><strong>meatus</strong></span> 
     </span>
     <span class='ocr_line' id='line_1_14' title="bbox 154 1592 1221 1679; baseline 0.007 -27"><span class='ocrx_word' id='word_1_85' title='bbox 154 1607 198 1652; x_wconf 81' lang='lat'><strong>195</strong></span> <span class='ocrx_word' id='word_1_86' title='bbox 215 1592 379 1665; x_wconf 86' lang='lat' dir='ltr'><strong>Qualibus</strong></span> <span class='ocrx_word' id='word_1_87' title='bbox 393 1593 465 1659; x_wconf 85' lang='lat' dir='ltr'><strong>haec</strong></span> <span class='ocrx_word' id='word_1_88' title='bbox 481 1616 589 1658; x_wconf 91' lang='lat' dir='ltr'><strong>rerum</strong></span> <span class='ocrx_word' id='word_1_89' title='bbox 603 1595 734 1679; x_wconf 86' lang='lat' dir='ltr'><strong>genitur</strong></span> <span class='ocrx_word' id='word_1_90' title='bbox 748 1617 835 1658; x_wconf 89' lang='lat' dir='ltr'><strong>nuno</strong></span> <span class='ocrx_word' id='word_1_91' title='bbox 851 1594 983 1659; x_wconf 85' lang='lat' dir='ltr'><strong>Summa</strong></span> <span class='ocrx_word' id='word_1_92' title='bbox 999 1596 1161 1659; x_wconf 91' lang='lat' dir='ltr'><strong>novando.</strong></span> <span class='ocrx_word' id='word_1_93' title='bbox 1173 1645 1186 1660; x_wconf 47' lang='lat' dir='ltr'><strong>c</strong></span> <span class='ocrx_word' id='word_1_94' title='bbox 1218 1618 1221 1625; x_wconf 66' lang='grc'><em>’</em></span> 
     </span>
     <span class='ocr_line' id='line_1_15' title="bbox 260 1687 1168 1782; baseline 0.001 -22"><span class='ocrx_word' id='word_1_95' title='bbox 260 1696 360 1768; x_wconf 84' lang='lat' dir='ltr'><strong>Quod</strong></span> <span class='ocrx_word' id='word_1_96' title='bbox 376 1697 404 1759; x_wconf 89' lang='lat' dir='ltr'><strong>si</strong></span> <span class='ocrx_word' id='word_1_97' title='bbox 414 1696 482 1779; x_wconf 91' lang='lat' dir='ltr'><strong>jam</strong></span> <span class='ocrx_word' id='word_1_98' title='bbox 497 1719 605 1761; x_wconf 89' lang='lat' dir='ltr'><strong>rerum</strong></span> <span class='ocrx_word' id='word_1_99' title='bbox 620 1698 766 1779; x_wconf 87' lang='lat' dir='ltr'><strong>ignorem</strong></span> <span class='ocrx_word' id='word_1_100' title='bbox 782 1697 965 1761; x_wconf 90' lang='lat' dir='ltr'><strong>Primordia</strong></span> <span class='ocrx_word' id='word_1_101' title='bbox 979 1721 1054 1782; x_wconf 88' lang='lat' dir='ltr'><strong>quae</strong></span> <span class='ocrx_word' id='word_1_102' title='bbox 1069 1699 1146 1774; x_wconf 92' lang='lat' dir='ltr'><strong>sint,</strong></span> <span class='ocrx_word' id='word_1_103' title='bbox 1167 1687 1168 1690; x_wconf 23' lang='lat'>¹</span> 
     </span>
     <span class='ocr_line' id='line_1_16' title="bbox 216 1797 979 1883; baseline 0.001 -22"><span class='ocrx_word' id='word_1_104' title='bbox 216 1797 292 1861; x_wconf 87' lang='lat' dir='ltr'><strong>Hoc</strong></span> <span class='ocrx_word' id='word_1_105' title='bbox 308 1807 415 1861; x_wconf 91' lang='lat' dir='ltr'><strong>tamen</strong></span> <span class='ocrx_word' id='word_1_106' title='bbox 431 1820 472 1861; x_wconf 87' lang='lat' dir='ltr'><strong>ex</strong></span> <span class='ocrx_word' id='word_1_107' title='bbox 487 1799 567 1883; x_wconf 91' lang='lat' dir='ltr'><strong>ipsis</strong></span> <span class='ocrx_word' id='word_1_108' title='bbox 583 1797 667 1862; x_wconf 90' lang='lat' dir='ltr'><strong>Coeli</strong></span> <span class='ocrx_word' id='word_1_109' title='bbox 681 1799 860 1862; x_wconf 90' lang='lat' dir='ltr'><strong>rationibus</strong></span> <span class='ocrx_word' id='word_1_110' title='bbox 877 1800 979 1863; x_wconf 90' lang='lat' dir='ltr'><strong>ausim</strong></span> 
     </span>
     <span class='ocr_line' id='line_1_17' title="bbox 215 1898 1042 1985; baseline 0.001 -22"><span class='ocrx_word' id='word_1_111' title='bbox 215 1900 428 1977; x_wconf 75' lang='lat' dir='ltr'><strong>confirmare,</strong></span> <span class='ocrx_word' id='word_1_112' title='bbox 446 1898 581 1985; x_wconf 91' lang='lat' dir='ltr'><strong>aliisque</strong></span> <span class='ocrx_word' id='word_1_113' title='bbox 595 1922 637 1964; x_wconf 87' lang='lat' dir='ltr'><strong>ex</strong></span> <span class='ocrx_word' id='word_1_114' title='bbox 652 1901 751 1964; x_wconf 87' lang='lat' dir='ltr'><strong>rebus</strong></span> <span class='ocrx_word' id='word_1_115' title='bbox 767 1901 907 1965; x_wconf 88' lang='lat' dir='ltr'><strong>reddere</strong></span> <span class='ocrx_word' id='word_1_116' title='bbox 922 1900 1042 1979; x_wconf 86' lang='lat' dir='ltr'><strong>multis,</strong></span> 
     </span>
     <span class='ocr_line' id='line_1_18' title="bbox 215 2002 965 2087; baseline 0.003 -22"><span class='ocrx_word' id='word_1_117' title='bbox 215 2002 435 2087; x_wconf 88' lang='lat' dir='ltr'><strong>Nequaquam</strong></span> <span class='ocrx_word' id='word_1_118' title='bbox 450 2004 543 2066; x_wconf 90' lang='lat' dir='ltr'><strong>nobis</strong></span> <span class='ocrx_word' id='word_1_119' title='bbox 559 2003 712 2067; x_wconf 90' lang='lat' dir='ltr'><strong>divinitus</strong></span> <span class='ocrx_word' id='word_1_120' title='bbox 728 2025 802 2066; x_wconf 89' lang='lat' dir='ltr'><strong>esse</strong></span> <span class='ocrx_word' id='word_1_121' title='bbox 817 2014 965 2087; x_wconf 87' lang='lat' dir='ltr'><strong>paratam</strong></span> 
     </span>
     <span class='ocr_line' id='line_1_19' title="bbox 151 2103 974 2189; baseline 0.007 -27"><span class='ocrx_word' id='word_1_122' title='bbox 151 2115 198 2162; x_wconf 85' lang='lat'><strong>200</strong></span> <span class='ocrx_word' id='word_1_123' title='bbox 213 2103 375 2167; x_wconf 88' lang='lat' dir='ltr'><strong>Naturam</strong></span> <span class='ocrx_word' id='word_1_124' title='bbox 390 2126 511 2180; x_wconf 90' lang='lat' dir='ltr'><strong>rerum,</strong></span> <span class='ocrx_word' id='word_1_125' title='bbox 528 2115 617 2167; x_wconf 90' lang='lat' dir='ltr'><strong>tanta</strong></span> <span class='ocrx_word' id='word_1_126' title='bbox 634 2115 699 2168; x_wconf 92' lang='lat' dir='ltr'><strong>stat</strong></span> <span class='ocrx_word' id='word_1_127' title='bbox 713 2105 852 2188; x_wconf 88' lang='lat' dir='ltr'><strong>praedita</strong></span> <span class='ocrx_word' id='word_1_128' title='bbox 868 2105 974 2189; x_wconf 91' lang='lat' dir='ltr'><strong>culpa.</strong></span> 
     </span>
     <span class='ocr_line' id='line_1_20' title="bbox 257 2204 1103 2290; baseline 0.002 -22"><span class='ocrx_word' id='word_1_129' title='bbox 257 2204 435 2289; x_wconf 91' lang='lat' dir='ltr'><strong>Principio,</strong></span> <span class='ocrx_word' id='word_1_130' title='bbox 447 2217 608 2289; x_wconf 51' lang='lat' dir='ltr'><strong>¹quantum</strong></span> <span class='ocrx_word' id='word_1_131' title='bbox 625 2206 710 2270; x_wconf 91' lang='lat' dir='ltr'><strong>Coeli</strong></span> <span class='ocrx_word' id='word_1_132' title='bbox 725 2209 806 2290; x_wconf 84' lang='lat' dir='ltr'><strong>tegit</strong></span> <span class='ocrx_word' id='word_1_133' title='bbox 821 2208 961 2290; x_wconf 88' lang='lat' dir='ltr'><strong>impetus</strong></span> <span class='ocrx_word' id='word_1_134' title='bbox 976 2207 1103 2290; x_wconf 85' lang='lat' dir='ltr'><strong>ingens,</strong></span> 
     </span>
     <span class='ocr_line' id='line_1_21' title="bbox 214 2306 1099 2391; baseline 0.001 -20"><span class='ocrx_word' id='word_1_135' title='bbox 214 2308 295 2372; x_wconf 89' lang='lat' dir='ltr'><strong>lnde</strong></span> <span class='ocrx_word' id='word_1_136' title='bbox 311 2308 438 2372; x_wconf 88' lang='lat' dir='ltr'><strong>avidam</strong></span> <span class='ocrx_word' id='word_1_137' title='bbox 453 2320 578 2391; x_wconf 88' lang='lat' dir='ltr'><strong>partem</strong></span> <span class='ocrx_word' id='word_1_138' title='bbox 594 2307 751 2384; x_wconf 91' lang='lat' dir='ltr'><strong>Monteis,</strong></span> <span class='ocrx_word' id='word_1_139' title='bbox 769 2306 941 2391; x_wconf 87' lang='lat' dir='ltr'><strong>Sylvaeque</strong></span> <span class='ocrx_word' id='word_1_140' title='bbox 957 2308 1099 2372; x_wconf 86' lang='lat' dir='ltr'><strong>ferarum</strong></span> 
     </span>
     <span class='ocr_line' id='line_1_22' title="bbox 214 2409 1039 2493; baseline 0 -19"><span class='ocrx_word' id='word_1_141' title='bbox 214 2410 409 2486; x_wconf 87' lang='lat' dir='ltr'><strong>Possedere,</strong></span> <span class='ocrx_word' id='word_1_142' title='bbox 426 2421 538 2474; x_wconf 90' lang='lat' dir='ltr'><strong>tenent</strong></span> <span class='ocrx_word' id='word_1_143' title='bbox 554 2409 683 2493; x_wconf 76' lang='lat' dir='ltr'><strong>RupeS,</strong></span> <span class='ocrx_word' id='word_1_144' title='bbox 700 2421 866 2493; x_wconf 86' lang='lat' dir='ltr'><strong>vastaeque</strong></span> <span class='ocrx_word' id='word_1_145' title='bbox 883 2410 1039 2487; x_wconf 92' lang='lat' dir='ltr'><strong>Paludes,</strong></span> 
     </span>
     <span class='ocr_line' id='line_1_23' title="bbox 212 2511 1012 2596; baseline -0.003 -20"><span class='ocrx_word' id='word_1_146' title='bbox 212 2513 259 2576; x_wconf 88' lang='lat' dir='ltr'><strong>Et</strong></span> <span class='ocrx_word' id='word_1_147' title='bbox 275 2512 382 2590; x_wconf 90' lang='lat' dir='ltr'><strong>Mare,</strong></span> <span class='ocrx_word' id='word_1_148' title='bbox 399 2513 488 2596; x_wconf 94' lang='lat' dir='ltr'><strong>quod</strong></span> <span class='ocrx_word' id='word_1_149' title='bbox 503 2511 568 2576; x_wconf 89' lang='lat' dir='ltr'><strong>late</strong></span> <span class='ocrx_word' id='word_1_150' title='bbox 585 2511 764 2575; x_wconf 88' lang='lat' dir='ltr'><strong>Terrarum</strong></span> <span class='ocrx_word' id='word_1_151' title='bbox 780 2513 913 2576; x_wconf 86' lang='lat' dir='ltr'><strong>distinet</strong></span> <span class='ocrx_word' id='word_1_152' title='bbox 928 2534 1012 2575; x_wconf 75' lang='lat' dir='ltr'><strong>oras</strong></span> 
     </span>
    </p>

    <p class='ocr_par' dir='ltr' id='par_1_7' title="bbox 139 2611 1062 2800">
     <span class='ocr_line' id='line_1_24' title="bbox 139 2611 1062 2698; baseline 0.004 -27"><span class='ocrx_word' id='word_1_153' title='bbox 139 2626 197 2672; x_wconf 72' lang='lat' dir='ltr'><strong>uos</strong></span> <span class='ocrx_word' id='word_1_154' title='bbox 212 2614 294 2678; x_wconf 91' lang='lat' dir='ltr'><strong>lnde</strong></span> <span class='ocrx_word' id='word_1_155' title='bbox 310 2615 392 2678; x_wconf 88' lang='lat' dir='ltr'><strong>duas</strong></span> <span class='ocrx_word' id='word_1_156' title='bbox 407 2636 506 2698; x_wconf 92' lang='lat' dir='ltr'><strong>porro</strong></span> <span class='ocrx_word' id='word_1_157' title='bbox 521 2637 624 2698; x_wconf 88' lang='lat' dir='ltr'><strong>prope</strong></span> <span class='ocrx_word' id='word_1_158' title='bbox 640 2615 762 2698; x_wconf 91' lang='lat' dir='ltr'><strong>parteis</strong></span> <span class='ocrx_word' id='word_1_159' title='bbox 777 2614 922 2678; x_wconf 84' lang='lat' dir='ltr'><strong>fervidus</strong></span> <span class='ocrx_word' id='word_1_160' title='bbox 939 2611 1062 2690; x_wconf 91' lang='lat' dir='ltr'><strong>Ardor,</strong></span> 
     </span>
     <span class='ocr_line' id='line_1_25' title="bbox 214 2714 988 2800; baseline -0.003 -20"><span class='ocrx_word' id='word_1_161' title='bbox 214 2716 445 2800; x_wconf 91' lang='lat' dir='ltr'><strong>Assiduusque</strong></span> <span class='ocrx_word' id='word_1_162' title='bbox 462 2714 539 2781; x_wconf 91' lang='lat' dir='ltr'><strong>Geli</strong></span> <span class='ocrx_word' id='word_1_163' title='bbox 554 2739 648 2780; x_wconf 88' lang='lat' dir='ltr'><strong>casus</strong></span> <span class='ocrx_word' id='word_1_164' title='bbox 664 2715 855 2780; x_wconf 90' lang='lat' dir='ltr'><strong>mortalibus</strong></span> <span class='ocrx_word' id='word_1_165' title='bbox 871 2716 988 2780; x_wconf 88' lang='lat' dir='ltr'><strong>aufert.</strong></span> 
     </span>
    </p>

    <p class='ocr_par' dir='ltr' id='par_1_8' title="bbox 256 2817 1056 2903">
     <span class='ocr_line' id='line_1_26' title="bbox 256 2817 1056 2903; baseline -0.004 -20"><span class='ocrx_word' id='word_1_166' title='bbox 256 2818 357 2891; x_wconf 83' lang='lat' dir='ltr'><strong>Quod</strong></span> <span class='ocrx_word' id='word_1_167' title='bbox 373 2829 524 2903; x_wconf 89' lang='lat' dir='ltr'><strong>superest</strong></span> <span class='ocrx_word' id='word_1_168' title='bbox 539 2819 618 2896; x_wconf 92' lang='lat' dir='ltr'><strong>arvi,</strong></span> <span class='ocrx_word' id='word_1_169' title='bbox 635 2829 743 2883; x_wconf 87' lang='lat' dir='ltr'><strong>tamen</strong></span> <span class='ocrx_word' id='word_1_170' title='bbox 757 2819 791 2882; x_wconf 94' lang='lat' dir='ltr'><strong>id</strong></span> <span class='ocrx_word' id='word_1_171' title='bbox 808 2817 937 2882; x_wconf 90' lang='lat' dir='ltr'><strong>Natura</strong></span> <span class='ocrx_word' id='word_1_172' title='bbox 950 2840 1009 2881; x_wconf 91' lang='lat' dir='ltr'><strong>sua</strong></span> <span class='ocrx_word' id='word_1_173' title='bbox 1025 2818 1056 2880; x_wconf 93' lang='lat' dir='ltr'><strong>vi</strong></span> 
     </span>
    </p>
   </div>
   <div class='ocr_carea' id='block_1_3' title="bbox 124 3053 1241 4345">
    <p class='ocr_par' dir='ltr' id='par_1_9' title="bbox 124 3053 1241 4345">
     <span class='ocr_line' id='line_1_27' title="bbox 127 3053 1234 3119; baseline 0.004 -20"><span class='ocrx_word' id='word_1_174' title='bbox 127 3054 236 3101; x_wconf 92' lang='lat' dir='ltr'><strong>nondum</strong></span> <span class='ocrx_word' id='word_1_175' title='bbox 252 3054 392 3112; x_wconf 71' lang='lat' dir='ltr'><strong>extiterint,</strong></span> <span class='ocrx_word' id='word_1_176' title='bbox 409 3055 465 3104; x_wconf 91' lang='lat' dir='ltr'><strong>ideo</strong></span> <span class='ocrx_word' id='word_1_177' title='bbox 482 3056 565 3119; x_wconf 89' lang='lat' dir='ltr'><strong>inepte</strong></span> <span class='ocrx_word' id='word_1_178' title='bbox 577 3055 664 3119; x_wconf 87' lang='lat' dir='ltr'><strong>aliquis</strong></span> <span class='ocrx_word' id='word_1_179' title='bbox 696 3054 781 3118; x_wconf 82' lang='lat' dir='ltr'><strong>generi</strong></span> <span class='ocrx_word' id='word_1_180' title='bbox 797 3055 905 3112; x_wconf 86' lang='lat' dir='ltr'><strong>infestas,</strong></span> <span class='ocrx_word' id='word_1_181' title='bbox 924 3068 1003 3116; x_wconf 84' lang='lat' dir='ltr'><strong>neque</strong></span> <span class='ocrx_word' id='word_1_182' title='bbox 1020 3053 1081 3102; x_wconf 88' lang='lat' dir='ltr'><strong>varii</strong></span> <span class='ocrx_word' id='word_1_183' title='bbox 1099 3053 1177 3101; x_wconf 88' lang='lat' dir='ltr'><strong>morbi</strong></span> <span class='ocrx_word' id='word_1_184' title='bbox 1193 3070 1234 3103; x_wconf 89' lang='lat' dir='ltr'><strong>va-</strong></span> 
     </span>
     <span class='ocr_line' id='line_1_28' title="bbox 126 3116 1236 3183; baseline 0.003 -19"><span class='ocrx_word' id='word_1_185' title='bbox 126 3116 192 3165; x_wconf 88' lang='lat' dir='ltr'><strong>dicat</strong></span> <span class='ocrx_word' id='word_1_186' title='bbox 215 3120 281 3167; x_wconf 86' lang='lat' dir='ltr'><strong>Deos</strong></span> <span class='ocrx_word' id='word_1_187' title='bbox 303 3121 400 3179; x_wconf 88' lang='lat' dir='ltr'><strong>coelum,</strong></span> <span class='ocrx_word' id='word_1_188' title='bbox 423 3130 519 3180; x_wconf 89' lang='lat' dir='ltr'><strong>terram,</strong></span> <span class='ocrx_word' id='word_1_189' title='bbox 541 3121 663 3179; x_wconf 86' lang='lat' dir='ltr'><strong>animalia,</strong></span> <span class='ocrx_word' id='word_1_190' title='bbox 678 3147 682 3151; x_wconf 84' lang='lat'><em>—</em></span> <span class='ocrx_word' id='word_1_191' title='bbox 696 3120 745 3168; x_wconf 91' lang='lat' dir='ltr'><strong>rias</strong></span> <span class='ocrx_word' id='word_1_192' title='bbox 763 3119 822 3168; x_wconf 89' lang='lat' dir='ltr'><strong>anni</strong></span> <span class='ocrx_word' id='word_1_193' title='bbox 841 3129 998 3183; x_wconf 87' lang='lat' dir='ltr'><strong>tempestates</strong></span> <span class='ocrx_word' id='word_1_194' title='bbox 1020 3128 1187 3181; x_wconf 80' lang='lat' dir='ltr'><strong>sequerentur,</strong></span> <span class='ocrx_word' id='word_1_195' title='bbox 1210 3128 1236 3167; x_wconf 85' lang='lat' dir='ltr'><strong>et</strong></span> 
     </span>
     <span class='ocr_line' id='line_1_29' title="bbox 128 3182 1234 3248; baseline 0.002 -19"><span class='ocrx_word' id='word_1_196' title='bbox 128 3182 209 3230; x_wconf 89' lang='lat' dir='ltr'><strong>omnia</strong></span> <span class='ocrx_word' id='word_1_197' title='bbox 220 3187 322 3232; x_wconf 68' lang='lat' dir='ltr'><strong>creasse.</strong></span> <span class='ocrx_word' id='word_1_198' title='bbox 695 3185 782 3232; x_wconf 81' lang='lat' dir='ltr'><strong>funera</strong></span> <span class='ocrx_word' id='word_1_199' title='bbox 798 3185 996 3248; x_wconf 84' lang='lat' dir='ltr'><strong>praecipitarent:</strong></span> <span class='ocrx_word' id='word_1_200' title='bbox 1019 3183 1063 3230; x_wconf 88' lang='lat' dir='ltr'><strong>sed</strong></span> <span class='ocrx_word' id='word_1_201' title='bbox 1076 3182 1157 3230; x_wconf 88' lang='lat' dir='ltr'><strong>omnia</strong></span> <span class='ocrx_word' id='word_1_202' title='bbox 1173 3183 1234 3231; x_wconf 84' lang='lat' dir='ltr'><strong>fuis·</strong></span> 
     </span>
     <span class='ocr_line' id='line_1_30' title="bbox 162 3246 1235 3312; baseline 0.001 -18"><span class='ocrx_word' id='word_1_203' title='bbox 162 3247 215 3298; x_wconf 83' lang='lat'>187.</span> <span class='ocrx_word' id='word_1_204' title='bbox 243 3248 355 3312; x_wconf 80' lang='lat' dir='ltr'><strong>Greondi]</strong></span> <span class='ocrx_word' id='word_1_205' title='bbox 386 3250 527 3308; x_wconf 88' lang='lat' dir='ltr'><strong>Lambinus,</strong></span> <span class='ocrx_word' id='word_1_206' title='bbox 550 3252 663 3304; x_wconf 61' lang='lat' dir='ltr'><strong>creaverim</strong></span> <span class='ocrx_word' id='word_1_207' title='bbox 697 3258 751 3297; x_wconf 81' lang='lat' dir='ltr'><strong>rent</strong></span> <span class='ocrx_word' id='word_1_208' title='bbox 767 3249 860 3311; x_wconf 82' lang='lat' dir='ltr'><strong>optime</strong></span> <span class='ocrx_word' id='word_1_209' title='bbox 877 3248 995 3312; x_wconf 81' lang='lat' dir='ltr'><strong>disposita</strong></span> <span class='ocrx_word' id='word_1_210' title='bbox 1011 3255 1036 3295; x_wconf 87' lang='lat' dir='ltr'><strong>et</strong></span> <span class='ocrx_word' id='word_1_211' title='bbox 1052 3256 1144 3303; x_wconf 86' lang='lat' dir='ltr'><strong>ornata,</strong></span> <span class='ocrx_word' id='word_1_212' title='bbox 1158 3246 1235 3308; x_wconf 86' lang='lat' dir='ltr'><strong>quieti</strong></span> 
     </span>
     <span class='ocr_line' id='line_1_31' title="bbox 127 3311 1233 3376; baseline 0 -17"><span class='ocrx_word' id='word_1_213' title='bbox 127 3311 221 3361; x_wconf 86' lang='lat' dir='ltr'><strong>melius.</strong></span> <span class='ocrx_word' id='word_1_214' title='bbox 697 3324 769 3376; x_wconf 83' lang='lat' dir='ltr'><strong>atque</strong></span> <span class='ocrx_word' id='word_1_215' title='bbox 781 3313 865 3360; x_wconf 91' lang='lat' dir='ltr'><strong>usibus</strong></span> <span class='ocrx_word' id='word_1_216' title='bbox 876 3312 977 3360; x_wconf 90' lang='lat' dir='ltr'><strong>humani</strong></span> <span class='ocrx_word' id='word_1_217' title='bbox 992 3311 1090 3374; x_wconf 82' lang='lat' dir='ltr'><strong>generis</strong></span> <span class='ocrx_word' id='word_1_218' title='bbox 1098 3327 1233 3359; x_wconf 88' lang='lat' dir='ltr'><strong>accommo-</strong></span> 
     </span>
     <span class='ocr_line' id='line_1_32' title="bbox 162 3377 932 3442; baseline 0 -18"><span class='ocrx_word' id='word_1_219' title='bbox 162 3378 215 3426; x_wconf 85' lang='lat'>188.</span> <span class='ocrx_word' id='word_1_220' title='bbox 233 3381 311 3427; x_wconf 80' lang='lat' dir='ltr'><strong>Multa</strong></span> <span class='ocrx_word' id='word_1_221' title='bbox 327 3383 399 3428; x_wconf 80' lang='lat' dir='ltr'><strong>madir</strong></span> <span class='ocrx_word' id='word_1_222' title='bbox 412 3378 502 3442; x_wconf 85' lang='lat' dir='ltr'><strong>multis]</strong></span> <span class='ocrx_word' id='word_1_223' title='bbox 520 3381 665 3428; x_wconf 80' lang='lat' dir='ltr'><strong>Malta’modtr</strong></span> <span class='ocrx_word' id='word_1_224' title='bbox 698 3379 735 3435; x_wconf 92' lang='lat' dir='ltr'><strong>da,</strong></span> <span class='ocrx_word' id='word_1_225' title='bbox 749 3388 772 3424; x_wconf 92' lang='lat' dir='ltr'><strong>et</strong></span> <span class='ocrx_word' id='word_1_226' title='bbox 785 3379 840 3425; x_wconf 92' lang='lat' dir='ltr'><strong>Deo</strong></span> <span class='ocrx_word' id='word_1_227' title='bbox 851 3377 932 3440; x_wconf 85' lang='lat' dir='ltr'><strong>digna.</strong></span> 
     </span>
     <span class='ocr_line' id='line_1_33' title="bbox 125 3439 1234 3503; baseline 0.001 -15"><span class='ocrx_word' id='word_1_228' title='bbox 125 3444 222 3499; x_wconf 64' lang='lat' dir='ltr'><strong>mettin</strong></span> <span class='ocrx_word' id='word_1_229' title='bbox 239 3444 360 3492; x_wconf 81' lang='lat' dir='ltr'><strong>Gifaniur.</strong></span> <span class='ocrx_word' id='word_1_230' title='bbox 731 3444 785 3490; x_wconf 85' lang='lat'><strong>202.</strong></span> <span class='ocrx_word' id='word_1_231' title='bbox 795 3443 894 3489; x_wconf 83' lang='lat' dir='ltr'><strong>Avidam</strong></span> <span class='ocrx_word' id='word_1_232' title='bbox 900 3440 1004 3503; x_wconf 81' lang='lat' dir='ltr'><strong>partem]</strong></span> <span class='ocrx_word' id='word_1_233' title='bbox 1015 3441 1139 3503; x_wconf 84' lang='lat' dir='ltr'><strong>Magnam,</strong></span> <span class='ocrx_word' id='word_1_234' title='bbox 1147 3439 1234 3503; x_wconf 84' lang='lat' dir='ltr'><strong>ingen-</strong></span> 
     </span>
     <span class='ocr_line' id='line_1_34' title="bbox 162 3504 1236 3572; baseline 0.001 -18"><span class='ocrx_word' id='word_1_235' title='bbox 162 3507 215 3555; x_wconf 83' lang='lat'><strong>195.</strong></span> <span class='ocrx_word' id='word_1_236' title='bbox 229 3508 340 3571; x_wconf 79' lang='lat' dir='ltr'><strong>Genitor]</strong></span> <span class='ocrx_word' id='word_1_237' title='bbox 353 3509 429 3558; x_wconf 81' lang='lat' dir='ltr'><strong>codd.</strong></span> <span class='ocrx_word' id='word_1_238' title='bbox 444 3512 543 3572; x_wconf 76' lang='lat' dir='ltr'><strong>geritur,</strong></span> <span class='ocrx_word' id='word_1_239' title='bbox 556 3524 601 3556; x_wconf 90' lang='lat' dir='ltr'><strong>nec</strong></span> <span class='ocrx_word' id='word_1_240' title='bbox 612 3523 663 3556; x_wconf 92' lang='lat' dir='ltr'><strong>me·</strong></span> <span class='ocrx_word' id='word_1_241' title='bbox 698 3516 760 3561; x_wconf 87' lang='lat' dir='ltr'><strong>tem;</strong></span> <span class='ocrx_word' id='word_1_242' title='bbox 778 3507 932 3569; x_wconf 83' lang='lat' dir='ltr'><strong>interpretes,</strong></span> <span class='ocrx_word' id='word_1_243' title='bbox 944 3505 1000 3568; x_wconf 88' lang='lat' dir='ltr'><strong>quia</strong></span> <span class='ocrx_word' id='word_1_244' title='bbox 1012 3505 1057 3552; x_wconf 92' lang='lat' dir='ltr'><strong>viz.</strong></span> <span class='ocrx_word' id='word_1_245' title='bbox 1069 3504 1135 3553; x_wconf 86' lang='lat' dir='ltr'><strong>avidi</strong></span> <span class='ocrx_word' id='word_1_246' title='bbox 1147 3521 1236 3568; x_wconf 82' lang='lat' dir='ltr'><strong>magna</strong></span> 
     </span>
     <span class='ocr_line' id='line_1_35' title="bbox 126 3569 1241 3637; baseline 0 -20"><span class='ocrx_word' id='word_1_247' title='bbox 126 3569 173 3619; x_wconf 90' lang='lat' dir='ltr'><strong>lior</strong></span> <span class='ocrx_word' id='word_1_248' title='bbox 184 3572 282 3634; x_wconf 88' lang='lat' dir='ltr'><strong>quidem</strong></span> <span class='ocrx_word' id='word_1_249' title='bbox 294 3575 345 3621; x_wconf 84' lang='lat' dir='ltr'><strong>haec</strong></span> <span class='ocrx_word' id='word_1_250' title='bbox 357 3590 405 3622; x_wconf 84' lang='lat' dir='ltr'><strong>vox</strong></span> <span class='ocrx_word' id='word_1_251' title='bbox 414 3577 509 3637; x_wconf 79' lang='lat' dir='ltr'><strong>genitur</strong></span> <span class='ocrx_word' id='word_1_252' title='bbox 522 3572 643 3621; x_wconf 84' lang='lat' dir='ltr'><strong>Lambini.</strong></span> <span class='ocrx_word' id='word_1_253' title='bbox 697 3571 779 3619; x_wconf 88' lang='lat' dir='ltr'><strong>omnia</strong></span> <span class='ocrx_word' id='word_1_254' title='bbox 795 3570 942 3628; x_wconf 77' lang='lat' dir='ltr'><strong>desiderant,</strong></span> <span class='ocrx_word' id='word_1_255' title='bbox 960 3570 998 3618; x_wconf 85' lang='lat' dir='ltr'><strong>vel</strong></span> <span class='ocrx_word' id='word_1_256' title='bbox 1010 3570 1067 3632; x_wconf 90' lang='lat' dir='ltr'><strong>quia</strong></span> <span class='ocrx_word' id='word_1_257' title='bbox 1078 3569 1148 3618; x_wconf 85' lang='lat' dir='ltr'><strong>avide</strong></span> <span class='ocrx_word' id='word_1_258' title='bbox 1162 3586 1241 3618; x_wconf 56' lang='lat' dir='ltr'><strong>occu·⁴</strong></span> 
     </span>
     <span class='ocr_line' id='line_1_36' title="bbox 162 3635 1240 3701; baseline -0.001 -17"><span class='ocrx_word' id='word_1_259' title='bbox 162 3637 214 3685; x_wconf 84' lang='lat'>196.</span> <span class='ocrx_word' id='word_1_260' title='bbox 230 3640 296 3689; x_wconf 80' lang='lat' dir='ltr'><strong>Quod</strong></span> <span class='ocrx_word' id='word_1_261' title='bbox 305 3639 383 3701; x_wconf 79' lang='lat' dir='ltr'><strong>sijum</strong></span> <span class='ocrx_word' id='word_1_262' title='bbox 392 3637 541 3700; x_wconf 70' lang='lat' dir='ltr'><strong>resumere]</strong></span> <span class='ocrx_word' id='word_1_263' title='bbox 552 3639 664 3700; x_wconf 88' lang='lat' dir='ltr'><strong>Sequun·</strong></span> <span class='ocrx_word' id='word_1_264' title='bbox 696 3645 754 3700; x_wconf 89' lang='lat' dir='ltr'><strong>pata</strong></span> <span class='ocrx_word' id='word_1_265' title='bbox 766 3645 818 3684; x_wconf 87' lang='lat' dir='ltr'><strong>est:</strong></span> <span class='ocrx_word' id='word_1_266' title='bbox 836 3636 890 3697; x_wconf 90' lang='lat' dir='ltr'><strong>quis</strong></span> <span class='ocrx_word' id='word_1_267' title='bbox 901 3635 964 3683; x_wconf 84' lang='lat' dir='ltr'><strong>feret</strong></span> <span class='ocrx_word' id='word_1_268' title='bbox 979 3635 1047 3683; x_wconf 81' lang='lat' dir='ltr'><strong>haecr</strong></span> <span class='ocrx_word' id='word_1_269' title='bbox 1077 3638 1183 3693; x_wconf 76' lang='lat' dir='ltr'><strong>Avidam,</strong></span> <span class='ocrx_word' id='word_1_270' title='bbox 1196 3635 1240 3697; x_wconf 86' lang='lat' dir='ltr'><strong>bi-¹</strong></span> 
     </span>
     <span class='ocr_line' id='line_1_37' title="bbox 127 3700 1235 3766; baseline 0 -18"><span class='ocrx_word' id='word_1_271' title='bbox 127 3707 174 3757; x_wconf 88' lang='lat' dir='ltr'><strong>tur,</strong></span> <span class='ocrx_word' id='word_1_272' title='bbox 193 3718 215 3750; x_wconf 85' lang='lat' dir='ltr'><strong>v.</strong></span> <span class='ocrx_word' id='word_1_273' title='bbox 224 3712 226 3716; x_wconf 80' lang='grc'>’</span> <span class='ocrx_word' id='word_1_274' title='bbox 235 3705 273 3754; x_wconf 81' lang='lat'><strong>27.</strong></span> <span class='ocrx_word' id='word_1_275' title='bbox 292 3713 436 3766; x_wconf 79' lang='lat' dir='ltr'><strong>argumenta</strong></span> <span class='ocrx_word' id='word_1_276' title='bbox 454 3719 467 3751; x_wconf 93' lang='lat' dir='ltr'><strong>e</strong></span> <span class='ocrx_word' id='word_1_277' title='bbox 486 3703 573 3752; x_wconf 89' lang='lat' dir='ltr'><strong>vitiosa</strong></span> <span class='ocrx_word' id='word_1_278' title='bbox 593 3703 665 3763; x_wconf 89' lang='lat' dir='ltr'><strong>hujus</strong></span> <span class='ocrx_word' id='word_1_279' title='bbox 697 3701 786 3758; x_wconf 91' lang='lat' dir='ltr'><strong>bulam,</strong></span> <span class='ocrx_word' id='word_1_280' title='bbox 800 3700 916 3757; x_wconf 88' lang='lat' dir='ltr'><strong>Nardius‚</strong></span> <span class='ocrx_word' id='word_1_281' title='bbox 928 3716 984 3749; x_wconf 90' lang='lat' dir='ltr'><strong>nam</strong></span> <span class='ocrx_word' id='word_1_282' title='bbox 996 3709 1062 3748; x_wconf 87' lang='lat' dir='ltr'><strong>terra</strong></span> <span class='ocrx_word' id='word_1_283' title='bbox 1073 3708 1110 3748; x_wconf 88' lang='lat' dir='ltr'><strong>est</strong></span> <span class='ocrx_word' id='word_1_284' title='bbox 1125 3700 1235 3749; x_wconf 87' lang='lat' dir='ltr'><strong>humoris</strong></span> 
     </span>
     <span class='ocr_line' id='line_1_38' title="bbox 126 3765 1234 3831; baseline 0.001 -18"><span class='ocrx_word' id='word_1_285' title='bbox 126 3765 211 3814; x_wconf 90' lang='lat' dir='ltr'><strong>mundi</strong></span> <span class='ocrx_word' id='word_1_286' title='bbox 221 3767 395 3816; x_wconf 88' lang='lat' dir='ltr'><strong>constitutione</strong></span> <span class='ocrx_word' id='word_1_287' title='bbox 407 3768 495 3817; x_wconf 82' lang='lat' dir='ltr'><strong>ducta:</strong></span> <span class='ocrx_word' id='word_1_288' title='bbox 513 3768 604 3831; x_wconf 88' lang='lat' dir='ltr'><strong>quippe</strong></span> <span class='ocrx_word' id='word_1_289' title='bbox 620 3768 663 3815; x_wconf 88' lang='lat' dir='ltr'><strong>Sa·</strong></span> <span class='ocrx_word' id='word_1_290' title='bbox 697 3765 853 3821; x_wconf 85' lang='lat' dir='ltr'><strong>avidissima;</strong></span> <span class='ocrx_word' id='word_1_291' title='bbox 873 3765 964 3829; x_wconf 88' lang='lat' dir='ltr'><strong>inepte.</strong></span> <span class='ocrx_word' id='word_1_292' title='bbox 999 3765 1052 3812; x_wconf 91' lang='lat' dir='ltr'><strong>Nec</strong></span> <span class='ocrx_word' id='word_1_293' title='bbox 1068 3781 1141 3829; x_wconf 91' lang='lat' dir='ltr'><strong>porro</strong></span> <span class='ocrx_word' id='word_1_294' title='bbox 1157 3765 1234 3814; x_wconf 86' lang='lat' dir='ltr'><strong>inter·</strong></span> 
     </span>
     <span class='ocr_line' id='line_1_39' title="bbox 125 3828 1235 3941; baseline 0.001 -63"><span class='ocrx_word' id='word_1_295' title='bbox 125 3828 273 3941; x_wconf 84' lang='lat' dir='ltr'><strong>pientissimi</strong></span> <span class='ocrx_word' id='word_1_296' title='bbox 290 3832 400 3880; x_wconf 88' lang='lat' dir='ltr'><strong>Artificis</strong></span> <span class='ocrx_word' id='word_1_297' title='bbox 416 3848 477 3896; x_wconf 87' lang='lat' dir='ltr'><strong>opus</strong></span> <span class='ocrx_word' id='word_1_298' title='bbox 493 3833 579 3881; x_wconf 79' lang='lat' dir='ltr'><strong>fuisset</strong></span> <span class='ocrx_word' id='word_1_299' title='bbox 593 3832 662 3879; x_wconf 90' lang='lat' dir='ltr'><strong>abso·</strong></span> <span class='ocrx_word' id='word_1_300' title='bbox 696 3841 779 3894; x_wconf 89' lang='lat' dir='ltr'><strong>pretes</strong></span> <span class='ocrx_word' id='word_1_301' title='bbox 789 3831 950 3894; x_wconf 69' lang='lat' dir='ltr'><strong>praetendant,</strong></span> <span class='ocrx_word' id='word_1_302' title='bbox 959 3829 1161 3891; x_wconf 75' lang='lat' dir='ltr'><strong>Avidocomplexu</strong></span> <span class='ocrx_word' id='word_1_303' title='bbox 1170 3847 1235 3891; x_wconf 81' lang='lat' dir='ltr'><strong>quem</strong></span> 
     </span>
     <span class='ocr_line' id='line_1_40' title="bbox 135 3895 1235 3960; baseline 0 -18"><span class='ocrx_word' id='word_1_304' title='bbox 135 3904 216 3954; x_wconf 85' lang='lat' dir='ltr'><strong>utum,</strong></span> <span class='ocrx_word' id='word_1_305' title='bbox 231 3912 280 3945; x_wconf 92' lang='lat' dir='ltr'><strong>non</strong></span> <span class='ocrx_word' id='word_1_306' title='bbox 297 3897 423 3945; x_wconf 86' lang='lat' dir='ltr'><strong>horridum</strong></span> <span class='ocrx_word' id='word_1_307' title='bbox 435 3897 566 3953; x_wconf 86' lang='lat' dir='ltr'><strong>montibus,</strong></span> <span class='ocrx_word' id='word_1_308' title='bbox 582 3895 664 3960; x_wconf 83' lang='lat' dir='ltr'><strong>sylvis,</strong></span> <span class='ocrx_word' id='word_1_309' title='bbox 698 3904 759 3944; x_wconf 81' lang='lat' dir='ltr'><strong>tenet</strong></span> <span class='ocrx_word' id='word_1_310' title='bbox 769 3899 849 3952; x_wconf 76' lang='lat' dir='ltr'><strong>atter,</strong></span> <span class='ocrx_word' id='word_1_311' title='bbox 861 3895 901 3943; x_wconf 93' lang='lat' dir='ltr'><strong>lib.</strong></span> <span class='ocrx_word' id='word_1_312' title='bbox 916 3895 986 3944; x_wconf 87' lang='lat' dir='ltr'>11.v.</span> <span class='ocrx_word' id='word_1_313' title='bbox 1000 3895 1069 3942; x_wconf 82' lang='lat'>1065.</span> <span class='ocrx_word' id='word_1_314' title='bbox 1079 3909 1128 3942; x_wconf 90' lang='lat' dir='ltr'><strong>non</strong></span> <span class='ocrx_word' id='word_1_315' title='bbox 1138 3895 1235 3942; x_wconf 85' lang='lat' dir='ltr'><strong>attinet.</strong></span> 
     </span>
     <span class='ocr_line' id='line_1_41' title="bbox 125 3959 1234 4025; baseline -0.001 -18"><span class='ocrx_word' id='word_1_316' title='bbox 125 3959 262 4023; x_wconf 87' lang='lat' dir='ltr'><strong>paludibus,</strong></span> <span class='ocrx_word' id='word_1_317' title='bbox 274 3972 320 4010; x_wconf 89' lang='lat' dir='ltr'><strong>etc.</strong></span> <span class='ocrx_word' id='word_1_318' title='bbox 332 3961 387 4009; x_wconf 84' lang='lat' dir='ltr'><strong>aliae</strong></span> <span class='ocrx_word' id='word_1_319' title='bbox 401 3972 483 4025; x_wconf 83' lang='lat' dir='ltr'><strong>partes</strong></span> <span class='ocrx_word' id='word_1_320' title='bbox 495 3977 544 4009; x_wconf 93' lang='lat' dir='ltr'><strong>non</strong></span> <span class='ocrx_word' id='word_1_321' title='bbox 555 3961 665 4024; x_wconf 82' lang='lat' dir='ltr'><strong>rigerent</strong></span> <span class='ocrx_word' id='word_1_322' title='bbox 699 3960 790 4008; x_wconf 89' lang='lat' dir='ltr'><strong>Melius</strong></span> <span class='ocrx_word' id='word_1_323' title='bbox 806 3960 882 4023; x_wconf 82' lang='lat' dir='ltr'><strong>igitur</strong></span> <span class='ocrx_word' id='word_1_324' title='bbox 893 3976 949 4008; x_wconf 90' lang='lat' dir='ltr'><strong>cum</strong></span> <span class='ocrx_word' id='word_1_325' title='bbox 961 3959 1025 4023; x_wconf 83' lang='lat' dir='ltr'><strong>vulg.</strong></span> <span class='ocrx_word' id='word_1_326' title='bbox 1039 3959 1141 4022; x_wconf 85' lang='lat' dir='ltr'><strong>legatur,</strong></span> <span class='ocrx_word' id='word_1_327' title='bbox 1153 3959 1234 4017; x_wconf 87' lang='lat' dir='ltr'><strong>aliam,</strong></span> 
     </span>
     <span class='ocr_line' id='line_1_42' title="bbox 125 4022 1234 4089; baseline -0.002 -17"><span class='ocrx_word' id='word_1_328' title='bbox 125 4034 244 4087; x_wconf 86' lang='lat' dir='ltr'><strong>perpetuo</strong></span> <span class='ocrx_word' id='word_1_329' title='bbox 261 4026 325 4089; x_wconf 85' lang='lat' dir='ltr'><strong>gelu,</strong></span> <span class='ocrx_word' id='word_1_330' title='bbox 341 4042 420 4088; x_wconf 88' lang='lat' dir='ltr'><strong>neque</strong></span> <span class='ocrx_word' id='word_1_331' title='bbox 432 4025 499 4082; x_wconf 88' lang='lat' dir='ltr'><strong>alias,</strong></span> <span class='ocrx_word' id='word_1_332' title='bbox 517 4026 587 4074; x_wconf 90' lang='lat' dir='ltr'><strong>nimii</strong></span> <span class='ocrx_word' id='word_1_333' title='bbox 599 4025 662 4073; x_wconf 86' lang='lat' dir='ltr'><strong>calo-</strong></span> <span class='ocrx_word' id='word_1_334' title='bbox 697 4026 740 4072; x_wconf 92' lang='lat' dir='ltr'><strong>sed</strong></span> <span class='ocrx_word' id='word_1_335' title='bbox 766 4026 848 4088; x_wconf 90' lang='lat' dir='ltr'><strong>potius</strong></span> <span class='ocrx_word' id='word_1_336' title='bbox 873 4028 995 4080; x_wconf 59' lang='lat' dir='ltr'><strong>habitarem</strong></span> <span class='ocrx_word' id='word_1_337' title='bbox 1021 4039 1101 4087; x_wconf 88' lang='lat' dir='ltr'><strong>neque</strong></span> <span class='ocrx_word' id='word_1_338' title='bbox 1126 4022 1234 4071; x_wconf 90' lang='lat' dir='ltr'><strong>insolen-</strong></span> 
     </span>
     <span class='ocr_line' id='line_1_43' title="bbox 124 4089 1234 4157; baseline -0.002 -22"><span class='ocrx_word' id='word_1_339' title='bbox 124 4103 165 4136; x_wconf 87' lang='lat' dir='ltr'><strong>res</strong></span> <span class='ocrx_word' id='word_1_340' title='bbox 187 4098 321 4148; x_wconf 88' lang='lat' dir='ltr'><strong>torrerent;</strong></span> <span class='ocrx_word' id='word_1_341' title='bbox 357 4090 446 4139; x_wconf 88' lang='lat' dir='ltr'><strong>deinde</strong></span> <span class='ocrx_word' id='word_1_342' title='bbox 471 4091 554 4154; x_wconf 85' lang='lat' dir='ltr'><strong>fruges</strong></span> <span class='ocrx_word' id='word_1_343' title='bbox 581 4090 663 4154; x_wconf 91' lang='lat' dir='ltr'><strong>potius</strong></span> <span class='ocrx_word' id='word_1_344' title='bbox 696 4089 745 4138; x_wconf 88' lang='lat' dir='ltr'><strong>tius</strong></span> <span class='ocrx_word' id='word_1_345' title='bbox 762 4093 975 4157; x_wconf 32' lang='lat' dir='ltr'><strong>orontes&#39;hatitant,</strong></span> <span class='ocrx_word' id='word_1_346' title='bbox 988 4104 1060 4151; x_wconf 92' lang='lat' dir='ltr'><strong>quam</strong></span> <span class='ocrx_word' id='word_1_347' title='bbox 1075 4090 1145 4150; x_wconf 66' lang='lat' dir='ltr'><strong>sylva</strong></span> <span class='ocrx_word' id='word_1_348' title='bbox 1158 4090 1234 4148; x_wconf 65' lang='lat' dir='ltr'><strong>possi»</strong></span> 
     </span>
     <span class='ocr_line' id='line_1_44' title="bbox 125 4154 756 4218; baseline 0 -17"><span class='ocrx_word' id='word_1_349' title='bbox 125 4168 198 4215; x_wconf 89' lang='lat' dir='ltr'><strong>quam</strong></span> <span class='ocrx_word' id='word_1_350' title='bbox 215 4154 306 4218; x_wconf 90' lang='lat' dir='ltr'><strong>spinas,</strong></span> <span class='ocrx_word' id='word_1_351' title='bbox 318 4164 407 4214; x_wconf 87' lang='lat' dir='ltr'><strong>sentes,</strong></span> <span class='ocrx_word' id='word_1_352' title='bbox 417 4165 447 4203; x_wconf 81' lang='lat' dir='ltr'><strong>et</strong></span> <span class='ocrx_word' id='word_1_353' title='bbox 460 4164 549 4204; x_wconf 75' lang='lat' dir='ltr'><strong>caetera</strong></span> <span class='ocrx_word' id='word_1_354' title='bbox 565 4154 663 4202; x_wconf 90' lang='lat' dir='ltr'><strong>inutilia</strong></span> <span class='ocrx_word' id='word_1_355' title='bbox 696 4157 756 4202; x_wconf 80' lang='lat' dir='ltr'><strong>dent.</strong></span> 
     </span>
     <span class='ocr_line' id='line_1_45' title="bbox 124 4215 1240 4283; baseline -0.004 -18"><span class='ocrx_word' id='word_1_356' title='bbox 124 4218 285 4281; x_wconf 84' lang='lat' dir='ltr'><strong>produceret:</strong></span> <span class='ocrx_word' id='word_1_357' title='bbox 318 4219 423 4283; x_wconf 92' lang='lat' dir='ltr'><strong>denique</strong></span> <span class='ocrx_word' id='word_1_358' title='bbox 448 4219 522 4268; x_wconf 88' lang='lat' dir='ltr'><strong>nullis</strong></span> <span class='ocrx_word' id='word_1_359' title='bbox 549 4218 663 4283; x_wconf 87' lang='lat' dir='ltr'><strong>procellis</strong></span> <span class='ocrx_word' id='word_1_360' title='bbox 729 4215 783 4267; x_wconf 79' lang='lat'>2⁰6.</span> <span class='ocrx_word' id='word_1_361' title='bbox 805 4217 870 4282; x_wconf 81' lang='lat' dir='ltr'><strong>Geli]</strong></span> <span class='ocrx_word' id='word_1_362' title='bbox 889 4220 992 4266; x_wconf 88' lang='lat' dir='ltr'><strong>Veteres</strong></span> <span class='ocrx_word' id='word_1_363' title='bbox 1011 4226 1059 4264; x_wconf 89' lang='lat' dir='ltr'><strong>tam</strong></span> <span class='ocrx_word' id='word_1_364' title='bbox 1077 4218 1145 4278; x_wconf 72' lang='lat' dir='ltr'><strong>galus</strong></span> <span class='ocrx_word' id='word_1_365' title='bbox 1161 4229 1240 4276; x_wconf 87' lang='lat' dir='ltr'><strong>quam.</strong></span> 
     </span>
     <span class='ocr_line' id='line_1_46' title="bbox 124 4285 809 4345; baseline -0.004 -14"><span class='ocrx_word' id='word_1_366' title='bbox 124 4293 270 4340; x_wconf 84' lang='lat' dir='ltr'><strong>vexaretur;</strong></span> <span class='ocrx_word' id='word_1_367' title='bbox 298 4300 347 4332; x_wconf 90' lang='lat' dir='ltr'><strong>non</strong></span> <span class='ocrx_word' id='word_1_368' title='bbox 371 4285 531 4340; x_wconf 59' lang='lat' dir='ltr'><strong>aletensem</strong></span> <span class='ocrx_word' id='word_1_369' title='bbox 555 4286 668 4344; x_wconf 85' lang='lat' dir='ltr'><strong>humano¹</strong></span> <span class='ocrx_word' id='word_1_370' title='bbox 693 4287 755 4345; x_wconf 80' lang='lat' dir='ltr'><strong>gelu.</strong></span> <span class='ocrx_word' id='word_1_371' title='bbox 808 4322 809 4327; x_wconf 73' lang='grc'>,</span> 
     </span>
    </p>
   </div>
   <div class='ocr_carea' id='block_1_4' title="bbox 0 0 1440 4852">
    <p class='ocr_par' dir='ltr' id='par_1_10' title="bbox 0 0 1440 4852">
     <span class='ocr_line' id='line_1_47' title="bbox 0 0 1440 4852; baseline 0 2"><span class='ocrx_word' id='word_1_372' title='bbox 0 0 1440 4852; x_wconf 95' lang='lat' dir='ltr'><strong> </strong></span> 
     </span>
    </p>
   </div>
  </div>
 </body>
</html>
