2872 4852
404 224 575 290 LIBER
607 224 913 289 SECUNDUS.
1171 225 1214 288 63

189 386 337 468 Corpore
353 383 519 465 sejunctus
536 380 628 444 dolor
644 382 741 456 absit,
757 392 864 444 mente
880 381 1008 444 fruatur

189 487 343 552 Jucundo
360 507 468 560 sensU,
486 506 564 547 cura
581 494 714 560 semota,
731 487 907 566 metuque?

141 604 172 649 νο
234 589 326 672 Ergo
342 609 532 671 corpoream
547 586 589 649 ad
605 596 754 649 naturam
768 607 872 669 pauca
887 586 1032 648 videmus

190 691 275 755 Esse
292 715 374 775 opus
391 691 530 766 omnino,
548 713 621 774 quae
637 691 769 753 demant
784 711 945 772 quemque
963 686 1118 761 dolorem,

189 793 332 858 Delicias
349 815 478 876 quoque
494 793 542 855 uti
557 791 673 855 multas
691 794 899 856 substernere
916 792 1054 874 possint,

190 896 326 959 Gratius
342 896 503 959 interdum
519 916 625 979 neque
642 896 772 959 Natura
786 896 858 978 ipsa
872 895 1018 977 requirit.

190 998 304 1061 Sinon
320 1021 417 1061 aurea
433 1008 509 1061 sunt
520 999 677 1082 juvenum
693 996 863 1060 simulacra
877 1019 936 1080 per
952 997 1051 1059 aedeis

141 1115 172 1160 25
189 1103 375 1186 Lampadas
391 1101 546 1185 igniferas
562 1102 709 1164 manibus
726 1100 897 1163 retinentia
912 1099 1048 1172 dextris,

190 1205 329 1268 Lumina
343 1204 509 1266 nocturnis
525 1202 629 1286 epulis
647 1212 682 1264 ut
699 1201 961 1285 suppeditentur,

190 1307 263 1370 Nec
280 1307 394 1369 domus
411 1315 547 1388 argento
563 1303 678 1386 fulget,
696 1324 840 1386 auroque
856 1302 1002 1378 renidet;

188 1408 263 1473 Nec
278 1407 409 1471 citharis
423 1408 561 1470 reboant
574 1404 726 1488 laqueata
742 1415 920 1487 aurataque
937 1403 1074 1488 templa:

190 1509 345 1574 Attamen
360 1510 444 1572 inter
461 1530 495 1572 se
509 1509 664 1591 prostrati
679 1509 712 1570 in
727 1508 870 1591 gramine
886 1506 973 1570 molli

141 1625 173 1670 30
192 1612 333 1696 Propter
348 1634 442 1695 aquae
454 1613 568 1687 rivum,
583 1612 644 1674 sub
660 1612 755 1693 ramis
772 1612 896 1675 arboris
914 1609 998 1687 altae,

190 1716 269 1779 Non
283 1715 407 1798 magnis
424 1716 541 1798 opibus
553 1714 700 1798 jucunde
717 1713 865 1797 Corpora
881 1723 1012 1776 curant:

192 1817 377 1880 Praesertim
391 1839 464 1881 cum
479 1827 655 1900 tempestas
672 1816 805 1892 arridet,
822 1826 855 1879 et
871 1815 946 1878 anni

190 1918 357 2003 Tempora
371 1929 591 2003 conspergunt
606 1918 794 1981 viridanteis
810 1916 945 1980 floribus
961 1917 1097 1992 herbas;

189 2021 264 2085 Nec
280 2021 393 2086 calidae
409 2022 503 2085 citius
520 2020 686 2084 decedunt
702 2041 839 2103 corpore
855 2019 976 2095 febres,

143 2135 173 2180 35
192 2123 379 2188 Textilibus
397 2124 423 2184 si
438 2123 470 2185 in
486 2124 633 2207 picturiS,
651 2106 805 2204 ostroque
820 2122 949 2185 rubenti

190 2225 343 2301 dactaris,
359 2248 456 2308 quam
472 2227 499 2287 si
513 2224 642 2308 plebeia
656 2226 689 2286 in
704 2233 794 2286 veste
811 2224 964 2287 cubandu
979 2224 1028 2285 ’st

235 2327 447 2408 Quapropter
463 2328 614 2408 quoniam
630 2324 673 2387 nil
690 2335 802 2387 nostro
818 2326 1002 2407 incorpore
1019 2323 1122 2386 Gazae

192 2428 384 2502 Proficiunt,
402 2450 507 2510 neque
524 2426 701 2502 Nobilitas,
718 2449 823 2509 neque
840 2424 955 2488 Gloria
969 2427 1079 2509 regni3

191 2531 292 2604 Quod
310 2540 469 2613 superest,
487 2531 591 2592 animo
607 2552 738 2613 quoque
754 2529 797 2591 nil
813 2529 971 2612 prodesse
986 2530 1184 2612 putandum:

104 2747 188 2810 quenti
201 2763 272 2796 versu
285 2751 394 2810 Mensque
409 2748 470 2811 legit
487 2749 567 2811 Fayus
583 2764 641 2796 con·
676 2749 701 2796 in
713 2749 776 2796 libro
787 2749 840 2812 περὶ
852 2747 968 2811 alpenses.
999 2748 1026 2796 ‘H
1039 2746 1142 2830 μὲνγὰρ
1157 2747 1215 2795 ἆτα·

105 2822 142 2860 tra
153 2828 238 2862 omnes
249 2813 318 2861 codd.
337 2813 386 2861 Alii
400 2815 536 2878 approbant
552 2823 579 2861 ut
595 2817 641 2876 qui,
675 2813 742 2876 ραξῐα
761 2814 800 2862 καὶ
820 2812 906 2861 ἀπονία
925 2831 1132 2873 καταστηματικαι
1156 2811 1216 2861 εἰσιν

104 2877 147 2925 alii
158 2887 184 2926 ut
195 2883 239 2936 cui,
252 2887 277 2925 et
288 2895 332 2942 pro
343 2886 427 2926 remota
439 2879 524 2941 legunt
535 2881 642 2927 semotu':
676 2878 763 2937 ἡδοναὶ,
783 2878 798 2936 ἡ
816 2878 842 2927 δὲ
860 2878 924 2940 χαρὰ
943 2879 981 2927 καὶ
1001 2876 1134 2941 εὐφροσύνη
1155 2876 1217 2925 κατὰ

105 2942 186 2990 forsan
196 2943 292 2991 rectius.
322 2944 435 3002 Σῶματος
450 2942 527 3004 ὑγιεία
543 2943 582 2991 καὶ
599 2948 642 3006 qv·
676 2942 769 3001 κίνησιν
782 2943 889 3006 ἐνεργείᾳ
900 2943 1040 2999 βλέπονται.

105 3009 153 3068 xvir
164 3006 282 3070 ἀταραξία,
295 3011 339 3056 τοῦ
349 3007 466 3069 μακαρίως
478 3007 522 3072 ζῃν
534 3010 586 3057 ἐστι
602 3005 642 3056 τέ·
710 3011 747 3055 21.
775 3013 831 3060 Quae
848 3012 940 3056 demant
956 3007 1077 3071 quemque]
1097 3011 1154 3060 Quce
1175 3010 1215 3055 de-

105 3080 155 3130 λος,
165 3072 253 3121 τούτου
263 3073 310 3135 γὰρ
321 3072 392 3135 χάριν
404 3071 498 3121 ἅπαντα
508 3072 644 3135 πράττομεν
676 3083 739 3120 mant
750 3090 843 3135 ermque,
855 3073 910 3120 alii:
929 3075 1007 3136 magis
1019 3073 1106 3137 placet.

105 3137 168 3185 ὥστε
190 3136 252 3197 μήτε
274 3135 394 3198 ἃλγῶμεν,
423 3136 484 3197 μήτε
511 3142 642 3199 ταρβῶμεν.
710 3141 748 3187 22.
766 3137 869 3200 Multos]
886 3141 978 3196 Nullas,
993 3138 1133 3195 Lambinus,
1146 3137 1217 3185 Gifa·

106 3203 139 3249 Et
158 3217 249 3261 rursus,
273 3202 360 3261 ἡδονὴν
382 3202 488 3262 λέγομεν
508 3203 586 3264 ἀρχὴν
605 3202 644 3250 καὶ
677 3203 740 3261 nius,
758 3204 858 3260 Parcus,
877 3203 932 3258 alii;
956 3212 981 3250 et
1001 3204 1064 3250 hanc
1086 3202 1217 3250 lectionem

104 3266 177 3316 τέλος
196 3270 240 3315 τοῦ
259 3266 376 3330 μακαρίως
395 3264 445 3330 ζῇν.
470 3268 593 3330 Epicurus
613 3267 643 3314 ad
676 3267 729 3331 ipse
753 3269 832 3316 Faber
854 3268 1023 3330 amplectitur;
1054 3271 1139 3314 multas
1166 3265 1216 3324 alii,

107 3332 267 3380 Menaeceum.
677 3333 741 3393 quod
755 3331 1011 3392 retinendumjudico,
1024 3340 1049 3378 et
1060 3348 1083 3380 v.
1096 3333 1134 3378 31.
1164 3332 1218 3378 Non

139 3399 177 3444 19.
194 3395 386 3457 Jucundosensu]
399 3396 516 3459 Epicurei
529 3411 577 3443 non
590 3412 643 3443 eam
676 3401 765 3458 magnis
788 3401 867 3457 opibus
883 3397 987 3457 jucunde
1008 3399 1107 3458 Corpora
1127 3403 1216 3454 curant,

105 3461 181 3508 solam
214 3462 378 3522 sequebantur
405 3460 563 3522 voluptatem,
591 3475 644 3521 quae
677 3461 815 3510 admonitus
827 3460 954 3508 contendo.

105 3525 225 3574 suavitate
237 3524 318 3587 aliqua
331 3534 443 3572 naturam
460 3524 538 3587 ipsam
556 3535 644 3582 movet,
711 3528 749 3573 28.
759 3524 996 3587 Aurataquetempla]
1005 3529 1140 3589 Aurataque
1148 3534 1215 3584 tecta,

105 3590 148 3638 sed
161 3589 268 3638 maxima
284 3589 327 3636 illa
342 3588 373 3637 iis
385 3589 512 3637 videbatur
524 3589 643 3653 voluptas,
677 3588 734 3636 olim
747 3590 807 3653 legit
819 3591 966 3638 Macrobius.

105 3671 158 3717 quae
179 3654 314 3718 percipitur
331 3654 398 3701 omni
418 3654 500 3702 dolore
520 3653 643 3702 detracto:
711 3657 749 3703 29.
773 3655 895 3718 Attamen]
916 3659 973 3704 Tum
990 3664 1084 3704 tamen:
1112 3674 1162 3705 cum
1179 3664 1216 3704 ta-

105 3719 308 3768 Tull.I.deFin.
333 3720 429 3767 Etcum
440 3719 569 3781 aliquando
581 3719 645 3767 dixit
677 3737 733 3768 men.
772 3725 833 3772 Quin
854 3729 946 3776 tranen,¹
972 3721 1020 3769 alii.
1057 3723 1119 3776 Quae
1134 3737 1182 3770 vox
1202 3737 1218 3770 a

105 3785 235 3849 Epicurus,
248 3785 296 3832 τᾶν
306 3784 397 3845 ἀγαθὸν
412 3784 451 3832 καὶ
468 3784 542 3832 κακον
554 3786 580 3832 ἐν
592 3783 643 3833 αἰσ-
678 3785 805 3834 Macrobio
816 3788 940 3849 probatur.

104 3850 179 3908 θήσει
209 3849 289 3913 Epist.
301 3850 332 3897 ad
347 3850 514 3905 Menaeceum3
534 3865 582 3897 vox
598 3850 645 3898 ista
711 3853 748 3898 31.
768 3854 820 3899 Non
831 3855 921 3915 magnis
932 3855 1018 3914 opibus,
1028 3850 1084 3913 etc]
1098 3851 1143 3899 Kal
1155 3848 1219 3911 μάζα

104 3916 214 3973 αἴσθησις
231 3915 304 3963 latius
323 3916 448 3973 sumenda,
467 3925 492 3962 et
512 3914 645 3979 opponitur
678 3916 717 3964 nal
729 3917 788 3979 ὕδωρ
798 3916 844 3974 τὴν
855 3914 989 3979 ἀκροτάτην
1000 3917 1152 3966 ἂτοδιδοῦσιν
1162 3915 1217 3973 ἡδο-

104 3980 243 4041 mortiquae
259 3988 296 4028 est
313 3979 428 4042 στήρησις
444 3982 488 4037 τῆς
505 3979 642 4037 αἰσθήσεως.
678 3981 726 4039 νήν.
756 3981 878 4044 Epicurus
890 3983 920 4029 ad
938 3982 1098 4029 Menaeceum.
1128 3983 1161 4029 Et
1178 3980 1216 4027 in-

105 4045 229 4108 Epicurus
239 4046 305 4093 euim
315 4045 346 4093 de
354 4049 469 4106 voluptate
479 4061 493 4092 a
504 4045 646 4108 Cyreuiacis
680 4056 716 4094 ter
727 4046 807 4110 κυρίας
818 4047 886 4107 δόξαν
896 4046 962 4095 illius
973 4047 1046 4110 legas.
1078 4045 1106 4094 Ὀ
1117 4048 1161 4103 τῆς
1172 4042 1218 4105 φύ-

105 4109 227 4167 dissentit,
238 4110 261 4158 ot
270 4108 370 4173 μὲνγὰρ
379 4110 424 4167 τὴν
435 4109 646 4170 καταστηματικὴν
679 4128 739 4160 oros
747 4113 851 4160 πλοῦτος
863 4111 901 4160 καὶ
913 4112 1017 4175 ὥρισται,
1028 4111 1067 4159 καὶ
1079 4104 1218 4170 εὐποριστός

105 4175 148 4222 οὐκ
165 4174 307 4238 ἐγκρίνουσι,
320 4175 395 4235 μόνην
406 4172 432 4223 δὲ
447 4174 494 4232 τὴν
509 4176 534 4222 ἐν
545 4174 644 4232 κινήσει·
679 4177 751 4225 ἐστιν.

106 4239 119 4285 ὁ
141 4237 167 4286 δὲ
189 4238 335 4302 ἀμφοτέραν,
357 4242 438 4302 ψυχῆς
460 4239 500 4287 καὶ
528 4239 644 4300 σώματος.
711 4243 749 4289 39.
770 4244 836 4292 Quod
851 4248 962 4302 superest,
975 4244 1056 4295 animo,
1073 4235 1131 4298 etc]
1149 4234 1218 4283 Huic

107 4303 244 4351 Labrtmit.
262 4305 371 4367 Epicuri.
401 4307 435 4353 Et
452 4304 575 4368 Epicurus
592 4304 645 4368 ipse
679 4315 728 4354 tres
745 4306 850 4368 optimos
862 4305 982 4352 Varronis
999 4300 1116 4365 Epicurei
1133 4316 1218 4349 versus
