2872 4852
218 231 284 294 mo
481 208 484 210 ’
604 226 647 290 r.
678 225 947 291 nucsurn

254 396 286 441 50
346 384 430 447 Haec
445 383 544 466 igitur
557 383 613 465 qui
627 392 744 447 cuncta
759 381 938 465 subegerit,
955 400 997 444 ex
1013 381 1183 467 animoque

303 484 480 570 Expulerit
495 484 602 561 dictis,
619 505 684 547 non
699 470 816 560 armis3
839 504 947 546 nonne
963 482 1103 560 decebit,

305 587 406 651 Hunc
422 587 597 650 Hominem
611 608 745 650 numero
760 583 883 648 Divrim
898 584 1063 668 dignarier
1077 589 1174 651 essel

305 688 389 751 Cum
403 679 488 753 bene
504 689 686 772 praesertim
700 686 812 762 multa,
828 708 865 750 ac
881 686 1035 750 divinitus
1051 686 1131 770 ipsis

305 788 535 853 Immortalibu'
551 790 593 853 de
609 789 704 853 Divis
720 789 799 852 dare
815 788 904 851 dicta
920 788 1040 851 suerit:

255 902 288 947 55
307 890 420 975 Atque
435 913 561 955 omnem
574 913 683 955 rerum
698 889 862 953 Naturam
877 889 1022 973 pandere
1039 889 1145 953 dictis.

349 994 478 1066 Quoius
493 1015 555 1077 ego
571 993 737 1076 ingressus
752 991 900 1075 vestigia,
916 1012 1003 1054 nunc
1018 991 1160 1054 rationes

306 1093 502 1177 Persequor,
519 1116 557 1158 ac
572 1094 675 1158 doceo
691 1093 797 1170 dictis,
814 1114 880 1175 quo
895 1114 1033 1176 quaeque
1048 1101 1159 1156 ereata

305 1195 445 1260 Foedere
462 1197 536 1273 sint,
552 1196 585 1259 in
600 1217 639 1258 eo
655 1217 750 1278 quam
766 1195 808 1258 sit
824 1196 943 1258 durare
958 1216 1147 1272 necessum3

304 1296 379 1362 Neo
393 1296 516 1361 validas
533 1299 593 1360 aevi
607 1296 736 1361 valeant
751 1297 936 1361 rescindere
950 1295 1053 1379 leges.

256 1411 289 1458 6⁰
308 1399 385 1473 Quo
400 1421 520 1484 genere
535 1401 568 1463 in
583 1400 694 1484 primis
711 1398 821 1464 Animi
836 1411 952 1463 notura
966 1409 1098 1483 reperta
1112 1399 1163 1475 ’st,

304 1502 427 1566 Nativo
441 1503 580 1586 primum
594 1503 770 1566 consistere
787 1523 924 1585 corpore
940 1512 1049 1578 creta3

304 1603 379 1668 Nec
393 1626 490 1687 posse
505 1602 673 1674 incolumis
689 1625 841 1687 magnum
856 1603 976 1667 durare
991 1624 1052 1686 per
1067 1623 1190 1666 aevum:

306 1704 374 1768 Sed
390 1703 568 1769 Simulaora
583 1702 686 1767 solere
702 1705 735 1766 in
751 1703 879 1767 Somnia
895 1703 1006 1768 fallere
1019 1713 1170 1780 mentem,

309 1806 453 1870 Cernere
467 1827 540 1871 cum
555 1804 722 1868 videamur
736 1827 821 1882 eum,
836 1827 933 1889 quem
947 1807 1014 1869 vita
1028 1804 1169 1888 reliquit.

259 1919 292 1965 65
351 1906 453 1980 Quod
469 1916 630 1989 superest,
646 1928 733 1970 nunc
749 1928 799 1969 me
812 1905 878 1971 huc
893 1907 1045 1971 Rationis
1061 1905 1179 1971 detulit
1194 1906 1290 1984 ordo,

309 2008 357 2072 Ut
372 2008 460 2086 mihi,
476 2007 602 2072 mortali
618 2009 795 2072 consistere
811 2030 949 2093 corpore
964 2008 1139 2085 Mundum,

307 2109 529 2194 Nativumque
546 2108 650 2188 simul,
666 2111 749 2175 ratio
764 2111 937 2174 reddunda
952 2111 1004 2187 sit,
1021 2132 1104 2174 esse.

351 2211 399 2275 Et
413 2213 532 2296 quibus
548 2210 601 2276 ille
617 2212 721 2276 modis
737 2233 932 2296 congressus
949 2211 1105 2276 Materiai

307 2311 468 2378 Fundtrit
482 2313 631 2392 Terram,
648 2313 787 2391 Coelum,
803 2312 912 2391 Mare,
930 2313 1057 2390 Sidera,
1075 2313 1194 2392 Solem,

258 2425 291 2476 70
311 2415 482 2501 Lunaique
497 2416 648 2501 globum3
673 2426 741 2480 tum
756 2438 829 2501 quae
844 2415 960 2481 tellure
976 2414 1168 2482 Animantes

310 2518 517 2594 Exstiterint,
534 2529 568 2582 et
582 2540 657 2602 quae
672 2517 760 2582 nullo
776 2519 841 2581 sint
855 2528 1001 2602 tempore
1016 2529 1113 2582 natae.
1200 2516 1202 2518 ’

307 2618 426 2692 Quove
441 2620 539 2684 modo
554 2642 657 2704 genus
674 2620 863 2685 Humanum
878 2621 1022 2685 variante
1036 2618 1166 2704 loquela

308 2721 456 2805 Coeperit
470 2722 554 2786 inter
570 2744 604 2787 se
619 2722 707 2787 vesci
721 2744 782 2806 per
795 2722 925 2786 nomina
939 2742 1059 2786 rerum.

352 2822 399 2886 Et
413 2823 532 2906 quibus
546 2822 600 2887 ille
614 2824 719 2887 modis
735 2822 856 2887 Divrim
871 2833 977 2888 metus
990 2821 1161 2887 insinuatrit

259 2933 292 2983 75
310 2922 462 3000 Pectora,
479 2933 639 2988 terrarum
654 2926 711 3009 qui
724 2925 758 2988 in
773 2926 845 2989 orbi
861 2935 972 2990 sancta
987 2935 1098 2990 tuetur

308 3024 409 3102 Fano,
427 3025 547 3102 Lacus,
565 3026 686 3102 Lucos,
702 3024 801 3104 Aras
818 3026 1061 3111 Simulacraque
1076 3025 1208 3091 Dirrim.

351 3126 528 3203 Praeterea,
547 3125 631 3190 Solis
647 3148 773 3204 cursus,
791 3127 962 3213 Lunaeque
976 3138 1102 3192 meatus

309 3229 505 3314 Expediam,
520 3248 587 3313 qua
600 3228 631 3291 vi
644 3228 755 3294 flectat
769 3229 899 3294 Natura
913 3232 1117 3315 gubernans:

255 3438 293 3484 56.
313 3438 640 3504 Quoiuregotngressus,etc.]
651 3440 708 3487 Ver.
719 3440 757 3488 36.
792 3448 829 3487 tes
846 3439 959 3503 explicet,
975 3440 1042 3488 haud
1058 3438 1128 3487 facile
1144 3437 1213 3486 tollet
1230 3453 1332 3489 omnem

221 3499 298 3575 habes
330 3502 387 3550 libri
419 3513 597 3566 argumentum.
643 3503 760 3553 Probabit
791 3503 822 3552 de
831 3504 986 3568 providentia
995 3503 1149 3568 opinionem
1167 3518 1224 3551 nam
1233 3503 1331 3568 religio,

221 3579 288 3637 eprm
307 3566 383 3640 Poeta
400 3569 520 3617 mundum
540 3569 671 3632 aliquando
691 3569 757 3616 ince-
792 3576 820 3616 ut
835 3569 915 3632 primo
931 3569 994 3618 libro
1009 3571 1128 3626 observat,
1149 3569 1225 3630 Caput
1244 3585 1256 3617 e
1276 3573 1333 3618 corti

221 3629 442 3766 ltn‘fitllll‘lt
457 3633 759 3759 ‘bubulinis
791 3637 1100 3759 '‘lltbbtbu]
1119 3696 1178 3755 m,
1195 3699 1249 3744 a„
1266 3701 1331 3747 aa.

221 3755 350 3815 december,
367 3757 463 3807 docebit
482 3776 536 3823 quse
556 3759 672 3810 animalia
691 3759 758 3808 nasei
791 3777 850 3818 ones,
861 3770 887 3809 et
896 3761 978 3810 forsan
990 3762 1085 3811 melius

221 3828 362 3886 potuerunt,
384 3835 439 3884 qnoe
465 3823 538 3873 finxit
565 3828 692 3901 poetarum
715 3839 757 3872 vo·
824 3824 1331 3889 ⁷1.nsqamtu,ue.]1nulnge0hi·

221 3884 286 3934 nitas
309 3891 334 3932 et
356 3884 430 3949 Vulgi
453 3888 608 3951 superstitio:
637 3889 758 3952 quomodo
789 3903 884 3949 mseras,
892 3888 1035 3949 Centauros,
1045 3891 1146 3954 Scyllas,
1157 3890 1329 3955 Hermaphro-

222 3949 322 3998 nomina
335 3951 409 3998 rebus
424 3950 547 4015 imposita,
566 3960 591 4000 et
608 3961 694 4001 mutua
713 3967 758 4018 per
789 3954 876 4011 ditum,
889 3963 934 4002 etc.

221 4029 294 4063 voees
305 4015 465 4070 commercie;
483 4016 548 4064 unde
561 4015 648 4079 religio
665 4025 690 4064 et
705 4032 756 4066 me·
823 4017 862 4069 78.
877 4020 943 4067 inter
954 4017 1213 4083 seoesdpernomtno]
1226 4018 1270 4068 Uti
1288 4033 1330 4070 re·

222 4088 262 4127 tus
272 4080 381 4127 Deorum
390 4079 461 4127 dicet.
489 4078 603 4143 Denique
612 4081 756 4141 solisluna,
789 4099 844 4132 rum
861 4082 1009 4143 nominibus,
1030 4092 1055 4133 et
1073 4099 1198 4133 sermones
1214 4084 1329 4136 miscere.

222 4143 330 4192 siderum
344 4157 428 4192 cursus
445 4144 590 4207 explicabit3
614 4160 689 4208 eaque
705 4147 757 4194 sola
791 4149 831 4197 Ita
840 4147 901 4211 legit
913 4155 937 4196 et
953 4148 1130 4213 interpretatur
1145 4150 1211 4198 hunc
1230 4163 1330 4200 versum

221 4207 247 4256 vl
258 4217 358 4267 nature,
374 4208 441 4257 nulla
453 4224 511 4257 vero
526 4209 681 4273 providentia
692 4211 757 4259 volvi
790 4212 887 4260 Nonius
898 4212 925 4260 in
937 4226 996 4262 voce
1007 4217 1073 4262 essct

221 4273 403 4322 demonstrabit
432 4273 489 4322 Nisi
500 4273 566 4324 enirn
579 4283 658 4322 motus
671 4275 755 4324 coeles-
823 4276 860 4326 78.
880 4278 974 4325 Natura
988 4276 1133 4340 gubernans]
1151 4278 1199 4326 Per
1217 4285 1328 4328 semrom
