2872 4852
210 232 276 296 262
592 227 635 294 T.
661 226 932 294 LUCRETII

232 396 280 444 63⁶
299 384 457 450 Mobilius
473 384 632 462 videatur,
650 385 692 449 ad
708 383 806 448 Hanc
821 384 897 468 quia
913 384 1014 468 Signa
1028 385 1183 450 revisunt.

339 487 395 551 Fit
409 509 540 571 quoque
557 497 594 550 ut
609 509 626 551 e
641 487 753 551 mundi
769 488 961 550 transversis
976 487 1125 570 partibus
1141 485 1213 551 Aer

296 587 443 652 Alternis
461 599 551 653 certo
566 589 669 653 fluere
684 588 767 652 alter
782 600 928 672 tempore
943 589 1058 672 possit,

298 691 366 764 Qui
381 702 480 775 queat
496 692 615 754 aestivis
630 690 739 754 Solem
754 691 931 754 detrudere
949 690 1058 774 Signis

297 792 479 856 Brumaleis
495 815 600 876 usque
615 793 658 856 ad
673 791 791 868 flexus,
808 789 1016 876 gelidumque
1031 792 1172 876 rigorem
1182 806 1194 856 r*

233 905 281 952 640
300 895 347 958 Et
359 895 416 978 qui
430 895 555 979 rejiciat
570 892 685 978 gelidis
701 916 721 956 a
734 892 880 978 Frigoris
895 894 1018 957 umbris

298 995 475 1060 AEstiferas
491 1017 595 1080 usque
610 996 644 1059 in
658 991 792 1078 parteis,
808 1004 842 1058 et
856 993 981 1058 fervida
996 995 1107 1078 Signa.

298 1098 345 1161 Et
360 1098 484 1161 ratione
499 1097 571 1180 pari
587 1095 725 1173 Lunam,
742 1095 926 1180 Stellasque
942 1096 1124 1180 putendum
1138 1096 1190 1172 ’st,

299 1199 385 1272 Quae
399 1197 532 1263 volvunt
546 1221 681 1283 magnos
696 1199 729 1261 in
744 1198 868 1282 magnis
885 1199 1019 1262 orbibus
1034 1220 1147 1275 annos,

297 1299 444 1365 Aeribus
458 1322 555 1384 posse
571 1300 703 1364 alternis
719 1300 901 1383 apartibus
916 1299 974 1363 ire.

234 1416 281 1463 645
300 1403 422 1468 Nonne
436 1404 528 1467 vides
545 1403 642 1467 etiam
657 1401 793 1466 diversis
807 1399 919 1465 nubila
932 1401 1036 1464 ventis

299 1505 457 1570 Diversae
471 1506 518 1569 ire
534 1506 567 1569 in
583 1505 717 1590 parteis,
733 1503 860 1568 inferna
875 1503 1046 1587 supernis?
1124 1568 1126 1572 r

299 1606 369 1681 Qut
383 1608 487 1671 minus
502 1607 557 1670 illa
571 1617 692 1691 queant
706 1628 766 1690 per
780 1627 914 1690 magnos
930 1604 1062 1668 aetheris
1078 1604 1185 1668 orbeis

298 1709 452 1773 AEstibus
468 1710 552 1772 inter
568 1731 603 1773 se
619 1710 755 1773 diversis
771 1708 888 1772 Sidera
901 1706 1000 1771 ferri?

341 1809 390 1874 At
405 1811 486 1875 Nox
501 1812 610 1875 obruit
624 1812 747 1895 ingenti
761 1811 897 1895 caligine
913 1819 1029 1888 terras,

235 1925 283 1971 650
303 1910 374 1976 Aut
388 1913 446 1976 ubi
460 1913 502 1976 de
518 1912 616 1996 longo
631 1934 730 1977 cursu
746 1911 803 1976 Sol
818 1913 938 1976 extima
953 1909 1028 1975 coeli

297 2014 441 2098 Impulit,
456 2024 554 2098 atque
571 2037 647 2078 suos
664 2014 785 2078 efflavit
799 2014 973 2097 languidus
988 2013 1091 2096 igneis

299 2116 484 2180 Concussos
500 2117 593 2193 itere,
610 2127 643 2180 et
658 2114 836 2180 labefactos
851 2119 927 2178 a'e're
942 2112 1061 2178 multor

300 2217 371 2282 Aut
385 2219 462 2302 quia
477 2220 538 2282 sub
552 2229 656 2282 terras
673 2240 803 2283 cursum
819 2226 1007 2281 convertere
1022 2216 1110 2300 cogit

299 2319 361 2385 Vis
377 2322 503 2397 eadem,
521 2343 640 2405 supera
654 2331 758 2385 terras
774 2342 848 2405 quae
863 2317 998 2403 pertulit
1012 2319 1134 2382 orbem.

232 2433 280 2480 655
338 2421 504 2506 Tempore
518 2423 595 2486 item
611 2434 701 2487 certo
716 2445 842 2487 roseam
859 2421 991 2486 Matuta
1006 2443 1067 2504 per
1081 2442 1155 2484 oras

298 2523 450 2588 AEtheris
466 2522 630 2588 Auroram
646 2525 763 2601 defert,
779 2535 813 2588 et
827 2523 947 2586 lumina
962 2522 1088 2605 pandit,

298 2626 370 2690 Aut
384 2627 461 2710 quia
477 2626 534 2689 Sol
548 2627 635 2690 idem
651 2628 712 2691 sub
728 2637 832 2690 terras
847 2623 900 2688 ille
915 2633 1082 2688 revertens

298 2725 469 2810 Anticipat
484 2727 601 2790 coelum
617 2727 715 2790 radiis
731 2725 910 2791 accendere
926 2735 1074 2789 tentans:

298 2825 371 2891 Aut
385 2829 462 2912 quia
476 2829 671 2892 conveniunt
684 2828 787 2912 ignes,
803 2837 837 2892 et
854 2827 975 2892 semina
988 2825 1089 2890 multa

246 3075 301 3123 635.
326 3078 366 3124 Ad
383 3077 453 3126 Hanc
469 3080 525 3140 quie
543 3079 616 3141 Signa
635 3077 750 3142 revisunt]
817 3079 872 3127 655.
898 3079 1006 3140 Tempore
1023 3081 1077 3126 item
1094 3084 1163 3135 certo,
1180 3075 1237 3140 etc]
1255 3077 1324 3126 Ante

213 3139 273 3197 Alii,
284 3149 412 3189 recurrunt.
443 3143 492 3190 Sed
507 3145 580 3190 ubere
596 3145 634 3200 ad,
648 3152 674 3191 et
689 3147 749 3192 reui-
784 3143 849 3192 Solis
860 3152 972 3193 exortum
984 3142 1100 3206 splendor
1109 3141 1214 3205 qnidam,
1224 3141 1266 3204 qui
1278 3157 1323 3190 au·

213 3221 262 3253 ecre
274 3208 312 3263 ed,
325 3206 411 3270 optimi
428 3218 533 3266 autores,
546 3216 571 3255 et
586 3206 640 3272 ipse
658 3209 750 3256 Lucre·
783 3223 840 3256 rora
858 3208 955 3264 dicitur,
976 3205 1082 3255 illustrat
1104 3206 1186 3264 coelos,
1207 3205 1324 3269 quoniam

213 3268 269 3327 tius,
281 3269 322 3318 lib.
337 3271 373 3318 II.
387 3280 411 3319 et
422 3271 463 3320 lib.
476 3271 523 3319 VI.
784 3273 821 3321 sol
834 3273 879 3321 sub
896 3282 973 3320 terras
990 3272 1020 3320 ab
1037 3286 1125 3319 occasu
1141 3271 1167 3318 in
1185 3280 1264 3319 ortum
1282 3286 1322 3318 re-

216 3356 225 3382 :
245 3335 301 3384 643.
323 3335 537 3399 Magnos—annor]
556 3336 687 3385 Stellarum
705 3352 749 3401 pe·
784 3347 889 3393 vertens,
902 3345 1033 3397 antequam
1044 3335 1098 3399 ipse
1109 3333 1322 3398 appareateffun·

211 3397 302 3456 riodos,
315 3408 341 3447 et
352 3401 458 3459 Saturni,
470 3401 548 3459 Jovis,
561 3401 698 3465 Martisque
711 3418 750 3450 re·
784 3403 826 3450 dat
842 3401 930 3461 radios,
948 3400 987 3448 vel
1005 3399 1061 3462 quia
1077 3399 1188 3462 dispersa
1206 3400 1324 3447 hesterno

213 3461 350 3511 volutiones
362 3465 484 3528 respicere
495 3465 599 3515 videtur.
783 3466 871 3514 itinere
891 3465 956 3529 ignis
976 3463 1071 3512 semina
1090 3463 1125 3512 ibi
1144 3463 1279 3520 confluunt,
1298 3472 1325 3511 et

246 3525 301 3574 649.
324 3531 359 3575 Ar
375 3532 428 3577 Nor
444 3529 532 3592 obruit]
551 3530 626 3578 Diem
642 3529 753 3592 sequitur
784 3531 853 3593 prius
865 3546 936 3592 quam
948 3531 1084 3579 formtrunt
1099 3536 1142 3576 aut
1158 3528 1325 3576 accenderunt

212 3602 271 3646 nox,
283 3590 347 3651 quia,
361 3607 383 3639 v.
397 3594 420 3640 6.
433 3594 469 3641 sol
481 3593 554 3656 longo
566 3609 639 3642 cursu
654 3593 751 3656 langui·
784 3594 842 3642 solis
858 3595 965 3657 globum,
982 3592 1056 3641 debili
1073 3592 1128 3640 luce
1144 3593 1236 3641 aethera
1251 3590 1322 3641 illus·

212 3651 266 3709 dus,
284 3669 413 3704 occasurus
430 3657 496 3704 enim
512 3658 670 3720 languescere
682 3657 751 3705 vide·
784 3666 857 3706 trent.
887 3657 1050 3708 Posteriorem
1060 3672 1157 3705 causam
1168 3656 1257 3714 fabula,
1268 3672 1324 3719 quae

212 3723 260 3772 tur,
274 3716 433 3792 extinguitur,
445 3720 485 3768 vel
497 3721 554 3782 quia
565 3722 650 3770 eadem
662 3721 687 3768 vi
704 3737 751 3782 qua
783 3723 849 3786 apud
866 3721 1029 3797 Pomponium
1047 3721 1147 3796 Melam,
1164 3721 1206 3797 lib.
1220 3721 1250 3768 V.
1267 3737 1322 3834 eug.

182 3783 751 3912 ⁸irritenttttttlrtrtlssittr
782 3785 1322 3912 legitimnumtilemall‘n'llt.

211 3907 238 3956 in
247 3907 350 3972 epistola
360 3909 391 3956 ad
401 3911 550 3972 Pythoclem,
558 3922 638 3960 ortum
648 3922 673 3960 et
681 3928 749 3961 occa·
782 3913 830 3963 lius
846 3915 974 3966 confluxus
990 3915 1104 3979 cuiquam
1120 3914 1270 3964 incredibilis
1283 3915 1322 3964 vi·

212 3973 334 4021 rumsolis
344 3973 442 4022 etlunoe
454 3976 506 4022 κατ’
516 3973 645 4035 ἐμφάνειάν
653 3996 681 4025 τε
693 3975 751 4040 ὑπὲρ
782 3979 876 4038 dentur,
894 3980 915 4029 is
932 3981 1071 4030 consideret
1087 3995 1137 4027 non
1154 3978 1274 4028 minorem
1294 3979 1322 4029 in

211 4039 265 4097 γῆς,
275 4036 314 4085 καὶ
323 4034 397 4086 πόλιν
406 4036 534 4100 terirentur,
544 4039 584 4087 vel
594 4040 648 4088 κατ’
657 4040 748 4104 ἄναψιν,
781 4043 865 4092 multis
882 4044 937 4094 aliis
957 4047 1030 4094 rebus
1050 4044 1212 4093 constantiam
1233 4044 1321 4108 depre-

212 4100 251 4149 καὶ
262 4100 324 4150 κατὰ
335 4100 422 4157 σβέσιν
432 4117 504 4166 posse
516 4103 570 4151 fieri
581 4105 714 4154 contendit.
781 4107 864 4156 hendi.

213 4229 218 4240 .
244 4167 299 4214 650.
317 4165 425 4230 Eetr’ma]
438 4166 496 4215 Sive
507 4170 589 4217 ultima
605 4168 679 4232 legas,
691 4186 747 4235 per·
816 4172 879 4220 lbid.
903 4172 1011 4235 Maturo]
1037 4174 1091 4231 Ino,
1114 4189 1158 4222 seu
1180 4173 1322 4224 Leucothea

211 4231 269 4280 inde
281 4239 324 4280 est
780 4236 845 4299 apud
857 4237 963 4285 Grecos
