2872 4852
448 221 617 287 LIBER
648 222 907 296 QUINTUS.
1167 226 1232 289 343

210 380 420 464 Fulguribus,
436 379 574 462 pingues
589 377 689 441 multa
705 377 840 460 caligine
856 377 972 453 Tedae,

209 480 375 546 Consimili
389 489 566 565 properant
581 481 717 556 ratione,
733 480 850 543 ardore
865 480 1022 556 ministra,

209 584 427 668 Suppeditare
444 603 562 645 novum
576 579 695 658 lumen,
712 592 850 645 tremere
864 582 996 665 ignibus
1011 583 1151 661 instant,

145 700 193 746 3⁰0
209 685 348 762 Instant,
365 707 425 748 nec
440 683 511 748 loca
526 681 583 746 lux
597 684 683 746 inter
696 686 789 768 quasi
804 696 902 768 rupta
916 684 1085 769 relinquit:

209 787 409 872 Usqueadeo
424 795 639 870 properanter
655 787 697 850 ab
712 788 861 852 omnibus
877 788 1007 871 ignibus
1022 788 1094 872 ejus

208 889 356 954 Exitium
370 887 468 953 celeri
484 886 642 951 toleratur
655 889 780 972 origine
794 888 942 953 flammae.

208 991 263 1054 Sic
276 990 388 1075 igitur,
405 987 524 1064 Solem,
542 986 681 1062 Lunam,
699 988 883 1072 Stellasque
898 991 1079 1073 putandum

207 1093 262 1156 Ex
279 1090 353 1169 alio,
369 1101 468 1174 atque
483 1088 545 1153 alio
560 1088 665 1153 lucem
675 1091 801 1173 jactare
817 1092 965 1167 subortu,

142 1203 191 1250 3⁰5
209 1194 256 1258 Et
270 1195 410 1277 primum
424 1192 580 1276 quicquid
594 1191 734 1255 flammai
749 1193 888 1276 perdere
905 1215 1051 1276 semper:

208 1290 409 1358 Inviolab'ilia
423 1293 495 1358 haec
511 1316 551 1357 ne
567 1293 682 1359 credas
697 1294 781 1358 forte
796 1295 915 1378 vigere.

250 1395 404 1482 Denique
419 1417 485 1458 non
499 1395 645 1479 Lapides
660 1417 791 1479 quoque
805 1396 889 1459 vinci
903 1396 1008 1460 cernis
1023 1396 1066 1459 ab
1081 1398 1172 1459 aevo?

176 1496 178 1498 ’
207 1495 287 1561 Non
300 1496 382 1561 altas
398 1497 535 1562 Turreis
551 1519 666 1574 ruere,
674 1508 708 1562 et
722 1507 912 1581 putrescere
927 1497 1037 1562 Saxa?

208 1599 287 1665 Non
302 1599 439 1664 delubra
454 1597 576 1677 Derim,
593 1598 837 1683 Simulacraque
851 1599 939 1664 fessa
954 1599 1082 1664 fatiscit

142 1712 190 1758 31⁰
208 1701 282 1766 Nec
298 1712 445 1766 sanctum
460 1686 580 1766 numen
593 1701 654 1765 fati
667 1700 844 1786 protollere
859 1701 953 1766 fineis

206 1802 322 1880 Posse,
337 1825 443 1887 neque
458 1803 615 1866 adversus
630 1813 755 1867 naturae
770 1803 897 1868 foedera
912 1804 994 1867 nitit

205 1905 359 1989 Denique
373 1927 438 1970 non
454 1903 669 1968 Monumenta
684 1903 788 1968 virrim
803 1904 930 1989 dilapsa
944 1905 1092 1968 videmus

204 2007 331 2073 Cedere
346 2028 518 2091 proporr0,
536 2007 710 2090 subitoque
726 2029 895 2072 senescere
912 2009 1014 2070 casu?

204 2108 283 2173 Non
298 2117 394 2173 ruere
410 2107 537 2172 avolsos
554 2107 669 2172 Silices
685 2131 705 2170 a
718 2109 883 2172 montibus
898 2107 983 2185 altis,

139 2221 187 2268 art
206 2209 280 2276 Nec
295 2211 418 2275 validas
433 2210 495 2274 aevi
508 2209 603 2273 vireis
619 2209 777 2292 perferre,
793 2210 927 2294 patique

204 2311 324 2376 Finitit
347 2311 551 2396 nequeenim
567 2311 723 2375 caderent
738 2309 848 2374 avolsa
863 2319 1010 2394 repente,

204 2413 259 2477 Ex
274 2413 400 2478 infinito
415 2437 489 2502 quae
505 2423 651 2498 tempore
667 2411 923 2496 pertolerassent

202 2515 323 2580 Omnia
337 2525 498 2579 tormenta
512 2516 616 2579 aetatis
632 2515 759 2599 privata
774 2513 912 2599 fragore.

246 2618 400 2703 Denique
404 2618 473 2702 jam
483 2628 576 2682 tuere
587 2616 664 2681 Hoc
673 2617 805 2694 circum,
816 2615 1091 2701 supraque,qu0d
1101 2635 1227 2680 omnem

137 2733 188 2780 sao
205 2720 359 2784 Continet
374 2717 527 2803 amplexu
543 2730 679 2796 terram3
703 2719 793 2802 quod
808 2729 960 2802 procreat
974 2739 1017 2782 ex
1032 2740 1067 2781 se
1135 2718 1137 2723 ’

202 2821 322 2887 Omnia
337 2820 439 2905 (quod
455 2821 587 2904 quidam
603 2819 792 2902 memorant)
808 2818 989 2903 recipitque
1003 2811 1166 2905 peremta:

201 2923 326 2988 Totum
340 2922 482 2986 nativum
497 2921 624 2987 mortali
638 2943 775 3005 corpore
789 2931 927 2986 constat.

149 3180 206 3228 299.
227 3182 331 3230 Tremere
346 3179 451 3244 ignitas]
468 3180 598 3230 Tremulus
613 3195 653 3229 ra·
721 3183 776 3228 313.
795 3183 880 3229 Cedere
894 3197 1013 3242 proporro,
1028 3178 1087 3241 eta]
1104 3176 1225 3236 Gifanius,

115 3243 170 3291 dios
181 3256 301 3307 spargunt
310 3245 400 3308 lychni,
413 3255 438 3294 et
449 3245 518 3293 teda.
687 3245 803 3299 Quaerere
812 3262 855 3306 pro
865 3261 934 3306 porro
945 3243 992 3292 sibi
1003 3259 1099 3305 cunque
1112 3258 1226 3291 senescere

150 3308 205 3359 307.
226 3312 330 3371 Denique
346 3328 390 3358 aen
409 3313 517 3372 Lapides,
533 3307 589 3370 eta]
608 3309 654 3356 Su·
687 3309 779 3357 credas.
810 3309 840 3356 ld
850 3318 894 3366 est,
907 3318 935 3355 ut
948 3308 1034 3355 credas
1051 3323 1079 3355 ea
1096 3306 1226 3369 aliquando

116 3372 213 3434 periore
240 3388 385 3436 argumenta
411 3375 546 3430 confirmat,
569 3389 590 3420 v.
617 3375 654 3420 12.
688 3372 735 3421 sibi
752 3388 860 3434 quaerere
881 3380 1048 3420 senectutem:
1076 3372 1120 3419 sed
1140 3370 1227 3418 melior

115 3436 333 3491 Quaesolidissima
341 3437 460 3496 videmus,
470 3437 581 3486 sentiunt
589 3436 654 3485 vires
686 3432 785 3498 uulgata
807 3435 887 3484 lectio.
928 3436 1007 3483 Faber
1029 3445 1110 3483 autem
1138 3433 1226 3496 rejicit,

116 3501 241 3565 temporis,
255 3511 280 3550 ct
295 3511 447 3566 putrescunt.
476 3502 574 3558 Turres,
591 3510 652 3550 tem·
686 3503 791 3562 Denique
810 3518 853 3548 non
876 3508 1025 3556 monumenta,
1045 3508 1088 3548 etc.
1110 3508 1136 3547 et
1157 3499 1225 3562 legit,

116 3565 165 3628 pla,
178 3567 287 3616 Deorum
299 3567 447 3615 simulachra
464 3567 522 3628 (nec
538 3566 581 3614 illa
598 3566 652 3614 Nu·
687 3563 824 3627 Omniaque
842 3572 869 3612 ut
883 3582 959 3626 porro,
977 3568 1095 3627 subitoque
1112 3581 1226 3612 senescere

116 3645 173 3678 men
184 3630 266 3694 ipsum
277 3641 415 3680 sustentare
426 3630 519 3695 potest)
536 3630 590 3693 quis
604 3646 654 3678 non
687 3629 778 3688 credas,
790 3631 843 3677 Non
852 3646 918 3677 ruere
930 3632 1026 3686 avulsos,
1036 3638 1078 3677 etc.
1108 3629 1155 3676 Sed
1168 3627 1225 3677 huic

117 3694 184 3742 videt
197 3695 306 3757 quotidie
321 3695 446 3744 labantia?
465 3711 525 3743 saxa
541 3694 653 3758 denique,
687 3693 761 3742 etiam
783 3696 929 3755 conjecturae
949 3694 1072 3757 vulgatam
1094 3693 1226 3742 lectionem

115 3774 170 3820 qua
181 3759 277 3823 integra
288 3760 394 3810 vidimus
405 3759 474 3808 brevi
491 3769 601 3823 ternpore
617 3759 652 3808 la·
686 3759 792 3807 libenter
802 3759 936 3822 praeferam.

115 3823 283 3883 balactasunt,
294 3825 451 3873 etmontibus
461 3824 545 3872 avulsa
556 3824 653 3872 cadunt.
720 3825 775 3871 319.
793 3826 897 3885 Denique
907 3823 961 3885 jam
978 3831 1049 3880 tuere,
1062 3821 1118 3884 etc]
1132 3823 1190 3870 Ver.
1201 3822 1224 3870 6.
1247 3848 1249 3851 -

115 3887 179 3941 Quis
195 3897 277 3937 autem
294 3889 360 3937 dicat
376 3888 418 3937 illa
434 3890 464 3937 ab
480 3898 573 3936 aeterno
590 3888 653 3936 exti·
686 3887 741 3936 illos
752 3887 849 3945 refutat,
862 3888 903 3950 qui
915 3886 996 3935 omnia
1012 3903 1027 3934 e
1043 3887 1105 3935 coelo
1121 3886 1188 3945 oriri,
1200 3896 1226 3934 et

97 4009 99 4013 Ι
116 3951 183 4010 tisse,
195 3969 249 4016 quoe
261 3953 378 4018 temporis
390 3952 455 4001 finiti
466 3953 530 4000 vires
546 3953 654 4016 perferre
687 3952 714 3999 in
722 3953 811 4000 coslum
820 3951 909 4000 iterum
921 3951 1010 4001 resolvi
1022 3951 1140 4008 sentiunt,
1150 3961 1175 3998 et
1187 3960 1223 3998 ta-

116 4020 255 4078 nequeant?
689 4032 745 4064 men
768 4017 857 4070 coelum
879 4017 960 4081 ipsum
983 4015 1121 4064 immortale
1144 4025 1169 4062 et
1192 4029 1224 4061 re·

148 4083 204 4130 309.
221 4085 294 4131 Fessa
298 4081 395 4144 fatisci]
409 4081 494 4139 Faber,
499 4085 558 4142 fissa
561 4081 654 4144 fatisci.
687 4090 784 4128 ternum
793 4090 918 4137 asserunt;
937 4097 993 4129 narn
1002 4080 1067 4144 quod
1078 4080 1104 4127 in
1114 4079 1174 4126 alias
1185 4093 1225 4125 res

148 4147 204 4194 313.
218 4144 427 4209 Protollerefineis]
438 4146 557 4194 Proferre.
580 4146 653 4194 Plau·
689 4145 798 4203 vertitur,
809 4154 833 4193 et
843 4147 907 4207 quod
919 4162 950 4193 ex
962 4145 993 4193 iis
1003 4146 1077 4193 rebus
1088 4141 1173 4190 solutis
1185 4156 1223 4188 re-

41 4212 47 4221 '
115 4218 163 4266 tus,
176 4212 256 4272 Neque
269 4216 315 4260 etri
325 4216 397 4261 eitam
412 4215 473 4260 sinet
489 4215 513 4261 in
529 4215 655 4261 crastinum
686 4220 787 4273 paratur
799 4219 824 4258 et
834 4211 951 4268 reficitur,
963 4210 989 4257 id
1000 4208 1111 4256 nativum
1125 4218 1224 4268 prorsus

114 4274 222 4336 protolli.
688 4283 713 4321 et
724 4274 835 4383 mortali

788 4351 806 4383 x
