2872 4852
218 255 282 319 aas
599 253 643 318 r.
668 230 938 321 nucnnrn

305 410 390 484 Quae
405 409 546 487 fuerant,
561 420 637 473 sunt
651 408 780 493 placato
795 431 951 475 conversa
964 408 1085 473 furore.

349 514 488 590 Caetera,
505 534 579 597 quae
593 511 666 576 fieri
680 513 714 575 in
729 511 842 575 Terris
858 511 1007 596 eoeloque
1021 521 1156 576 tuentur

256 630 288 678 to
306 614 477 693 Mortales,
493 615 619 699 pavidis
635 637 708 680 cum
723 615 868 699 pendent
882 613 1036 679 mentibu’
1052 635 1140 698 saepe

304 718 461 784 Efficiunt
476 717 597 780 animos
612 715 761 781 humileis
776 716 946 780 formidine
963 714 1093 793 Divrim,

305 814 558 906 Depressosque
573 831 725 904 premunt
740 821 782 885 ad
797 832 927 898 terram,
943 832 1125 906 propterea.
1133 821 1224 905 quod

304 923 492 1011 Ignorantia
507 916 678 987 causarum
693 922 841 987 conferre
857 923 1005 988 Deorum

305 1027 402 1110 Cogit
415 1027 458 1090 ad
472 1026 642 1110 imperium
656 1046 720 1102 res,
736 1035 770 1089 et
785 1025 963 1090 concedere
980 1047 1138 1109 regnum:
1160 1033 1194 1087 et

257 1141 287 1187 55
303 1129 453 1203 Quorum
468 1150 603 1213 operum
618 1150 733 1193 causas
749 1123 836 1191 nulla
851 1128 976 1191 ratione
991 1127 1101 1190 videre

305 1231 460 1308 Possunt,
476 1230 548 1295 haee
562 1229 634 1294 fieri
649 1229 770 1293 Divino
785 1229 914 1293 numine
930 1241 1053 1294 rentur.

263 1390 264 1393 ,
303 1333 391 1397 Nam
406 1335 490 1397 bene
505 1332 563 1416 qui
577 1331 720 1395 didicere
737 1331 829 1395 Deos
845 1353 995 1396 securum
1010 1352 1108 1415 agere
1124 1351 1247 1394 sevum:

306 1436 341 1499 Si
358 1447 465 1500 tamen
478 1434 603 1498 interea
617 1433 785 1510 mirantur,
799 1455 864 1517 qua
877 1434 1001 1498 ratione

305 1537 456 1620 Quaeque
471 1535 541 1620 geri
556 1535 693 1619 possint,
709 1535 889 1619 praesertim
904 1536 1002 1599 rebus
1017 1535 1050 1598 in
1065 1534 1137 1614 illis,

256 1652 288 1699 60
303 1639 389 1713 Quae
405 1659 524 1721 supera
539 1646 639 1720 caput
654 1635 795 1701 aetheriis
811 1647 989 1702 cernuntur
1003 1639 1036 1701 in
1051 1638 1128 1714 oriS,

305 1741 437 1806 Rursus
453 1740 484 1802 in
501 1739 649 1822 antiquas
664 1736 851 1802 referuntur
865 1738 1078 1824 Relligiones,

305 1842 352 1906 Et
367 1841 527 1905 Dominos
541 1840 644 1904 aereis
660 1841 834 1918 asciscunt,
851 1841 957 1906 omnia
971 1864 1071 1926 posse

305 1944 399 2018 Quos
415 1942 523 2006 miseri
537 1941 687 2018 credunt,
703 1942 808 2026 ignari
821 1943 902 2025 quid
916 1952 1016 2026 queat
1029 1964 1115 2020 esse,

305 2045 402 2119 Quid
412 2054 553 2128 nequeat
565 2069 573 2121 ;
596 2042 689 2107 finita
703 2053 849 2128 potestas
865 2044 1008 2128 denique
1021 2046 1140 2129 cuique

255 2159 287 2207 65
306 2147 457 2221 Quanam
473 2147 514 2211 sit
529 2146 665 2224 ratione,
682 2156 780 2230 atque
796 2146 859 2212 alte
875 2147 1032 2225 terminus
1045 2147 1193 2212 haerens:

305 2250 383 2324 Quo
398 2249 500 2334 magis
515 2260 661 2314 errantes
676 2258 746 2313 tota
759 2249 892 2332 regione
907 2248 1068 2314 feruntur.

348 2352 434 2426 Quae
449 2351 511 2415 nisi
524 2351 653 2436 respuis
666 2373 708 2416 ex
723 2351 840 2429 animo,
855 2351 1017 2437 longeque
1033 2352 1181 2429 remittis,

303 2453 378 2519 Diis
391 2453 525 2540 indigna
538 2453 697 2537 putando,
712 2451 882 2538 alienaque
897 2455 987 2538 pacis
1003 2477 1126 2533 eorum,

304 2556 461 2622 Delibata
476 2554 586 2622 Derim
600 2577 660 2641 per
675 2565 708 2620 te
723 2556 783 2621 tibi
796 2557 927 2620 numina
942 2567 1054 2622 sancta

256 2667 287 2720 70
307 2658 403 2742 Saepe
419 2651 576 2736 aderunt3
599 2680 665 2722 non
680 2658 770 2741 quod
784 2656 896 2721 violari
911 2680 1035 2723 summa
1051 2657 1161 2723 Derim
1175 2660 1223 2724 vis

306 2760 426 2838 Possit,
443 2771 480 2825 ut
494 2783 537 2825 ex
548 2761 597 2824 ira
611 2782 726 2846 poenas
740 2770 853 2845 petere
868 2760 1003 2826 imbibat
1018 2762 1139 2826 ocreis:

305 2862 374 2927 Sed
388 2864 464 2946 quia
480 2862 570 2927 Tute
584 2864 643 2927 tibi
657 2861 785 2948 placida
799 2885 873 2927 cum
888 2885 968 2947 paee
984 2863 1113 2948 quietos

306 2963 494 3029 Constitues
509 2987 644 3049 magnos
658 2964 779 3028 irarum
793 2962 921 3030 volvere
936 2965 1074 3030 fluetus:

305 3065 379 3131 Nec
395 3065 532 3131 delubra
546 3064 656 3132 Derim
671 3065 800 3150 placido
814 3087 887 3130 cum
901 3078 1034 3151 pectore
1050 3068 1173 3147 adibis3

255 3178 287 3230 tt
304 3168 392 3246 Nee,
407 3168 449 3232 de
464 3189 601 3252 corpore
615 3190 689 3254 quae
705 3177 817 3233 sancto
832 3167 1011 3232 Simulacra
1026 3167 1186 3247 feruntur,

304 3272 345 3338 In
358 3271 494 3337 menteis
508 3270 673 3335 hominum
688 3269 818 3335 Divinae
832 3271 945 3334 nuntia
960 3269 1082 3347 formae,

304 3375 480 3460 Suscipere
495 3375 568 3440 haec
582 3373 678 3438 animi
692 3371 865 3456 tranquilla
879 3394 960 3457 pace
975 3369 1117 3437 valebis:

218 3617 385 3676 incurrenti,
398 3634 420 3666 v.
433 3619 471 3666 92.
484 3618 640 3675 obstatnam
656 3615 755 3665 Horatii
821 3615 859 3664 69.
883 3613 1008 3678 Delibera]
1027 3615 1067 3662 An
1083 3616 1200 3663 delibruta
1215 3613 1266 3678 legi
1283 3615 1328 3664 de·

218 3691 338 3730 mereator
348 3685 429 3730 Currit
439 3684 472 3730 ud
482 3684 558 3730 Indos.
580 3681 606 3729 si
618 3690 700 3728 tamen
712 3695 753 3728 ve·
788 3680 844 3728 beat
853 3689 949 3728 certent
959 3679 1093 3728 Lambinus
1101 3688 1127 3728 et
1135 3677 1256 3737 Gilanius,
1267 3679 1329 3728 dum

217 3745 275 3803 rior,
288 3756 387 3794 nonest
402 3745 549 3795 luculentior
565 3760 638 3809 quam
656 3744 699 3792 illa
718 3743 754 3792 al-
787 3753 875 3793 neutra
893 3760 941 3792 vox
958 3743 1017 3792 ferri
1034 3753 1122 3808 potest.
1158 3744 1226 3808 Lege
1243 3752 1329 3793 autem

219 3818 271 3858 tera
283 3809 397 3858 Lambini
408 3810 487 3859 lectio.
787 3811 886 3868 detratu,
899 3808 969 3858 valde
985 3809 1055 3867 irata,
1071 3808 1193 3871 istamque
1209 3808 1327 3857 emenda·
1363 3865 1364 3868 Ἴ

224 3895 225 3898 “
251 3875 289 3923 66.
310 3877 368 3922 Tota
379 3873 482 3936 regione]
495 3873 554 3931 Alii,
566 3890 626 3921 eaeea
637 3876 733 3921 ratione.
787 3873 878 3922 tionem
890 3873 925 3922 illi
938 3873 1222 3937 quisequunturversus
1236 3873 1328 3922 oonlir·

251 3938 290 3997 67,
308 3939 347 3987 68.
368 3941 488 4001 Longeque
510 3941 616 3995 remittis,
641 3940 695 3985 Dtts
717 3941 753 3985 r'rr·
787 3947 862 3986 mant

217 4007 290 4068 dignu
306 4002 422 4066 putando]
443 4002 502 4057 Alii,
521 4004 643 4063 Longeque
660 4009 755 4050 renatus
820 4002 859 4054 74.
888 4005 938 4051 Neo
957 4006 1054 4052 delubra
1075 4001 1162 4066 Deum]
1185 4003 1237 4051 leta
1260 4001 1330 4052 enim

217 4069 257 4118 vel
272 4071 372 4117 remittis
391 4070 445 4115 Dite
462 4069 558 4129 indigna
573 4074 665 4127 putare.
701 4066 755 4130 Ego
787 4077 841 4115 erat
858 4067 990 4116 vanissime
1012 4067 1113 4132 Epicuri
1133 4067 1226 4132 opinio,
1243 4067 1329 4132 provi·

218 4150 283 4193 vero,
295 4135 415 4196 Longeque
426 4135 532 4188 remittis,
543 4133 754 4194 Dtisiudr'gnapu-
788 4132 886 4180 dentem
899 4140 924 4179 et
934 4131 1017 4180 omnia
1031 4141 1159 4181 curantem
1176 4133 1259 4180 Deum
1277 4142 1329 4181 ter·

217 4200 287 4249 tando
296 4218 305 4255 ‚·
328 4212 407 4262 neque
427 4212 456 4245 ea
475 4210 522 4259 qua
544 4195 586 4242 alii
605 4194 752 4259 interpreta-
785 4196 883 4245 ribilem
894 4195 946 4244 fore
957 4205 982 4244 et
993 4197 1156 4253 horrendum
1173 4195 1209 4246 ita
1219 4205 1247 4245 ut
1261 4210 1328 4246 nun·

217 4265 285 4314 tione
302 4279 360 4314 usus
376 4277 437 4312 sum.
467 4259 587 4309 Heinsius
604 4269 693 4319 autem,
708 4279 753 4323 pu·
787 4276 860 4324 quarn
880 4260 929 4309 Dei
949 4260 1030 4324 imago
1049 4261 1076 4310 in
1096 4270 1205 4311 mentem
1224 4261 1330 4321 venerit,

219 4337 277 4378 tuta.
787 4324 944 4389 quirinum,
958 4325 1038 4385 timor,
1050 4326 1162 4376 anxietas
1172 4334 1298 4390 sequatur.
