2872 4852
202 202 261 311 ’31
599 243 642 309 r.
675 243 951 310 nucnurn

308 401 394 476 Quae
410 400 553 464 nondum
567 399 696 466 clueant
710 398 777 464 ullo
791 409 916 464 tentata
928 399 1071 484 periclo:
1155 402 1158 406 ⁴

305 502 355 568 At
369 504 520 588 quoniam
534 502 641 588 fragili
655 514 774 568 natura
786 503 926 587 praedita
939 511 1101 579 constant,

307 605 486 691 Discrepat
499 616 656 671 aeternum
671 618 800 691 tempus
814 607 962 691 potuisse
977 626 1108 669 manere

243 719 291 768 635
310 708 604 775 Innumerabilibus
619 707 724 794 plagis
739 719 858 773 vexata
871 731 931 794 per
946 731 1060 772 aevum.

351 811 576 896 Quapropter,
592 813 648 897 qui
664 812 838 876 Materiem
850 833 959 876 rerum
975 831 1048 874 esse
1062 806 1222 894 putarunt

307 913 433 998 Ignem,
447 924 546 1000 atque
560 937 602 980 ex
616 915 684 1000 igni
700 915 864 979 Summam
879 914 1058 979 consistere
1074 911 1155 988 solo,

309 1016 516 1102 Magnopere
532 1037 642 1082 evera
656 1017 740 1102 lapsi
754 1018 880 1081 ratione
894 1017 1057 1080 videntur.

309 1117 534 1183 Hunacmrus
549 1119 609 1184 init
623 1140 762 1203 quorum
777 1119 846 1182 dux
861 1116 973 1203 praelia
989 1117 1124 1202 primus,

244 1230 292 1278 oto
310 1219 427 1285 Clarus
443 1223 486 1286 ob
502 1223 675 1287 obscuram
688 1221 831 1306 linguam
846 1222 948 1306 magis
963 1221 1048 1284 inter
1061 1217 1200 1294 inaneis,

262 1366 263 1370 =
310 1323 462 1397 Quamde
477 1325 605 1409 graveis
619 1325 705 1388 inter
721 1323 855 1402 Graios,
871 1325 927 1408 qui
941 1344 1019 1387 vera
1031 1321 1212 1405 requirunt,

309 1427 428 1493 Omnia
442 1429 527 1493 enim
543 1427 661 1493 Stolidi
673 1428 776 1512 magis
791 1427 1002 1504 admirantur,
1018 1435 1204 1509 amantque,

308 1530 451 1595 Inversis
467 1553 542 1615 quae
557 1532 619 1595 sub
633 1530 741 1594 verbis
756 1529 916 1593 latitantia
930 1538 1085 1606 cernunt3

308 1630 465 1717 Veraque
480 1634 693 1711 constituunt,
708 1654 784 1716 quae
798 1631 883 1696 belle
898 1641 1034 1716 tangere
1048 1639 1189 1715 possunt

245 1741 293 1790 64⁵
308 1733 440 1812 Aureis,
456 1743 491 1799 et
504 1735 615 1820 lepido
630 1757 705 1819 quae
721 1743 798 1798 sunt
812 1733 921 1798 fucata
936 1753 1064 1798 sonore.

308 1846 312 1849 ’
352 1834 441 1899 Nam
455 1839 514 1901 our
528 1847 595 1901 tam
608 1837 706 1901 variae
721 1857 774 1901 res
789 1845 925 1921 possent
939 1858 1024 1914 esse,
1040 1833 1183 1919 requiro,

256 1993 312 2042 636.
332 1997 484 2058 Quapropter,
496 2000 543 2059 qai,
555 1995 612 2072 eta]
631 1995 721 2045 Positis
738 2005 764 2045 ct
796 1995 929 2054 Σκσσεινὺς,
950 1992 1105 2058 Ἡράκλειτος
1127 1993 1216 2056 ἀσαφῆ,
1239 1991 1278 2042 καὶ
1297 1990 1336 2040 διὰ

222 2058 337 2106 stabilitis
365 2060 468 2124 Epicuri
494 2060 631 2125 principiis,
660 2061 763 2110 aliorum
794 2059 926 2121 συμβόλων
942 2057 1076 2121 ε1κ6ζεσ6α
1092 2055 1209 2118 tardaret
1224 2058 1340 2118 θεολσγεΐ

223 2123 487 2182 seutentiasconvellit3
502 2125 764 2189 etomniaargumeuta
796 2123 828 2175 τὸ
838 2124 935 2188 φυσικὰ,
945 2134 991 2174 etc.
1021 2123 1196 2187 Menagiusad
1209 2121 1335 2170 Ladrtium

223 2185 250 2234 in
260 2187 309 2236 duo
318 2187 467 2238 distribuens
475 2190 563 2254 capita,
572 2190 702 2254 impugnat
711 2189 763 2254 pri-
796 2189 848 2237 vit,
859 2188 988 2238 Heracliti
1000 2190 1120 2237 Naturam
1128 2187 1172 2237 viz.
1181 2186 1334 2236 imitabatur:

222 2266 289 2299 mum
302 2269 351 2312 eos,
363 2254 405 2316 qui
417 2257 549 2304 ammentum
560 2258 658 2312 anisam,
674 2270 702 2304 ac
718 2255 760 2303 de-
795 2253 867 2304 Φύσις
883 2253 931 2317 γὰρ
949 2254 1000 2303 καθ’
1017 2251 1173 2317 Ἠράκλειτον
1189 2250 1335 2314 κρύπτεσθαι
1353 2307 1368 2322 f,

222 2314 280 2365 inde
292 2333 334 2366 eos
345 2319 387 2381 qui
394 2323 465 2381 plara
475 2329 615 2369 assumunt:
633 2320 699 2368 inter
709 2320 761 2384 pri·
794 2320 868 2381 φιλεῖ.
896 2318 1055 2377 Themistius,
1067 2319 1136 2367 Orat.
1150 2319 1187 2366 12.
1353 2331 1354 2335 ’

223 2396 278 2430 ores
289 2383 375 2447 deligit
387 2385 550 2444 Heraclitum,
562 2401 584 2434 v.
603 2383 641 2437 70.
659 2385 701 2448 qui
720 2386 762 2449 lg·
829 2383 892 2432 lbid.
920 2383 1027 2446 Inonem]
1056 2383 1181 2432 Obscurus
1205 2380 1271 2429 euim
1293 2380 1334 2430 hic

222 2462 280 2498 uem
291 2449 459 2507 constituerim
477 2459 576 2515 reputat
586 2465 676 2514 nempe
693 2450 761 2514 quic·
794 2448 906 2512 scriptor,
917 2457 942 2497 et
958 2449 999 2512 qui
1017 2447 1121 2512 intelligi
1139 2447 1226 2505 noluit,
1245 2445 1336 2495 multos

222 2511 283 2575 quid
293 2522 379 2563 contra
392 2515 462 2563 illurn
478 2524 662 2579 argumentatus
680 2514 763 2572 fuerit,
795 2513 882 2562 habuit
891 2513 1046 2578 interpretes,
1057 2521 1189 2561 sectatores
1197 2510 1271 2560 etiam
1279 2511 1336 2574 plu·

223 2586 309 2626 contra
320 2589 420 2628 caeteros
436 2579 585 2637 valiturum
611 2580 763 2643 quandoqui-
795 2577 880 2636 rimus,
893 2576 1084 2642 Ἡρακλειτείους
1100 2577 1185 2627 dictos.
1215 2575 1336 2634 La‘e'rtius,

223 2640 280 2689 dem
297 2642 359 2690 nihil
375 2645 467 2708 opponi
487 2644 604 2693 adeamus
619 2645 703 2707 ignem
720 2659 763 2692 va·
796 2643 990 2692 vanescenti.

223 2704 280 2762 leat,
292 2707 358 2769 quod
369 2723 418 2756 non
430 2708 484 2772 pari
492 2711 549 2771 Jure
566 2718 591 2757 st
607 2709 637 2757 de
655 2711 718 2766 aire,
739 2716 765 2756 et
830 2707 885 2754 641.
906 2706 1021 2770 Quande]
1046 2710 1127 2760 Quam
1167 2708 1270 2760 Quamde
1289 2720 1336 2770 pro

223 2769 255 2818 de
266 2771 375 2833 quolibet
385 2771 433 2820 alio
448 2773 614 2821 concludatur.
648 2773 684 2820 Et
698 2781 765 2821 certe
796 2788 864 2834 quam
876 2787 932 2820 usos
944 2787 997 2821 essa
1007 2772 1127 2835 antiquos,
1137 2787 1194 2820 cum
1204 2770 1276 2819 multi
1292 2786 1336 2819 ve-

140 2880 144 2888 ,
223 2835 320 2883 adrem
332 2836 469 2885 attendenti
480 2837 523 2884 illa
539 2837 683 2900 opinionum
699 2837 764 2886 vari-
796 2849 862 2885 teres
874 2845 934 2885 sunt
945 2836 1092 2894 testimonio,
1110 2845 1163 2885 tmn
1183 2845 1222 2885 est
1240 2835 1336 2894 Livius,

223 2907 276 2948 etas
283 2914 364 2949 merus
373 2916 426 2950 esse
434 2901 507 2950 ludus
514 2901 625 2957 videturt
644 2911 765 2965 quatenus
800 2904 901 2954 anmde
913 2909 965 2950 tuas
976 2918 1050 2950 onnes
1061 2904 1159 2966 legiones
1170 2918 1199 2949 ae
1205 2903 1337 2963 populares.

223 2978 280 3012 cnm
291 2978 376 3013 earum
391 2975 488 3015 autores
504 2966 601 3015 diversa
617 2976 764 3031 supponant,
796 2965 862 3015 Tum
874 2966 1011 3025 Lucretius,
1026 2969 1109 3015 Clarae
1119 2969 1147 3015 od
1156 2969 1274 3015 obscuram
1289 2968 1334 3013 lto·

222 3029 382 3079 circulatione
391 3040 473 3079 nmen
484 3039 594 3091 utuntur,
602 3047 650 3095 qua
658 3030 686 3080 in
697 3032 763 3080 idem
793 3049 864 3095 pom
874 3036 950 3096 mogo
960 3035 1022 3080 trater
1033 3034 1123 3089 mones,
1137 3033 1239 3084 Quande
1253 3045 1338 3095 gram

223 3095 313 3144 cadant
333 3095 493 3159 recidantque
516 3112 607 3146 omnes.
642 3096 764 3146 Sortiatur
795 3100 954 3145 interGro'e‘oa.
979 3097 1074 3145 Festus
1093 3095 1336 3158 Nardiosrerolegit,

223 3160 290 3208 enim
303 3160 357 3223 quis
368 3161 517 3209 elementum
529 3162 689 3224 quodcunque
707 3170 762 3210 tan-
799 3163 902 3214 Quande
912 3161 994 3210 Graiis
1004 3162 1076 3218 inter,
1090 3171 1135 3209 stc.
1147 3159 1268 3224 imperite.

171 3254 173 3258 -
223 3224 566 3285 demlubuerit‚isnihilaut
581 3226 662 3275 miuus
677 3241 763 3276 conse·
829 3227 885 3274 64³.
902 3229 1065 3289 lacertisque
1075 3229 1118 3274 aab
1133 3224 1221 3288 wilt]
1240 3228 1336 3274 laceres

223 3299 319 3354 quatur,
331 3300 374 3340 aut
384 3291 496 3355 amplius,
508 3307 580 3354 quam
597 3290 678 3353 quivis
693 3291 763 3350 alius,
796 3294 873 3350 oola,
891 3291 984 3340 inflexa
999 3300 1025 3339 et
1041 3301 1111 3355 tropo
1130 3290 1273 3346 immutarat
1297 3293 1336 3338 la·

223 3370 298 3419 aquo
306 3356 372 3405 aliud
382 3372 442 3405 occu
460 3365 527 3405 atum
537 3356 625 3412 fuerim
643 3355 764 3419 siquidem
796 3360 856 3405 reret
873 3373 946 3405 mores
968 3356 1034 3420 apud
1056 3355 1198 3414 Horatium,
1220 3369 1301 3404 mores
1321 3370 1337 3403 a

222 3435 274 3468 uno
287 3422 379 3479 habito,
396 3372 459 3470 illul
475 3422 629 3471 condensans
648 3436 676 3470 ac
695 3437 763 3470 rare·
796 3430 862 3471 recta
873 3420 972 3470 virtutis
988 3435 1075 3470 norma
1088 3420 1253 3470 deflectentes.
1286 3422 1335 3468 ln·

223 3483 316 3534 iaciens
327 3486 410 3534 statim
426 3487 526 3536 habehit
542 3497 645 3543 catera;
663 3487 723 3536 adeo
736 3496 764 3536 ut
795 3490 882 3545 mans,
895 3486 1044 3535 Gassendua

223 3547 285 3596 nihil
295 3549 369 3613 plane
380 3551 484 3609 intersit,
500 3552 552 3601 sive
569 3552 616 3600 hoc
633 3551 685 3600 sive
702 3550 764 3601 illud
828 3552 884 3600 ost.
901 3549 1005 3614 Forata]
1027 3550 1117 3599 Audax
1137 3549 1271 3608 translatio,
1292 3549 1337 3598 sed

223 3612 330 3676 primum
341 3624 480 3678 usurpetur.
512 3619 650 3665 Gasseadas.
796 3625 846 3664 tam
866 3616 971 3680 egregiae
986 3615 1096 3665 audacia
1111 3615 1167 3677 quis
1182 3630 1233 3664 non
1252 3613 1336 3663 indul·

257 3677 312 3726 669.
325 3678 472 3742 Heraclitus]
484 3679 620 3743 Blythouis,
632 3681 671 3729 vel
683 3681 763 3730 Hera-
795 3683 868 3744 geatl

223 3741 312 3790 ciontis
334 3743 400 3791 filius
423 3743 516 3807 Ephesi
539 3753 612 3792 uatus
639 3744 704 3793 circa
732 3747 763 3795 69
829 3746 884 3792 646.
908 3747 971 3792 Nam
987 3760 1029 3792 eor
1045 3751 1092 3792 tam
1107 3747 1186 3801 toria,
1203 3743 1261 3806 etc]
1278 3743 1334 3792 Pri·

224 3805 363 3870 Olympiad.
372 3806 470 3855 floruit:
488 3806 568 3869 ἔδσξεν
576 3807 727 3869 αὑτῷπάντα
736 3811 763 3858 ἐκ
795 3823 863 3857 mum
873 3825 897 3857 v.
912 3811 949 3857 16.
961 3819 1047 3857 contra
1057 3807 1211 3856 Heraclitum
1219 3808 1337 3873 proponit

223 3870 295 3933 πυρὸς
303 3869 454 3930 συνεστάναι,
464 3871 503 3922 sal
515 3870 631 3922 classim
643 3872 761 3922 ἆνσλ6εσ-
795 3882 973 3936 argumentum.
1002 3872 1106 3938 concipi
1120 3888 1170 3922 uon
1182 3882 1264 3937 potest
1274 3888 1335 3935 quo·

223 3939 268 3984 'tas
296 3935 416 3985 Laertius
795 3938 868 3986 modo
885 3947 952 3986 tanta
971 3937 1077 3987 varietm
1095 3953 1186 3996 rerum,
1204 3938 1254 3986 imo
1274 3951 1335 4000 quo-

257 4001 312 4048 640.
332 4004 367 4049 06
386 4004 504 4050 obscuram
523 4003 632 4064 lingosum,
648 3999 705 4062 etc]
726 4003 763 4050 De
795 4002 868 4050 ruodo
879 4002 953 4050 unica
968 4017 1008 4050 res
1022 4002 1140 4051 cannata
1156 4002 1261 4066 quadarn
1277 4016 1334 4066 par·

223 4067 347 4122 industrio,
359 4069 494 4114 etcouulto
507 4070 592 4113 occulte
607 4069 669 4114 dtett
683 4067 761 4114 Hero·
795 4065 856 4115 tium
872 4066 982 4131 praedita,
1000 4080 1032 4114 ea
1044 4082 1094 4115 uno
1107 4068 1212 4130 quodam
1230 4066 1275 4115 sim
1294 4066 1336 4115 lici

224 4132 299 4179 clltat.
328 4129 415 4179 Cicero
426 4130 457 4178 de
470 4130 580 4189 Finibus,
592 4130 634 4179 lib.
649 4130 686 4178 11.
699 4138 726 4178 et
735 4130 762 4179 in
795 4145 824 4179 ac
846 4130 961 4179 uniformi
983 4130 1106 4195 principio
1128 4140 1238 4180 constet:
1310 4140 1336 4178 to

226 4194 280 4244 111.
290 4196 321 4244 de
332 4195 390 4244 Nat
403 4196 478 4244 Deor.
487 4197 591 4258 Intelltgt'
599 4198 689 4243 notuit:
705 4194 764 4243 inde
796 4197 869 4271 Ignis,
880 4204 905 4244 at
916 4194 964 4243 nisi
975 4195 1101 4260 quidpiam
1114 4196 1182 4245 aliud
1193 4195 1337 4254 admisceas,

224 4258 354 4319 emeretr,
377 4263 536 4318 tenebricosos,
559 4259 646 4309 dictus.
682 4259 764 4308 Autor
795 4259 858 4308 nihil
879 4273 985 4323 unquam
1008 4259 1109 4310 habebis
1128 4268 1219 4326 praeter
1238 4263 1335 4323 Ignem.-

225 4324 415 4376 Homeriesrum
435 4323 630 4388 allegoriarum:
653 4322 682 4373 ὀ
703 4325 764 4384 γοῦν
795 4324 910 4387 quoniam
919 4324 1137 4390 quomodocunque
1146 4325 1245 4376 numm
1252 4333 1337 4388 pertas
