2872 4852
432 224 605 290 LIBER
634 223 910 298 QUARTUS.
1165 224 1225 288 18t

139 392 185 438 11⁰
201 381 358 466 Percipe3
382 390 415 446 et
428 381 583 465 imprimis
598 382 750 464 quoniam
766 380 949 445 Primordia
964 389 1090 444 tantum

200 484 286 548 Sunt
299 484 383 548 infra
396 495 526 548 nostros
543 505 669 560 sensus,
687 493 843 568 tantoque
858 484 994 560 minora,

201 584 309 658 Quam
324 609 398 670 quae
412 586 550 669 primum
566 585 650 650 oculi
666 595 812 670 coeptant
826 607 892 649 non
906 606 1004 670 posse
1021 583 1116 648 tueri.
1154 619 1155 623 =

242 687 343 752 Nunc
353 698 461 751 tamen
475 687 509 750 id
525 709 656 772 quoque
671 688 719 751 uti
734 687 931 763 confirmem,
949 685 1099 750 Exordia
1113 704 1222 750 rerum

199 788 398 854 Cunctarum
413 811 510 874 quam
525 790 589 853 sint
605 788 747 867 subtilia,
763 790 895 873 percipe
911 789 1034 872 paucis.

136 901 182 947 115
241 891 385 955 Primum
401 890 562 955 Animalia
577 902 653 956 sunt
664 893 733 975 jam
747 892 865 974 partim
880 889 1015 966 tantula,
1031 909 1143 953 eorum

201 992 316 1057 Tertia
330 1014 406 1077 pars
422 992 510 1056 nulla
524 1002 562 1056 ut
576 993 681 1076 possit
695 993 819 1055 ratione
834 991 948 1055 videri.

202 1095 332 1160 Horum
347 1094 542 1159 Intestinum
557 1092 695 1178 quodvis
709 1091 805 1175 quale
821 1114 894 1156 esse
909 1091 1091 1175 putandum
1105 1091 1169 1156 ’sti
1188 1105 1195 1136 '³

199 1196 312 1268 Quid?
335 1196 455 1260 Cordis
465 1195 583 1279 globus
596 1206 652 1259 aut
665 1192 785 1258 Oculi?
803 1194 905 1278 quid?
925 1193 1098 1257 Membra?
1117 1193 1220 1277 quid?

286 1296 414 1362 Artusi

199 1398 368 1470 Quantula
382 1403 482 1464 sunt?
506 1400 609 1485 quid?
632 1408 793 1483 praeterea
809 1398 992 1462 Primordia
1007 1418 1157 1481 quaeque,

137 1513 183 1560 120
201 1500 300 1566 Unde
316 1501 445 1579 Anima,
461 1512 560 1587 atque
576 1501 687 1565 Animi
702 1511 830 1566 constet
844 1511 961 1565 natura
975 1522 1145 1565 necessum
1156 1497 1206 1575 ‘st,

199 1604 319 1668 Nonne
335 1605 437 1681 vides,
454 1627 550 1688 quam
566 1606 630 1668 sint
645 1603 785 1680 subtilia,
802 1625 964 1687 quamque
977 1603 1121 1666 minutal

243 1706 419 1784 Praeterea,
435 1728 638 1791 quaecunque
657 1728 716 1769 suo
731 1706 773 1769 de
788 1727 926 1789 corpore
942 1705 1077 1769 odorem

197 1808 379 1892 Exspirant
393 1830 511 1884 acrem,
529 1807 688 1884 Panaces,
704 1806 883 1871 Absinthia
898 1816 994 1884 tetra,

196 1908 423 1995 Abrotonique
438 1933 566 1995 graves,
582 1923 616 1975 et
630 1910 737 1975 tristia
751 1908 937 1973 Centaurea
951 1936 960 1986 3

133 2022 179 2069 125
197 2011 325 2076 Horum
340 2013 579 2097 unumquodvis
594 2011 707 2077 leviter
723 2012 750 2075 si
765 2010 849 2076 forte
866 2011 977 2087 ciebis,

197 2114 445 2198 Quamprimum
460 2135 577 2177 noscas
593 2134 702 2177 rerum
718 2111 898 2176 Simulacra
912 2133 1030 2195 vagare

197 2215 306 2278 Multa
320 2215 424 2278 modis
439 2213 559 2292 multis,
576 2212 663 2277 nulla
678 2215 719 2291 vi,
736 2235 895 2297 cassaque
912 2234 1030 2277 sensu:

111 2413 231 2462 duntaxat
240 2414 301 2462 nihil
310 2430 363 2464 esse
373 2415 439 2464 aliud
447 2414 566 2478 imagines
578 2430 650 2477 quam
683 2430 737 2477 quae
758 2429 789 2463 ex
811 2414 941 2479 superficie
962 2414 1096 2473 dimanant,
1119 2422 1222 2462 etcum

112 2486 248 2526 atomorum
257 2478 419 2538 tenuissimas,
429 2479 600 2543 pellicularum
611 2479 649 2526 in·
682 2478 750 2528 visus
761 2479 871 2528 sensorio
882 2479 973 2528 habent
986 2479 1130 2542 analogiam,
1148 2493 1219 2526 exce·

112 2552 170 2601 star,
182 2553 354 2599 contexturas;
371 2553 397 2592 at
408 2552 498 2606 quanta
510 2543 542 2592 sit
555 2552 647 2591 atomo·
682 2543 740 2591 dere
750 2543 824 2592 fidem
834 2552 931 2606 quantae
939 2542 1066 2592 tenuitatis
1076 2559 1130 2592 esse
1141 2542 1224 2605 imago

110 2623 166 2655 rum
178 2607 306 2665 subtilitas,
316 2623 418 2670 quarum
430 2608 565 2657 innumerae
574 2607 648 2671 myri·
682 2609 776 2666 debeat,
795 2617 820 2656 et
837 2608 950 2667 maxime,
970 2624 1026 2657 cum
1044 2607 1223 2672 postmultum

112 2671 170 2719 ades
182 2672 325 2720 necessaria
341 2682 398 2721 sunt
416 2672 579 2720 minutissimo
596 2672 649 2720 ani·
683 2680 780 2736 tempus
791 2672 853 2721 nihil
863 2673 928 2735 quod
939 2672 1055 2721 sensibile
1071 2673 1104 2721 sit
1123 2670 1222 2720 exhala-

110 2736 222 2793 malculo‚
234 2739 313 2795 Acori,
323 2752 346 2784 v.
356 2752 380 2799 g.
398 2737 564 2785 membrulove
576 2736 650 2785 etiam
683 2745 734 2784 tum
744 2738 955 2800 deprehendatur;
973 2737 1036 2784 mira
1044 2752 1103 2785 sane
1115 2735 1222 2784 tenuitas

110 2802 163 2862 eJ’us
180 2801 376 2864 compingendol
396 2801 427 2848 Id
438 2817 527 2865 nempe
538 2801 598 2850 satis
613 2810 650 2849 est
682 2801 780 2864 vaporis
786 2801 908 2860 odoriferi,
918 2819 946 2850 ac
952 2801 1056 2866 proinde
1063 2800 1220 2864 corpusculo·

109 2873 138 2913 ut
159 2864 288 2928 intelligas,
312 2865 334 2914 si
355 2864 436 2928 imago
458 2866 596 2915 constiterit
618 2881 649 2914 ex
681 2881 736 2913 rum
746 2867 873 2928 exquibus
884 2882 960 2930 vapor
972 2875 1037 2915 totus
1050 2875 1152 2924 constat,
1164 2879 1221 2913 cum

109 2929 228 2991 ejusmodi
240 2929 334 2987 atomis,
353 2946 407 2992 quae
424 2946 474 2978 non
490 2930 552 2979 κατὰ
567 2928 648 2990 βάθος,
681 2946 704 2978 v.
714 2946 737 2993 g.
751 2946 782 2978 ex
793 2946 865 2994 pomo
876 2947 921 2994 per
936 2931 1029 2993 aliquot
1045 2946 1143 2978 menses
1160 2945 1219 2978 com·

103 2994 174 3056 'quod
186 3003 223 3042 est
235 2994 337 3058 Epicuri
348 2995 457 3053 verbum,
475 2996 647 3054 cohaerescant,
681 2995 763 3043 tinuos
775 3005 885 3051 emanat3
904 3004 928 3043 et
939 3011 1039 3059 pomum
1049 3005 1132 3043 tamen
1141 2994 1220 3043 nihilo

109 3073 162 3106 esse
172 3059 261 3106 debere
272 3059 404 3122 imaginem
416 3060 499 3108 multis
510 3060 646 3123 myriadum
680 3059 770 3107 factum
797 3060 915 3108 minutius
942 3061 1092 3108 observetur.
1130 3059 1219 3122 Cogita

108 3122 257 3185 myriadibus
267 3123 320 3187 ipsa
327 3123 400 3172 unius
408 3128 482 3172 Acori
489 3125 646 3188 particulare
679 3140 752 3187 porro
768 3139 840 3186 quam
859 3139 954 3172 crassus
970 3124 1003 3172 sit
1019 3124 1066 3172 iste
1083 3140 1160 3187 vapor
1176 3139 1216 3172 re-

108 3189 161 3248 ejus
171 3187 332 3236 crassitudine
346 3188 489 3236 tenuiorem.
524 3189 647 3251 Epicurus
679 3197 764 3251 spectu
781 3189 902 3252 imaginis,
920 3199 946 3236 et
961 3204 1078 3251 agnosces
1097 3192 1217 3250 imagines,

108 3250 169 3313 ipse,
188 3250 228 3298 nal
242 3251 287 3311 μὲν
306 3251 345 3299 sal
365 3250 436 3301 sinor
458 3253 647 3314 ὁμοιοσχήμονες
678 3267 733 3314 quae
755 3253 904 3316 perplures
926 3268 1003 3300 annos
1025 3253 1168 3309 funduntur,
1195 3251 1217 3299 si

108 3317 159 3362 τοῖς
168 3313 313 3376 στερεμνίοις
325 3314 378 3373 elul,
391 3313 524 3374 λεπτότητι
540 3315 644 3376 ἀπέχον·
678 3316 818 3379 compositae
832 3317 930 3373 luerint,
947 3331 996 3363 non
1014 3315 1142 3364 effecturos
1160 3323 1213 3363 tan·

107 3396 149 3427 τες
164 3377 256 3437 μακρὰν
271 3381 320 3426 τῶν
335 3378 487 3440 φαινομένων,
504 3379 604 3427 τούτους
620 3377 645 3426 δὲ
678 3388 728 3426 tam
737 3380 833 3437 molem,
844 3389 935 3441 quanta
945 3389 982 3427 est
993 3379 1091 3442 vaporis
1101 3395 1151 3428 uno
1162 3395 1215 3428 mo-

107 3439 263 3490 colaerimus
280 3441 368 3489 εἴδωλα
383 3441 603 3504 προοογορεύομενι
621 3452 646 3490 et
678 3452 761 3491 mento
774 3443 890 3506 temporis
901 3443 1029 3492 effluentis.

108 3505 173 3562 alibi,
184 3504 221 3552 ὅτι
228 3504 260 3553 τὰ
271 3505 358 3553 εἴδωλα
368 3507 420 3554 τοῖς
431 3505 579 3564 λεπτότησιν
590 3506 644 3555 dvo·
713 3509 765 3554 125.
785 3507 874 3569 Cieba's]
895 3508 953 3567 Alii,
972 3512 1087 3556 movebis:
1112 3509 1215 3560 Vossius

106 3568 253 3632 arepflMrrors
264 3568 388 3632 κέχρηται,
402 3567 470 3618 οὐδὲν
481 3569 648 3635 ἀντιμαρτυρεῖ
677 3571 778 3619 veroad
794 3571 917 3620 Catullum
933 3588 957 3635 p.
976 3572 1031 3623 270.
1047 3577 1163 3629 revolem
1190 3584 1216 3623 et

107 3632 320 3695 τῶνφαινομένων.
677 3635 703 3682 in
722 3635 834 3698 sequenti
849 3651 922 3685 versu
942 3653 956 3685 e
974 3637 1065 3686 veteris
1087 3639 1215 3702 scripturae

141 3700 196 3746 112.
216 3701 289 3751 Quam
302 3715 352 3760 qua
365 3702 465 3760 primam
482 3697 553 3761 oculi]
572 3699 644 3748 Sum·
677 3700 795 3763 vestigiis,
810 3704 871 3753 Quin
878 3705 941 3763 potis
952 3718 976 3749 ea
985 3719 1072 3750 οιοιοοο.

106 3778 175 3811 mum
202 3778 319 3811 cacumen
344 3772 530 3820 concretorum
560 3767 643 3813 Faber.
712 3767 765 3816 127.
785 3767 899 3828 Oossaqve
918 3765 996 3828 senas]
1019 3766 1069 3815 Alii
1092 3767 1214 3832 interpre-

106 3828 163 3877 Vid.
176 3828 217 3876 lib.
231 3828 252 3875 I.
266 3845 290 3876 v.
302 3829 357 3876 593.
436 3868 438 3871 .
677 3838 767 3889 tantur,
776 3835 872 3890 privato
881 3847 955 3889 sensu,
967 3839 996 3878 ut
1006 3834 1047 3880 air
1062 3835 1146 3881 lumine
1162 3849 1214 3882 σοι·

140 3895 194 3941 122.
218 3895 343 3950 Praeterea,
365 3909 502 3954 quacunque
521 3910 568 3951 ιιιο,
587 3893 643 3956 etc]
677 3911 732 3950 sas.-
749 3912 837 3942 cassam
848 3899 925 3944 anima
936 3913 1024 3958 corpus,
1041 3904 1084 3945 etc.
1100 3897 1169 3959 quasi
1188 3898 1215 3946 id

106 3957 206 4006 Horum
224 3959 246 4005 8.
264 3974 286 4005 v.
308 3972 394 4005 sensus
414 3967 457 4005 est.
496 3958 558 4005 Cum
578 3967 645 4006 tanta
677 3968 759 4021 ageret
780 3960 916 4018 Lucretius,
940 3976 971 4008 ne
994 3962 1046 4008 baec
1068 3960 1216 4009 simulachra

106 4022 305 4085 corpusculorum
328 4021 398 4085 copia
422 4037 453 4068 ex
473 4022 540 4070 hisce
562 4023 644 4071 herbis
677 4039 837 4087 sensumvnon
849 4025 938 4073 habere
949 4025 1102 4074 nesciamus:
1120 4035 1215 4073 atvero

106 4087 303 4148 graveolentibus
326 4086 461 4143 exhaletur,
487 4095 514 4134 ut
536 4086 644 4135 vicinum
677 4091 741 4136 nullo
752 4093 782 4147 vi,
795 4106 977 4151 cossaqaescasa
989 4090 1077 4139 melius
1093 4089 1215 4151 interpre-

107 4151 188 4196 airem
200 4151 327 4214 compleat,
339 4151 389 4198 dici
404 4165 453 4197 uon
470 4159 552 4213 potest
568 4166 644 4213 quan·
678 4152 753 4201 torisa
777 4171 827 4215 qaae
846 4154 871 4202 vi
891 4163 943 4212 tam·
959 4154 1034 4203 debili
1052 4154 1170 4210 feruntur,
1189 4162 1218 4202 ut

109 4212 161 4268 tula
168 4212 201 4260 ait
209 4229 265 4277 pars
275 4231 329 4277 quae
337 4231 369 4263 ex
377 4215 507 4278 superficie
517 4215 645 4278 deripitur,
678 4232 769 4280 organa
778 4234 883 4278 movere,
895 4234 1042 4280 sensumque
1052 4217 1217 4266 excitarenou

108 4276 646 4342 acproindecumimagositexiisduntaxat
678 4291 787 4344 possunt.
839 4300 846 4319 τ
