2872 4852
231 250 273 312 26
613 247 654 312 Τ.
688 246 957 313 LUCRETII

253 417 300 462 465
361 403 526 488 Denique,
543 402 918 489 Tyndaridemraptam,
934 404 1085 488 belloque
1102 404 1253 470 subactas

318 505 526 591 Trojugenas
542 507 667 590 genteis
683 529 755 571 cum
771 508 884 573 dicunt
899 531 983 584 esse,
1000 509 1144 572 videndu
1159 510 1210 586 'st,

319 607 373 672 Ne
389 608 473 692 forte
488 608 559 672 haec
575 631 635 692 per
651 631 697 685 se,
714 620 832 693 cogant
847 633 918 687 nos,
935 633 1007 675 esse
1023 610 1135 674 fateri:

319 709 462 782 Quando
477 732 516 774 ea
532 710 627 774 saecla
640 711 817 789 hominum,
834 735 972 796 quorum
987 712 1058 776 haec
1074 722 1190 778 eventa
1205 712 1297 776 fuere

317 810 542 876 Irrevocabilis
558 812 728 876 abstulerit
739 815 808 896 jam
821 815 987 896 praeterita
1002 825 1092 878 aetas.

254 923 301 973 470
319 912 471 996 Namque
486 913 574 977 aliud
588 916 699 990 rebus,
716 914 804 977 aliud
818 915 1006 998 regionibus
1022 917 1100 999 ipsis

317 1013 493 1078 Evuurum
508 1016 573 1079 dici
587 1016 718 1099 poterit,
735 1016 953 1099 quodcunque
969 1018 1030 1080 erit
1046 1026 1163 1081 actum.

361 1117 526 1200 Denique,
544 1117 701 1182 Materies
718 1120 745 1181 si
759 1141 867 1182 rerum
883 1119 970 1182 nulla
985 1118 1111 1197 fuisset,

318 1218 392 1283 Nec
410 1218 532 1296 Locus,
547 1242 585 1283 ao
601 1220 760 1304 Spatium,
778 1243 829 1285 res
846 1222 878 1283 in
891 1244 957 1305 quo
973 1244 1112 1306 quaeque
1127 1234 1304 1306 geruntur3

265 1330 268 1334 '
317 1320 495 1405 Nunquam
510 1322 709 1406 Tyndaridis
725 1323 835 1386 formae
851 1324 1009 1387 conflatus
1024 1347 1133 1388 amore

253 1433 301 1483 475
318 1423 407 1508 Ignis
422 1423 604 1490 Alexandri
620 1426 765 1512 Phrygio
781 1428 843 1491 sub
858 1438 991 1511 pectore
1008 1427 1148 1512 gliscens

319 1527 416 1591 Clara
431 1530 634 1594 accendisset
650 1531 727 1594 saevi
742 1531 916 1594 certamina
931 1529 1025 1595 belli:

319 1630 393 1696 Nec
408 1631 490 1694 clam
505 1632 661 1696 durateus
677 1632 832 1716 Trojanis
849 1632 1009 1715 Pergama
1024 1642 1122 1715 partu

318 1732 555 1798 Inflammasset
570 1757 674 1818 equus
689 1745 849 1799 nocturno
865 1733 1146 1818 Grajugenarum:

318 1835 510 1919 Perspicere
526 1846 563 1899 ut
577 1837 695 1920 possis,
711 1835 781 1900 Res
798 1835 920 1899 Gestas
936 1835 1083 1899 funditus
1099 1836 1233 1911 omneis,

253 1950 301 1996 480
319 1937 399 2002 Non
413 1939 469 2014 ita,
486 1939 535 2002 uti
551 1938 698 2015 Correus,
714 1961 774 2023 per
790 1960 825 2002 se
842 1948 1003 2015 constare,
1020 1960 1079 2002 nec
1095 1960 1184 2001 esse:

317 2040 391 2105 Nec
407 2041 532 2104 ratione
545 2040 653 2105 cluere
669 2041 794 2117 eadem,
811 2062 876 2123 qua
891 2049 1019 2104 constat
1035 2038 1167 2103 Imm:

318 2143 386 2207 Sed
401 2145 502 2227 magis
518 2153 555 2207 ut
569 2144 683 2208 merito
698 2144 805 2227 possis
822 2143 971 2207 Evnurn
987 2164 1103 2206 vocare

263 2320 319 2377 465,
325 2321 380 2370 466.
390 2323 502 2384 Denique,
512 2324 667 2386 Tyndaridem
676 2339 725 2370 rum
734 2324 770 2379 dt,
804 2329 921 2386 seregent
934 2339 973 2370 ους
989 2338 1037 2370 esse
1046 2321 1130 2384 fateri,
1143 2319 1256 2368 omnibus
1271 2328 1340 2367 ante·

230 2385 772 2450 cuntesseete.]Haudscioanfacileexplicare
804 2386 874 2451 ponit
886 2387 1027 2435 Lambinus.

228 2450 321 2515 possim
329 2451 394 2514 quod
404 2452 515 2509 sentiam,
526 2453 569 2500 sed
578 2467 631 2514 ego,
640 2460 668 2500 ut
679 2459 771 2516 potero,
837 2453 893 2500 468.
910 2451 961 2514 Ευ]
973 2455 1014 2509 Et,
1026 2450 1074 2499 uit
1087 2458 1112 2498 et
1124 2449 1172 2498 alii.

229 2515 315 2563 dicam.
344 2516 469 2564 Sermonis
481 2517 564 2565 Latini
574 2517 658 2580 inopia
668 2517 735 2579 cogit
745 2525 773 2564 ut
837 2517 892 2565 469.
911 2517 971 2564 Post
978 2517 1043 2564 hunc
1052 2531 1150 2564 versum
1157 2514 1252 2562 hiatum
1260 2511 1285 2560 in
1299 2514 1341 2561 ln-

228 2590 327 2629 utamur
335 2583 410 2629 verbo
421 2598 478 2637 sum,
488 2599 519 2639 es,
530 2589 571 2639 est,
584 2581 610 2628 in
621 2582 694 2629 rebus
707 2594 768 2629 tem·
802 2580 977 2644 terpretatione
994 2581 1089 2642 reliqui,
1102 2595 1147 2627 neo
1164 2587 1269 2627 temere:
1287 2579 1342 2640 quis

228 2644 296 2708 poris
309 2644 434 2709 praeteriti,
446 2645 489 2693 ubi
506 2645 564 2707 quid
580 2645 672 2694 factum
688 2645 769 2694 dicere
803 2645 868 2693 enim
886 2661 934 2693 non
952 2645 1020 2693 videt
1040 2660 1124 2692 omnes
1143 2643 1203 2692 istos
1222 2643 1342 2692 excidisse

228 2709 349 2758 volumus.
375 2710 462 2772 ltaque
473 2709 495 2756 si
505 2711 560 2772 quis
568 2709 666 2768 dixerit,
680 2713 770 2758 Victum
803 2725 894 2767 versus,
904 2709 946 2770 qui
955 2708 1101 2757 solutionem
1112 2708 1273 2770 sophismatis
1281 2724 1340 2756 con-

228 2781 264 2822 ουτ
285 2776 362 2832 Iliam,
386 2774 510 2838 extemplo
535 2783 660 2836 argutator
682 2774 769 2836 aliquis
802 2773 929 2821 tinebant?
955 2774 1073 2821 Lacerum
1091 2788 1150 2820 vero
1167 2773 1267 2820 Poetam
1286 2788 1341 2820 esse

227 2839 389 2901 responderit,
403 2842 542 2896 Wetumest
552 2854 610 2901 ergo
621 2848 662 2887 est,
692 2840 768 2887 Hunc
801 2847 876 2885 testor
888 2853 972 2886 versus
988 2837 1105 2899 quosdam
1122 2837 1271 2885 aveteribus
1287 2837 1340 2885 lau-

227 2902 356 2951 locumsio
370 2903 507 2952 necessario
523 2903 710 2966 intelligendum
727 2918 766 2950 ar·
800 2901 883 2957 damur
902 2903 998 2950 Nonius
1019 2902 1045 2949 in
1065 2917 1124 2950 voce
1148 2904 1251 2963 Torpor:
1277 2904 1339 2950 Ton-

227 2967 312 3016 bitror.
343 2968 404 3016 Haec
417 2968 503 3025 Faber,
516 2984 563 3030 quo
576 2983 647 3016 nemo
663 2968 765 3016 melius:
801 2975 837 3015 tus
864 2970 1004 3015 conduxerat
1031 2971 1106 3015 omnio
1135 2969 1237 3028 Torpor:
1267 2967 1339 3015 Lucr.

227 3047 250 3079 v.
263 3031 339 3095 igitur
350 3033 372 3083 7.
385 3033 521 3095 captiosum
540 3032 669 3096 sophisma
687 3032 766 3090 solvit,
800 3047 859 3093 quas
872 3039 952 3079 tamen
965 3047 1036 3079 voces
1048 3031 1073 3079 in
1087 3032 1202 3088 Lucretio
1218 3031 1291 3080 hodie
1308 3047 1339 3079 ne

228 3111 260 3144 ex
270 3098 394 3145 communi
406 3113 452 3145 usu
463 3097 586 3159 loquendi,
599 3113 647 3159 quo
663 3097 767 3145 dicimus
800 3111 900 3158 quaeras.

227 3176 269 3209 res
285 3161 421 3225 praeteritas
437 3171 519 3224 gestas
535 3179 590 3218 esse,
608 3162 720 3209 ductum:
743 3172 768 3210 et
832 3160 887 3211 470.
913 3159 1001 3223 liebus]
1026 3163 1111 3218 Terris,
1131 3161 1177 3208 Na
1198 3170 1222 3209 et
1240 3160 1339 3223 quidam

227 3225 276 3274 huc
291 3235 401 3290 spectare
420 3226 534 3274 existimo
551 3226 633 3274 omnia
649 3226 698 3283 illa,
713 3243 767 3288 quae
800 3224 848 3273 alii.

227 3290 258 3338 de
269 3290 480 3339 accommodandis
492 3290 594 3354 tempori
607 3290 767 3340 familiaribus
832 3291 887 3341 472.
898 3293 1009 3352 Denique,
1019 3293 1138 3348 Materies,
1143 3290 1200 3353 etc]
1209 3290 1339 3354 Sophisma

226 3356 347 3404 sermonis
368 3355 460 3411 formis,
484 3355 607 3419 Epicurus
630 3355 714 3403 scribit
740 3356 766 3404 in
798 3353 888 3402 iterum
905 3355 1052 3418 aggreditur,
1066 3365 1091 3402 et
1101 3372 1124 3404 v.
1139 3357 1175 3403 12.
1189 3357 1339 3403 demonstrat

227 3420 308 3484 Epist
321 3421 351 3468 ad
365 3420 532 3468 Herodotum:
552 3420 607 3469 obre
619 3421 765 3480 διαλέκτους,
798 3422 845 3467 Res
856 3423 909 3468 olim
918 3428 998 3483 gestor
1010 3435 1059 3468 non
1070 3435 1115 3484 per
1126 3436 1152 3469 se
1164 3430 1282 3478 constare,
1295 3420 1338 3468 sed

226 3485 257 3534 ὡς
277 3482 396 3541 βελτίους,
414 3483 589 3544 μεταληπτέον,
610 3483 667 3533 ἀλλ’
686 3486 766 3536 αὐταῖς
801 3484 886 3533 Inanis
902 3496 928 3533 et
944 3485 1060 3549 Corporis
1076 3489 1166 3534 Ευουία
1186 3502 1251 3534 esse:
1277 3500 1336 3547 quo·

225 3549 278 3598 wir
296 3545 458 3611 ὑπαρχούσαις
475 3549 528 3597 κατ’
547 3550 620 3598 αὐτοῦ
637 3550 764 3612 χρηστέον.
799 3549 865 3598 niam
881 3549 902 3598 si
918 3550 1013 3598 nullum
1030 3551 1126 3613 Corpus
1143 3559 1167 3597 et
1185 3551 1263 3598 Inane
1279 3548 1338 3597 olim

225 3613 275 3668 Qui
286 3628 343 3661 vero
352 3613 443 3661 dixerit
451 3613 495 3660 has
504 3628 557 3661 esse
568 3629 645 3676 nugas
654 3614 764 3663 dialecti·
798 3614 927 3672 extitisset,
950 3615 1004 3663 istae
1025 3630 1065 3662 res
1088 3615 1213 3676 nunquam
1234 3614 1339 3662 fuissent

224 3693 273 3735 cas,
286 3678 440 3727 verissimum
451 3677 553 3732 dixeritr
572 3694 617 3725 nec
632 3689 766 3741 nugaretur
797 3688 880 3740 gestae.

225 3743 363 3800 Lucretius,
373 3742 421 3790 nisi
431 3746 504 3790 Stoici
514 3742 591 3803 (inter
599 3758 659 3804 quos
669 3751 693 3791 et
703 3744 764 3806 Epi·
830 3742 885 3793 473.
907 3740 1038 3803 Gerantur]
1057 3744 1185 3798 Genuntur,
1203 3740 1337 3789 Lambinus

225 3823 311 3855 cureos
320 3807 458 3855 immortale
467 3806 561 3869 odium)
573 3806 708 3855 futilissimi
720 3808 763 3855 ho·
797 3816 883 3854 contra
899 3822 984 3854 omnes
1000 3805 1110 3864 Codices,
1128 3815 1153 3853 et
1169 3805 1287 3861 absurde;
1309 3815 1337 3853 ut

224 3872 318 3920 minum
336 3872 405 3920 hisce
423 3872 525 3935 argutiis
543 3871 649 3935 ineptire
670 3872 762 3933 coigis-
796 3880 865 3933 patet
876 3886 907 3918 ex
918 3887 940 3918 v.
953 3871 1009 3920 479.

224 3947 286 3984 sent.
829 3933 884 3985 477.
911 3933 1042 3997 Durateas]
1066 3931 1207 3997 Aonpdreos,
1233 3935 1335 3983 Homer.

256 4003 312 4049 466.
338 4001 407 4064 Cum]
434 4005 473 4059 Ut,
492 4002 539 4050 Na.
557 4009 582 4049 et
598 4009 645 4048 vet
663 4000 764 4063 quidam
797 4000 883 4063 Odyss
894 3997 923 4048 κ’.
931 4015 963 4047 ex
972 4000 1092 4047 Trabibus
1101 4009 1248 4062 compactus
1272 4006 1334 4049 Δου-

223 4066 300 4114 Codd.
327 4067 534 4125 costantinus
795 4065 863 4125 ρεῖυς,
882 4063 993 4128 Euripid.
1011 4064 1100 4112 Troad.
1128 4061 1205 4112 Ὀθευ
1220 4063 1277 4126 πρὸς
1294 4064 1334 4112 ἆυ-

256 4132 311 4182 467.
336 4133 373 4179 Νο
388 4130 466 4195 forte]
492 4133 529 4178 Ne
554 4138 641 4188 contre,
664 4129 762 4193 quidam
795 4129 855 4191 δρῶν
866 4129 966 4191 ὕστερον
976 4127 1124 4187 κληθήσεται
1135 4130 1247 4190 Δουρεῖος
1264 4130 1336 4179 ἵππος

224 4195 284 4243 cod.
794 4193 899 4256 κρυπτὸν
909 4191 1037 4254 ἀμπίσχοιο
1048 4193 1108 4254 δόρυ.

258 4260 320 4309 Ibid.
342 4262 399 4308 Esse
410 4258 500 4322 fateri]
522 4259 580 4318 Alii,
598 4256 663 4320 sorte
676 4258 760 4322 soteri.
829 4257 891 4306 Ibid.
912 4256 1031 4320 Trm'onis]
1052 4257 1140 4320 Τνοίοϊ,
1159 4258 1187 4306 Β.
1220 4259 1333 4322 Trojenis,

223 4324 281 4383 Alii,
294 4332 375 4373 cuncta
385 4322 469 4386 fateri.
505 4327 542 4372 Ne
558 4332 637 4372 eontra
655 4327 703 4372 iroec
717 4340 760 4386 per
794 4337 879 4371 omnes
890 4321 1018 4371 aliiCodd.
