2872 4852
451 237 622 303 LIBER
652 239 873 304 PRIMUS.
1175 246 1217 307 23

195 391 411 476 Argumenta,
427 392 636 459 fidem-dictis
652 396 829 460 conradere
845 397 983 474 nostris;

195 493 318 557 Verum
334 496 439 558 animo
455 498 532 560 satis
547 496 619 562 haec
635 498 771 581 vestigia
784 520 885 580 parva
901 500 1008 582 sagaci

195 594 290 672 Sunt,
305 618 365 679 per
380 620 454 680 quae
468 599 575 681 possis
591 620 788 683 cognoscere
804 611 922 665 caetera
937 600 1041 665 Tute:

130 709 178 754 405
193 696 345 780 Namque
361 697 468 763 Canes
484 710 520 762 ut
535 701 727 784 montivagae
742 723 891 785 persaepe
907 701 989 765 ferai

193 797 340 862 Naribus
356 800 522 864 inveniunt
536 801 672 865 intectas
689 800 807 865 frunde
823 803 961 885 quietae,

194 900 277 964 Cum
293 900 392 965 semel
405 902 592 966 institerunt
606 903 742 987 vestigia
758 914 847 967 certa
861 905 942 967 viai:

194 1001 248 1066 Sic
264 1001 328 1067 alid
344 1025 386 1067 ex
401 1003 464 1067 alio
476 1026 536 1087 per
551 1015 584 1068 te
600 1003 689 1069 Tute
703 1006 774 1088 ipse
790 1006 901 1070 videre

193 1104 331 1169 Talibus
346 1107 378 1168 in
394 1107 493 1170 rebus
508 1108 643 1190 poteria,
660 1130 828 1192 caecasque
844 1107 986 1173 latebras

129 1219 178 1267 no
196 1205 365 1272 Insinuare
381 1209 515 1285 omneis
531 1221 565 1273 et
580 1210 706 1276 Verum
720 1211 913 1295 protrahere
929 1212 1017 1275 inde.

238 1309 350 1386 Quod,
368 1311 394 1373 si
409 1307 561 1393 pigraris,
577 1310 761 1394 paullumve
776 1314 975 1377 abscesseris
991 1314 1032 1377 ab
1048 1336 1095 1390 re,

195 1409 270 1474 Hoc
285 1412 344 1475 tibi
359 1412 400 1475 de
416 1411 513 1495 plano
528 1434 662 1495 possum
676 1415 877 1497 promittere,
894 1413 1042 1478 Mamur:

195 1510 310 1596 Usque
326 1513 408 1577 adeo
423 1511 531 1597 largos
546 1514 684 1578 haustus
700 1515 742 1578 de
757 1514 894 1579 fontibu'
910 1518 1018 1600 magni

196 1612 324 1698 Lingua
338 1638 410 1680 meo
427 1617 533 1680 suavis
550 1617 608 1680 diti
624 1617 666 1681 de
681 1628 814 1701 pectore
829 1617 957 1695 fundet,

129 1725 176 1771 415
196 1714 244 1779 Ut
257 1739 380 1795 verear,
396 1741 437 1782 ne
452 1719 547 1782 tarda
561 1719 652 1802 prius
666 1741 727 1802 per
741 1720 885 1783 membra
902 1720 1061 1784 Senectus

195 1819 324 1902 Serpat,
341 1831 374 1884 et
388 1822 421 1883 in
437 1822 530 1885 nobis
546 1820 637 1886 Vitai
652 1820 794 1885 claustra
808 1821 960 1898 resolvat,

195 1920 303 1993 Quam
318 1923 377 1986 tibi
393 1922 435 1986 de
449 1923 562 2005 quavis
579 1946 644 1986 una
658 1945 693 1986 re
709 1925 856 1987 versibus
872 1925 974 1988 omnis

192 2023 469 2108 Argumentorum
486 2025 527 2088 sit
542 2027 635 2109 copia
650 2026 747 2088 missa
762 2048 823 2109 per
839 2027 957 2090 aureis.

192 2125 259 2189 Sed
274 2147 360 2190 nunc
370 2127 438 2210 jam
454 2136 600 2209 repetam
615 2136 761 2209 coeptum
775 2139 949 2211 pertexere
964 2128 1071 2192 dictis

129 2241 176 2287 420
238 2227 365 2304 Omnis,
381 2239 418 2291 ut
433 2238 493 2304 est,
510 2228 619 2310 igitur,
636 2250 696 2311 per
712 2251 758 2304 se,
774 2227 917 2304 Natura,
934 2229 1062 2292 duabus

193 2330 351 2393 Consistit
366 2331 483 2406 rebus;
507 2351 581 2392 nam
597 2329 763 2392 Consors
780 2341 866 2404 sunt,
883 2341 917 2393 et
932 2328 1061 2405 lunum

195 2430 279 2494 Haec
294 2431 406 2513 inquo
423 2431 484 2493 sita
499 2439 585 2507 sunt,
602 2440 635 2492 et
650 2452 714 2513 qua
731 2431 858 2493 diversa
873 2440 1061 2493 moventur:

196 2532 324 2615 Corpus
341 2532 424 2596 enim
440 2554 500 2615 per
516 2553 550 2595 se
567 2531 743 2595 communis
760 2530 906 2613 deliquat
921 2553 993 2595 esse

109 2683 167 2747 tigia
185 2683 261 2732 semel
279 2683 391 2748 legerint,
410 2684 505 2732 abditos
524 2683 590 2732 illius
610 2699 647 2732 re·
684 2686 772 2746 Corpus
789 2695 814 2732 et
833 2687 906 2732 Inone
926 2683 1141 2731 demonstraverat
1177 2684 1225 2733 His

108 2764 190 2797 cessus
201 2748 272 2796 facile
283 2748 416 2797 invenient
683 2765 741 2796 vero
752 2765 775 2798 v.
790 2751 827 2796 11.
840 2748 898 2796 olim
913 2748 993 2812 posita
1009 2757 1153 2810 argumenta
1169 2749 1224 2797 bre-

140 2815 195 2861 402.
218 2812 360 2875 Coarndere]
380 2816 513 2871 Concidere,
530 2830 648 2875 comparo·
683 2814 746 2862 viter
761 2822 880 2871 recenset,
899 2823 923 2861 et
939 2828 1016 2861 unum
1033 2811 1102 2861 addit
1117 2828 1132 2859 a
1151 2828 1225 2862 sensu

107 2895 148 2926 re:
165 2877 266 2926 l.VI.v.
278 2880 332 2925 303.
356 2881 433 2940 Atque
440 2880 488 2926 alio
496 2895 524 2926 ea
536 2882 585 2939 ipso
595 2896 647 2926 con·
682 2879 826 2934 deductum
848 2878 982 2940 asseritque
999 2877 1061 2925 nihil
1076 2892 1122 2940 per
1138 2892 1165 2924 se
1182 2893 1225 2926 ex.

107 2945 191 2990 radens
210 2945 271 2990 A'e're
288 2950 376 3004 portat.
406 2943 440 2990 Et
456 2958 478 2990 v.
498 2945 553 2990 443.
590 2946 647 2990 Con·
681 2943 756 2991 istere
767 2956 856 3018 praeter
868 2946 954 3004 Corpus
965 2951 990 2990 et
1001 2945 1079 2990 Inane.
1109 2941 1150 2988 Sic
1162 2942 1223 3005 Epi·

107 3010 191 3056 rodeas
207 3025 234 3055 ec
250 3010 312 3055 Atre
328 3011 414 3056 semina
434 3010 507 3055 rabia
541 3008 649 3070 Ideoque
679 3023 755 3056 curus
771 3023 798 3055 1n
812 3007 891 3072 Epist
905 3008 936 3054 ad
954 3007 1117 3063 Herodotum,
1131 3004 1160 3053 ab
1178 3008 1225 3054 πᾶν

107 3087 156 3134 non
166 3071 281 3121 audiendi
292 3081 350 3120 sunt
360 3071 401 3120 isti
412 3071 454 3134 qui
465 3075 598 3120 cmtrodere
609 3088 648 3120 re·
683 3070 832 3132 ἐστιπῆμὲν
840 3073 915 3132 σῶμα,
924 3074 958 3129 πῆ
967 3069 993 3118 δὲ
1002 3068 1077 3119 κενόν.
1103 3071 1134 3117 In
1145 3070 1224 3133 Epist.

107 3146 209 3200 ponunt.
681 3137 712 3184 ad
730 3136 880 3199 Pythoclem,
890 3136 919 3184 rb
935 3137 984 3183 πᾶν
995 3136 1070 3194 σῶμα,
1082 3133 1121 3182 καὶ
1133 3133 1225 3196 ἀναφὴς

140 3203 195 3249 406.
216 3205 318 3250 Intactas
328 3201 429 3264 frande]
453 3201 546 3260 Livius,
563 3205 649 3250 intecto
682 3200 761 3263 odam.
791 3202 824 3248 Et
835 3201 922 3249 Cicero
936 3200 963 3248 in
981 3200 1017 3247 11.
1030 3199 1061 3247 de
1078 3199 1135 3245 Nat.
1149 3199 1224 3246 Deor.

106 3274 230 3314 stramento
242 3275 317 3314 tecta:
334 3282 384 3314 non
396 3282 458 3329 opus
475 3275 513 3314 est
528 3266 603 3328 igitur
615 3266 648 3314 is·
684 3269 795 3323 Omnium,
805 3283 855 3327 quae
864 3269 918 3322 sint,
929 3267 1053 3320 Naturam,
1063 3279 1111 3310 csse
1124 3265 1225 3324 Corpora

107 3339 187 3378 torum
200 3331 299 3392 ingenio
311 3331 352 3392 qui
364 3339 453 3388 amant,
466 3335 572 3378 intextas.
681 3338 704 3377 et
716 3331 795 3387 Inane,
808 3333 872 3377 docet
883 3332 1006 3390 Epicurus.

139 3395 195 3445 407.
214 3394 296 3456 Certa]
309 3396 397 3452 Prima,
411 3395 439 3442 B.
715 3394 779 3440 Ibid.
804 3396 891 3449 Omnis,
910 3399 936 3439 ut
953 3399 988 3439 est
1003 3407 1047 3452 per
1064 3407 1095 3447 ae,
1115 3389 1223 3453 Natura]

139 3460 195 3506 411.
216 3462 288 3515 Quod,
300 3462 321 3505 st
329 3457 446 3520 pigraris]
461 3457 542 3504 Aliam
554 3457 584 3504 ab
595 3472 646 3504 om·
681 3457 697 3504 i.
717 3473 737 3504 e.
758 3456 845 3504 Omnis
863 3458 965 3512 Natura,
984 3455 1023 3503 vel
1044 3457 1114 3502 Omne
1133 3469 1178 3517 per
1197 3471 1224 3503 se

107 3523 180 3571 nibus
191 3524 365 3585 Interpretum,
376 3538 398 3569 v.
409 3523 430 3570 9.
439 3521 583 3569 commentis
592 3537 647 3569 sen·
682 3520 805 3568 existens:
827 3531 851 3568 et
868 3529 896 3567 ut
912 3520 1035 3583 Epicurus
1051 3519 1077 3566 in
1095 3518 1174 3582 Epist.
1193 3521 1224 3567 ad

107 3587 209 3636 tentiam
221 3597 338 3648 sequutus
354 3601 416 3643 sum,
429 3601 500 3647 quam
512 3601 594 3633 veram
613 3595 648 3632 ta·
684 3585 778 3633 Herod.
791 3586 849 3633 Kat’
862 3584 934 3634 ai‘rrdr
945 3581 1035 3646 otras.

107 3668 165 3701 men
183 3667 237 3702 esse
257 3651 372 3699 fatebitur
390 3650 412 3698 is
432 3651 528 3708 Lector,
547 3649 589 3712 qui
610 3666 648 3698 se·
714 3652 770 3698 421.
791 3647 911 3711 Consistit]
930 3648 988 3706 Alii,
1005 3651 1108 3696 constitit
1124 3652 1155 3706 tn,
1176 3647 1223 3696 im·

107 3730 210 3781 quentes
236 3732 320 3765 versus
353 3715 484 3778 diligenter
510 3714 648 3778 perpendit,
682 3715 768 3779 perite.
965 3741 971 3753 .

107 3782 223 3844 novitque
240 3781 382 3830 Lucretium
400 3780 430 3828 de
449 3779 558 3844 Epicuro
576 3789 601 3828 et
618 3779 649 3827 de
716 3779 778 3828 Ibid.
793 3778 866 3841 Nam]
882 3781 945 3837 Quo,
957 3780 988 3827 G.

107 3847 188 3910 seipso
200 3845 262 3894 nihil
272 3846 424 3894 moderatum
434 3844 533 3892 sentire.
713 3846 769 3892 423.
789 3846 876 3906 Corpus
892 3847 958 3901 enim,
970 3841 1026 3904 eta]
1046 3843 1104 3906 Ipsa
1112 3843 1142 3888 „E
1162 3842 1224 3890 icuri

139 3913 195 3958 413.
217 3913 292 3972 Usque
305 3913 361 3958 adeo
378 3908 530 3972 largnano]
548 3909 646 3957 Lambi-
681 3911 768 3957 verba:
786 3905 1127 3968 Τὰμὲνσώματαὼςέστιν,κ
1164 3907 1224 3964 αὐτὴ

107 3992 153 4024 nus
174 3991 188 4024 e
209 3976 282 4023 MSS.
303 3974 370 4038 legit,
396 3977 470 4036 Usque
490 3977 546 4022 adeo
565 3977 648 4036 largos,
681 3972 818 4031 ἡαῖσθησις
832 3971 869 4020 ἐπὶ
885 3970 981 4020 πάντων
996 3973 1114 4034 μαρτυρεῖ,
1132 3971 1183 4018 καθ’
1195 3969 1225 4026 ἣν

106 4045 199 4089 haustos
210 4044 238 4088 de
242 4038 355 4102 sontibus,
369 4041 458 4087 Amnes.
682 4037 812 4099 ἀναγκαῖον
820 4037 849 4085 rb
862 4037 952 4094 ἄδηλον
959 4037 994 4098 τῷ
1004 4035 1115 4096 λογισμῷ
1125 4035 1223 4094 τεκμαί-

141 4105 204 4153 lbid.
220 4108 258 4153 De
262 4103 378 4168 sontibu’]
397 4103 437 4151 Ex
454 4102 556 4167 Epicuri
570 4102 648 4159 libris,
681 4107 771 4165 ρεσθαι·
788 4101 809 4150 εἰ
824 4101 858 4162 μὴ
869 4099 923 4158 ibt
940 4101 1015 4159 κενὸν,
1028 4099 1067 4148 καὶ
1084 4098 1172 4161 χώραν,
1185 4097 1224 4146 καὶ

106 4173 176 4232 cujus
186 4185 237 4218 non
254 4179 349 4218 tanturn
367 4167 503 4232 opiniones,
515 4167 558 4216 sed
575 4166 650 4215 etiam
682 4166 761 4229 ἀναφῆ
773 4165 846 4229 φύσιν
856 4164 1008 4226 ὀνομάζομεν,
1026 4165 1069 4213 οὐκ
1080 4163 1109 4211 ἂν
1123 4161 1177 4222 εἶχε
1192 4161 1225 4208 τὰ

108 4236 182 4284 verba
193 4234 282 4297 ubique
294 4233 385 4298 premit
396 4241 421 4280 et
431 4241 544 4281 sectatur.
683 4231 782 4291 σώματα
789 4231 848 4279 ὅπου
854 4229 890 4287 ἣν,
900 4227 954 4278 οὐδὲ
962 4229 990 4277 δι’
998 4227 1025 4278 οὗ
1034 4228 1141 4282 ἐκινεῖτο,
1150 4223 1222 4272 καθά-

142 4301 196 4346 420.
216 4302 301 4357 Omnis,
318 4307 345 4347 ut
360 4306 402 4356 eat,
419 4301 499 4360 igitur,
519 4295 574 4359 eta]
594 4297 649 4345 Jarn
682 4314 727 4358 περ
737 4296 846 4358 φαίνεται
858 4293 988 4354 κινούμενα.
1008 4291 1093 4356 Epad
1104 4288 1223 4337 Herodot.
