2872 4852
147 221 212 285 018
528 215 570 286 T.
604 215 874 282 LUCRETII

235 373 377 439 Brachia
391 384 459 437 tum
474 393 572 457 porro
588 372 701 436 validis
718 396 760 436 ex
775 385 853 458 apta
867 372 998 439 lacertis

236 478 335 554 Esse,
349 475 538 560 ‘Manusque
554 475 647 539 datas
660 487 799 560 utraque
815 499 834 540 a
850 489 943 561 parte
958 478 1133 557 ministrae,

237 577 286 643 Ut
300 578 407 643 facere
424 577 465 640 ad
480 578 577 640 vitam
592 578 765 661 possimus,
783 601 856 661 quae
871 577 957 643 foret
973 602 1063 644 usus.

172 693 220 739 880
280 680 408 744 Caetera
423 679 464 742 de
481 701 600 763 genere
615 679 678 742 hoc
693 680 777 742 inter
791 702 995 764 quaecunque
1010 691 1196 766 pretantur,

240 783 360 847 Omnia
375 804 530 867 perversa
544 791 746 865 praepostera
762 790 837 844 sunt
852 782 996 860 ratione3

237 884 297 948 Nil
310 885 394 949 adeo
410 884 561 968 quoniam
576 893 687 946 natum
702 882 741 945 'st
755 883 789 944 in
804 882 963 967 Corpore,
979 895 1017 948 ut
1031 885 1079 949 001

238 987 426 1061 Possemus,
444 985 503 1048 sed
519 984 608 1067 quod
623 994 736 1047 natum
750 985 801 1061 ’st,
818 985 852 1048 id
868 997 1020 1069 procreat
1035 1010 1147 1052 usum:
1213 1049 1216 1053 .

238 1087 311 1152 Nec
326 1087 388 1151 fuit
402 1097 477 1149 ante
491 1084 619 1150 Videre
636 1086 817 1150 Oculorum
832 1086 953 1151 lumina
968 1099 1063 1167 nata;

174 1203 221 1249 835
239 1189 314 1254 Nec
330 1189 425 1253 dictis
441 1188 548 1252 Orare
561 1189 662 1272 prius,
679 1211 777 1272 quam
792 1189 923 1274 Lingua
938 1202 1048 1255 creata
1063 1191 1121 1255 'stz

240 1291 307 1355 Sed
322 1291 431 1375 potius
445 1289 542 1374 longe
559 1289 698 1373 Linguae
713 1293 882 1374 praecessit
897 1292 989 1376 origo

239 1393 438 1468 Sermonem,
454 1389 620 1476 multoque
635 1402 753 1456 creatae
770 1402 845 1457 sunt
859 1393 950 1477 prius
965 1392 1087 1470 Aures,

239 1495 348 1568 Quam
363 1493 471 1557 Sonus
487 1502 538 1557 est
553 1494 702 1571 auditus;
726 1502 760 1557 et
775 1495 881 1557 omnia
896 1495 1036 1579 denique
1051 1497 1196 1561 membra

238 1594 328 1660 Ante
343 1595 447 1672 fuere,
464 1595 513 1677 (ut
529 1595 670 1679 opinor,)
684 1617 797 1659 eorum
812 1618 909 1680 quam
924 1596 1010 1662 foret
1025 1620 1122 1662 usus:

176 1711 223 1756 840
243 1698 345 1762 Haud
360 1699 460 1780 igitur
474 1707 614 1780 potuere
626 1698 741 1761 utendi
757 1719 904 1763 crescere
920 1721 1028 1764 causa.

283 1799 331 1864 At
346 1809 460 1863 contra
475 1798 623 1863 conferre
638 1822 736 1863 manu
748 1801 923 1864 certamina
937 1824 1069 1886 pugnae,

241 1902 288 1966 Et
302 1901 445 1966 lacerare
462 1911 563 1978 00008,
578 1900 769 1986 foedareque
783 1906 928 1967 membra
944 1926 1072 1981 cruore,

239 2004 329 2069 Ante
345 2004 407 2068 fuit
421 2003 534 2080 mult0,
550 2026 647 2089 quam
660 2001 769 2068 lucida
784 2004 849 2069 tela
864 2005 1030 2070 volarent:

240 2107 288 2171 Et
302 2105 416 2170 volnus
431 2107 532 2170 vitare
547 2107 638 2190 prius
653 2116 771 2170 natura
786 2108 906 2191 coegit,

176 2223 223 2269 845
243 2210 353 2287 Quam
367 2209 461 2272 daret
476 2208 641 2292 objectum
655 2213 779 2293 parmai
792 2209 874 2273 laeva
888 2231 948 2294 per
963 2219 1075 2274 artem.

282 2310 413 2376 Scilicet
428 2321 462 2376 et
477 2310 599 2374 fessum
614 2334 733 2396 corpus
749 2313 903 2376 mandare
917 2313 1030 2396 quieti,

240 2413 350 2479 Multo
365 2414 529 2498 antiquius
544 2424 606 2490 est,
623 2436 721 2497 quam
734 2413 810 2478 lecti
824 2413 932 2478 mollia
948 2424 1067 2491 strata3

240 2517 288 2582 Et
303 2517 419 2581 sedare
435 2516 519 2580 sitim
534 2515 624 2599 prius
641 2525 702 2592 est,
719 2538 816 2598 quam
831 2516 959 2601 pocula,
975 2527 1097 2580 natum.

239 2618 324 2683 Haec
339 2619 437 2703 igitur
452 2626 587 2702 possent
601 2617 715 2679 utendi
730 2618 859 2701 cognita
874 2640 972 2683 causa

176 2733 223 2779 800
240 2719 389 2796 Credier,
404 2743 446 2784 ex
461 2741 525 2782 usu
539 2740 613 2802 quae
629 2728 705 2782 sunt
719 2719 849 2803 vitaque
864 2730 1012 2805 reperta:
1028 2791 1032 2794 ,

158 2898 162 2904 .
239 2820 299 2884 Illa
314 2821 446 2905 quidem
461 2842 608 2884 seorsum
622 2830 698 2884 sunt
713 2822 829 2899 omnia,
846 2844 920 2906 quae
936 2823 1027 2907 prius
1043 2823 1116 2906 ipsa

238 2922 341 2999 Nata,
357 2921 479 2985 dedere
496 2943 564 2984 suae
578 2931 655 3006 post
668 2922 815 2986 notitiam
830 2922 976 2987 utilitatis
989 2950 997 3002 3

240 3025 318 3098 Quo
332 3045 452 3109 genere
466 3024 500 3086 in
514 3023 624 3107 primis
640 3022 775 3100 SensuS,
791 3034 825 3088 et
840 3023 994 3089 Membra
1008 3026 1165 3090 videmus.

161 3170 164 3175 ι
239 3128 353 3201 Quare
368 3126 465 3190 etiam
479 3136 578 3210 atque
591 3125 688 3190 etiam
702 3126 817 3211 procul
831 3136 882 3191 est
897 3137 935 3191 00
949 3129 1083 3192 credere
1098 3129 1217 3213 possis,

174 3243 221 3290 800
243 3229 398 3294 Utilitatis
413 3230 456 3291 ob
471 3227 611 3292 officium
625 3229 771 3312 potuisse
788 3231 901 3294 creari.

280 3330 367 3395 Illud
381 3331 458 3396 item
472 3353 537 3394 non
552 3340 603 3394 est
618 3331 809 3411 mirandum,
826 3332 982 3418 Corporis
997 3334 1070 3417 ipsa
1167 3402 1176 3419 .

162 3565 240 3624 ν829.
265 3567 321 3616 Qua
330 3562 408 3628 soret]
426 3566 529 3615 Rectius
545 3582 617 3628 quam
637 3582 687 3628 qua
717 3568 769 3628 J‘am
780 3575 805 3614 et
813 3566 938 3630 perculsos
947 3565 1144 3629 aggrederentur.
1173 3566 1260 3613 Faber.

146 3625 220 3690 firat.
753 3632 808 3678 850.
836 3629 945 3692 Vimque]
966 3630 1005 3677 Ita
1022 3630 1068 3677 hoc
1085 3629 1139 3677 1000
1156 3638 1262 3693 usurpat

164 3747 167 3751 .
185 3693 241 3740 834.
262 3691 356 3753 Videre]
374 3693 441 3741 Usus
455 3692 561 3750 videndi,
579 3703 607 3741 ut
622 3701 688 3740 recte
720 3698 797 3752 vitam,
807 3702 835 3743 ut
843 3693 924 3743 Graeci
935 3693 979 3741 τὸν
989 3693 1050 3751 βίον,
1060 3710 1109 3742 000
1120 3691 1194 3754 §olm
1213 3709 1260 3756 pro

152 3754 303 3811 Lactantius,
311 3755 352 3803 lib.
362 3757 414 3805 111.
422 3758 453 3805 de
463 3757 528 3820 Opif.
540 3757 595 3814 Dei,
603 3773 655 3820 000.
664 3757 687 3804 6.
721 3758 880 3823 experientia,
891 3757 936 3807 viz.
946 3766 972 3805 et
979 3755 1059 3820 πράξει
1067 3761 1116 3807 τῶν
1125 3759 1150 3807 ἐν
1160 3759 1195 3819 τῷ
1205 3756 1259 3820 βίῳ.

185 3821 241 3869 845.
261 3821 334 3871 Quam
350 3823 417 3869 daret
432 3821 551 3882 objectum,
567 3820 623 3883 eta]
642 3821 688 3868 Ni·
722 3826 804 3872 Faber.

152 3885 188 3937 hil
207 3885 308 3932 fortasse
329 3893 367 3931 est
386 3884 542 3946 quamobrem
562 3885 602 3932 hic
622 3885 690 3933 aliud
754 3888 809 3934 856.
834 3888 898 3934 Illud
915 3890 968 3934 item
986 3903 1028 3934 non
1048 3894 1090 3944 est,
1108 3885 1165 3948 000]
1186 3885 1261 3936 Circa

152 3965 225 4014 quam
236 3947 300 4011 quod
312 3947 393 4010 prima
408 3948 488 3996 fronte
504 3957 607 4010 apparet
623 3965 688 4011 0000-
721 3951 810 3999 famem
822 3959 846 3998 et
857 3951 923 3999 sitim
935 3951 1011 4014 siquis
1022 3951 1190 3999 difficultatem
1205 3966 1260 4000 mo·

151 4024 227 4072 ratur,
239 4013 282 4061 sed
296 4027 342 4060 nec
359 4013 401 4061 abs
417 4028 444 4061 re
462 4021 544 4061 tamen
560 4012 634 4061 fuerit
650 4014 687 4062 di·
720 4024 783 4073 reat,
801 4014 876 4073 illam,
889 4031 912 4064 v.
932 4017 969 4064 19.
987 4015 1058 4063 facile
1075 4016 1190 4080 expediet
1207 4016 1259 4065 Lu-

152 4095 215 4138 cere,
227 4077 357 4142 Olypeatos
370 4076 436 4135 olim,
448 4084 474 4124 et
489 4076 613 4150 praecipue
632 4077 686 4126 Pel·
720 4079 824 4128 cretius:
842 4081 938 4128 erebus
947 4080 1060 4129 omnibus
1069 4081 1145 4128 multa
1156 4096 1261 4154 corpora

152 4153 228 4194 008008
236 4141 370 4192 discursare
398 4157 425 4189 er
433 4139 531 4189 hostilia
540 4150 619 4190 008000
630 4142 686 4191 8011-
721 4143 873 4201 emittuntur,
902 4160 934 4193 ex
966 4144 1111 4193 animalibus
1144 4145 1259 4209 plurima,

152 4219 198 4268 008,
215 4224 245 4257 00
261 4215 357 4256 tautum
374 4157 423 4254 dne
440 4214 468 4254 ut
486 4205 570 4254 obvios
590 4215 686 4269 protru·
719 4210 796 4257 multa
807 4224 852 4272 per
862 4224 935 4272 poros
952 4208 1068 4273 corporis,
1081 4209 1160 4258 multa
1174 4225 1218 4273 per
1230 4227 1259 4260 os

152 4274 246 4331 darent,
264 4288 312 4334 quo
331 4280 425 4320 0000800
444 4269 521 4334 copiae
540 4269 688 4321 disturbatos
719 4272 836 4329 8111000ος
856 4273 982 4324 subductis
999 4283 1081 4323 autem
1096 4273 1163 4324 hisce
1180 4275 1259 4338 parti·
