2872 4852
460 232 630 296 LIBER
659 231 934 306 QUARTUS.
1188 231 1251 295 217

225 388 272 452 Et
286 398 394 452 tamen
408 388 441 450 in
455 390 554 452 rebus
570 411 703 473 quoque
719 388 840 472 apertis
857 409 993 452 noscere
1009 388 1127 471 possis,

160 504 207 550 810
226 491 261 554 Si
277 513 341 554 non
356 491 506 555 advertas
524 490 689 568 Animum,
706 491 843 575 proinde
859 512 943 567 esse,
960 490 1054 574 quasi
1068 491 1155 554 omni

225 592 390 676 Tempore
408 605 539 657 semotae
555 593 686 670 fuerint,
703 593 865 678 longeque
881 603 1024 656 remotae.

224 693 294 757 Cur
308 694 408 779 igitur
422 695 538 758 mirum
552 705 614 771 est,
632 694 769 758 Animus
787 696 814 757 si
828 705 948 771 caetera
960 693 1082 778 perdit,

223 795 462 880 Praeterquam
477 797 596 881 quibus
612 797 711 861 estin
726 798 824 860 rebus
841 796 972 859 deditus
988 795 1084 878 ipset

267 897 399 962 Deinde
414 898 628 981 adopinamur
643 897 684 960 de
701 898 800 980 signis
815 897 954 960 maxima
970 896 1096 979 parvis;

158 1010 206 1056 815
224 996 276 1062 Ac
292 1020 350 1062 nos
367 999 400 1061 in
415 998 753 1069 fraudeminduimus,
769 995 964 1060 frustramur
978 1005 1011 1058 et
1025 996 1098 1079 ipsi.

266 1099 320 1163 Fit
335 1122 477 1183 quoque,
494 1111 531 1163 ut
545 1099 708 1162 interdum
724 1120 788 1161 non
805 1098 1034 1181 suppeditetur
1048 1097 1160 1182 Imago

222 1201 382 1286 Ejusdem
397 1202 537 1286 generis,
555 1200 613 1264 sed
628 1199 777 1264 Foemina
791 1221 865 1283 quae
880 1198 941 1263 fuit
956 1208 1043 1275 ante,

222 1303 262 1366 In
276 1305 424 1368 manibus
440 1303 502 1368 Vir
518 1313 587 1366 tum
601 1302 707 1366 factus
722 1301 871 1364 videatur
886 1301 1021 1378 adesse;

221 1403 292 1469 Aut
307 1405 368 1469 alia
383 1404 501 1469 exalia
516 1403 627 1480 facies,
644 1414 789 1486 aetasque
805 1412 978 1486 sequatur:

157 1519 205 1564 sto
224 1507 325 1580 Quod
341 1530 382 1571 ne
398 1507 561 1581 miremur,
578 1505 696 1588 Sopor,
714 1514 811 1588 atque
828 1503 959 1567 Oblivia
974 1514 1099 1568 curant.

264 1608 351 1672 lllud
366 1610 398 1672 in
414 1607 464 1671 his
481 1608 580 1671 rebus
596 1607 708 1670 vitium
722 1605 940 1682 vehementer,
955 1615 989 1669 et
1002 1605 1100 1668 istum

221 1709 380 1794 Effugere
395 1732 550 1785 errorem,
566 1708 733 1792 vitareque
747 1707 1002 1791 praemeditator,

221 1812 360 1875 Lumina
375 1834 416 1875 ne
431 1811 530 1876 facias
547 1808 727 1874 Oculorum
743 1807 829 1873 clara
844 1818 965 1884 creata,

220 1913 413 1998 Prospicere
429 1924 466 1976 ut
480 1913 660 1997 possimus3
684 1923 728 1989 et,
746 1922 782 1974 ut
797 1911 943 1995 proferre
959 1911 1021 1974 viai

155 2025 202 2072 82⁵
223 2014 382 2078 Proceros
397 2035 527 2097 passus,
542 2013 617 2077 ideo
632 2013 762 2095 fastigia
776 2034 874 2096 posse
923 2038 925 2043 ·

219 2116 388 2190 surarum,
403 2136 442 2177 ac
457 2112 626 2176 Feminum
641 2113 781 2197 pedibus
798 2111 935 2176 fundata
947 2111 1077 2196 plicari3

166 2353 220 2399 813.
238 2354 267 2400 Iu
278 2354 346 2400 rebus
357 2349 462 2413 deditus]
475 2349 516 2398 stc
528 2350 569 2398 lib.
585 2352 669 2399 111.·v.
703 2351 801 2399 auditur
824 2353 880 2414 χρῆ,
900 2359 1004 2415 oportet.
1040 2353 1149 2401 Nardius
1172 2353 1241 2402 deni·

134 2416 190 2467 647.
219 2419 251 2464 lit
262 2419 331 2464 simul
341 2420 458 2478 inpugna
470 2417 546 2463 studio
557 2419 617 2477 quod
629 2418 669 2463 de-
703 2431 764 2478 que:
802 2418 912 2479 Efficgere
944 2433 1043 2465 errorem
1073 2421 1170 2476 illoram
1202 2421 1243 2480 qui

132 2483 312 2529 ditoMenseat.
704 2483 752 2528 laec
772 2483 967 2541 premeditentur.
1008 2481 1057 2530 Sed
1075 2482 1106 2530 de
1128 2482 1167 2531 his
1189 2481 1239 2530 liti-

165 2547 222 2593 815.
246 2548 275 2593 In
286 2543 397 2606 fraudem
416 2547 531 2592 induimus
551 2543 603 2606 nos]
627 2545 669 2592 ci·
702 2554 762 2608 gent
783 2545 942 2607 grammatici.
981 2546 1134 2595 Praecedeuti
1155 2547 1240 2610 dispu-

131 2625 201 2658 cero:
219 2613 347 2658 Antiochus
358 2612 382 2656 a'n
397 2612 423 2656 td
438 2613 512 2671 ipsum
528 2611 588 2671 quod
604 2613 668 2658 time·
703 2608 790 2656 rationi
810 2609 915 2672 subjicit,
936 2625 958 2658 v.
980 2612 1018 2658 35.
1040 2611 1113 2659 aliam
1136 2611 1239 2675 Epicuri

132 2677 172 2721 bot
187 2691 211 2723 se
227 2677 344 2722 induebat.
380 2673 495 2721 Plautus:
516 2675 563 2721 Cur
578 2691 616 2722 uos
632 2678 668 2722 in·
702 2673 851 2737 opinionem,
878 2689 959 2738 quam,
988 2674 1035 2724 nisi
1061 2675 1241 2740 providentiam

130 2741 203 2786 dultia
214 2743 238 2786 in
249 2755 289 2786 eas
299 2741 422 2800 captiones,
435 2755 492 2800 quos
503 2755 617 2800 nunquam
629 2755 668 2787 ea·
702 2737 849 2796 admitteret,
867 2738 990 2803 explicare
1006 2750 1031 2803 et
1046 2741 1177 2790 defendere
1194 2740 1241 2789 tuit

127 2806 240 2864 plicatis?
702 2818 808 2851 necesse.
839 2803 1051 2861 Haecautemest;
1069 2805 1238 2870 nihilinpro·

165 2867 227 2915 lbid.
252 2871 402 2916 Frustromur
420 2866 456 2929 et]
473 2867 558 2915 Codex
578 2867 668 2925 Vossii,
701 2866 812 2916 creandis
829 2867 976 2917 animalibus
995 2869 1156 2933 providentiae
1175 2869 1239 2919 ratio

122 2930 294 2994 frustranu'nis.
701 2931 786 2980 molita
798 2941 843 2990 est,
855 2947 912 2980 nam
929 2948 1009 2996 neque
1025 2934 1090 2982 oculi
1106 2934 1164 2983 facti
1180 2944 1239 2984 sunt

162 2997 216 3044 816.
240 2999 282 3044 Fit
304 3013 395 3058 quoque,
418 3004 445 3044 ut
467 2999 588 3054 interdum,
609 2995 665 3059 eta]
698 2997 729 3044 ad
746 2995 886 3053 videndum,
904 3012 983 3060 neque
999 3014 1071 3047 aures
1087 2999 1118 3047 ad
1135 2999 1237 3048 audieu-

129 3060 213 3108 Tertia
225 3061 258 3122 (si
269 3060 303 3108 sit
313 3060 383 3108 aliaa
395 3059 600 3124 praecedentibus)
618 3061 664 3108 dit·
698 3061 764 3119 dum,
777 3076 856 3123 neque
872 3061 957 3124 lingua
972 3063 1004 3110 ad
1020 3062 1176 3125 loquendum,
1192 3079 1236 3112 ue·

129 3124 231 3184 ficultas,
248 3141 271 3173 v.
289 3127 312 3172 5.
334 3125 486 3173 continetur:
513 3126 598 3173 eadem
619 3126 664 3174 viz.
698 3141 745 3187 que
768 3125 843 3189 pedes
865 3126 897 3173 ad
917 3126 1098 3186 ambulandum,
1121 3127 1237 3190 quoniam

128 3188 209 3252 imago
225 3190 297 3238 modo
314 3205 373 3247 mas,
385 3191 457 3238 modo
474 3190 580 3247 foemina,
593 3191 665 3237 modo
698 3190 767 3253 prius
778 3190 830 3238 haec
842 3199 900 3238 nata
914 3200 972 3238 sunt
989 3206 1062 3252 quam
1080 3201 1145 3240 esset
1161 3191 1236 3254 loqui,

129 3269 197 3316 puer,
210 3264 235 3302 et
246 3254 328 3302 subito
344 3269 419 3302 senex
436 3270 480 3317 per
492 3269 604 3301 somnum
621 3269 665 3316 ap·
697 3254 787 3311 videre,
806 3254 897 3312 audire,
914 3254 1052 3303 ambulare:
1087 3271 1136 3304 uno
1153 3257 1235 3314 verbo,

128 3328 211 3380 paret:
236 3319 279 3366 red
296 3319 343 3366 ista
361 3334 390 3366 eo
408 3319 480 3366 modo
498 3334 546 3381 quo
565 3318 665 3380 reliquae
697 3318 781 3365 docuit
806 3317 936 3380 Epicurus,
959 3334 1009 3366 non
1036 3321 1146 3368 membra
1172 3320 1236 3369 lacta

128 3382 245 3446 explicari
257 3392 349 3447 potest;
367 3383 453 3430 saltem
470 3383 496 3430 in
513 3381 665 3446 explicandis
698 3397 728 3429 ex
740 3380 903 3430 destinatione
920 3381 951 3429 ad
967 3397 1046 3440 usum,
1058 3384 1102 3431 sed
1118 3384 1235 3434 membris

128 3447 229 3496 somniis
239 3462 341 3510 quorum
350 3447 481 3494 maximam
490 3456 586 3510 partem
595 3445 664 3494 obliti
696 3461 755 3493 casu
775 3444 865 3508 genitis
885 3445 993 3493 oblatum
1015 3463 1087 3495 urum
1109 3458 1235 3512 arreptum

128 3527 212 3560 sumus
222 3512 312 3559 frustra
323 3525 453 3558 moramur.
696 3509 785 3564 fuisse3
803 3523 860 3556 nam
871 3518 899 3556 ut
914 3509 1039 3573 quidpiam
1055 3513 1087 3560 ob
1104 3528 1175 3562 usum
1191 3513 1236 3562 fiat

160 3578 215 3624 821.
239 3579 304 3623 Illud
319 3579 343 3623 tn
359 3579 395 3623 iis
412 3578 480 3622 rebus
500 3573 662 3637 utinmotu]
695 3573 809 3636 aliquem,
829 3574 994 3636 praecognosci
1014 3575 1086 3624 debet
1106 3592 1172 3636 usus,
1191 3587 1234 3627 aut

127 3639 247 3698 Gil'anius,
260 3642 324 3687 Illud
334 3643 359 3686 tn
370 3642 406 3687 tis
417 3642 485 3688 rebus
500 3642 581 3687 uinum
597 3641 661 3686 vete·
696 3637 852 3703 praexistere
863 3637 955 3701 aliquid
967 3654 998 3687 ex
1011 3656 1058 3702 quo
1074 3641 1096 3690 is
1112 3657 1171 3691 usus
1187 3658 1232 3692 ne·

126 3713 213 3753 menter
229 3704 315 3762 inesto,
333 3706 442 3767 Effugere
459 3703 605 3764 illorumque
623 3718 661 3750 er·
695 3703 815 3751 cassarius
857 3703 1029 3753 commodusve
1073 3706 1232 3769 significetur.

126 3784 206 3817 rorem
228 3768 431 3833 praemeditemur.
473 3767 530 3826 Alii,
553 3771 618 3815 Illud
638 3771 663 3816 in
696 3769 793 3831 Nempe
815 3766 863 3815 nisi
886 3783 944 3816 usus
971 3768 1069 3831 quidam
1096 3772 1234 3835 praefuisset

126 3837 162 3881 hic
179 3837 247 3882 retur
266 3837 346 3880 uitium
366 3836 506 3881 uehementer
525 3832 577 3881 vise
594 3834 661 3892 Effu·
694 3831 827 3896 pugnandi,
851 3832 1023 3892 indormiendi,
1048 3835 1115 3884 sitim
1141 3836 1232 3886 restin-

124 3915 186 3960 gere,
207 3914 304 3946 errorem
326 3901 443 3958 vitareque
465 3905 660 3960 praemementer.
693 3897 792 3960 guendi,
804 3897 914 3945 futurum
926 3913 977 3946 non
993 3899 1040 3948 fuit
1055 3910 1083 3948 ut
1099 3916 1174 3959 arma,
1186 3917 1230 3950 cu-

127 3963 219 4010 Faber:
237 3963 302 4009 illud
317 3965 341 4009 in
357 3965 394 4010 luis
409 3965 477 4010 rebus
493 3965 574 4009 uitium
585 3960 662 4010 vitare
694 3962 759 4019 bilia,
769 3961 857 4025 pocula
868 3963 1045 4026 excogitentur.
1074 3966 1232 4014 Oculusvero

125 4037 255 4082 memento,
267 4029 377 4090 Efficgere
393 4025 538 4088 illorumque
555 4041 662 4074 errorem
696 4027 794 4075 ridendi
805 4042 878 4074 causa
889 4042 939 4075 non
951 4027 1032 4102 potuit
1046 4029 1107 4088 fieri,
1119 4046 1175 4078 cum
1192 4030 1231 4078 ui-

125 4099 320 4154 praemetuenter.
361 4091 389 4139 ld
407 4103 451 4149 ert,
470 4099 548 4149 caute,
569 4090 662 4149 sedulo,
695 4090 730 4139 lril
742 4101 806 4140 esset
815 4091 903 4149 nsum,
915 4100 940 4140 et
950 4102 1104 4154 ignoraretur
1115 4094 1232 4156 quidnam

125 4155 285 4204 considerate.
314 4155 404 4204 Nescio
421 4156 488 4218 quis:
507 4158 571 4204 Illud
585 4158 610 4202 a'n
627 4159 664 4204 liis
695 4156 757 4204 visio
769 4157 844 4212 loret;
862 4171 941 4219 neque
953 4157 1019 4205 auris
1035 4157 1133 4205 auditus
1149 4171 1230 4214 causa,

125 4223 194 4268 rebus
204 4224 284 4268 uitium
295 4224 435 4269 uehementer
446 4223 516 4268 nesse
533 4223 568 4268 Et
577 4217 662 4282 sugere
695 4235 750 4269 cum
761 4230 787 4269 et
797 4220 860 4268 nihil
872 4221 936 4269 soret
951 4222 1069 4279 auditum,
1082 4229 1108 4269 et
1122 4219 1230 4268 nescire·

123 4301 224 4333 errorem
243 4288 359 4347 vitareque
376 4293 558 4348 praemetaenter.
600 4285 662 4333 Sub·
696 4294 736 4333 tur
743 4285 802 4350 quid
810 4294 874 4396 capet
884 4284 989 4333 auditio:
1005 4294 1077 4348 atque
1085 4283 1120 4334 ita
1128 4286 1158 4332 de
1168 4283 1229 4334 aliis.

807 4363 820 4395 r
