<?xml version="1.0" encoding="UTF-8"?>
<!DOCTYPE html PUBLIC "-//W3C//DTD XHTML 1.0 Transitional//EN"
    "http://www.w3.org/TR/xhtml1/DTD/xhtml1-transitional.dtd">
<html xmlns="http://www.w3.org/1999/xhtml" xml:lang="en" lang="en">
 <head>
  <title>
</title>
<meta http-equiv="Content-Type" content="text/html;charset=utf-8" />
  <meta name='ocr-system' content='tesseract 3.04.00' />
  <meta name='ocr-capabilities' content='ocr_page ocr_carea ocr_par ocr_line ocrx_word'/>
</head>
<body>
  <div class='ocr_page' id='page_1' title='image "./titilucretiicar04carugoog_0381.png"; bbox 0 0 2872 4852; ppageno 0'>
   <div class='ocr_carea' id='block_1_1' title="bbox 426 249 1206 319">
    <p class='ocr_par' dir='ltr' id='par_1_1' title="bbox 426 249 1206 319">
     <span class='ocr_line' id='line_1_1' title="bbox 426 249 1206 319; baseline 0.004 -13"><span class='ocrx_word' id='word_1_1' title='bbox 426 250 618 319; x_wconf 72' lang='lat' dir='ltr'>RICARDI</span> <span class='ocrx_word' id='word_1_2' title='bbox 644 249 874 307; x_wconf 84' lang='lat' dir='ltr'>BENTLEII.</span> <span class='ocrx_word' id='word_1_3' title='bbox 1153 259 1206 316; x_wconf 78' lang='lat'>359</span> 
     </span>
    </p>
   </div>
   <div class='ocr_carea' id='block_1_2' title="bbox 83 387 1217 4394">
    <p class='ocr_par' dir='ltr' id='par_1_2' title="bbox 96 387 1207 646">
     <span class='ocr_line' id='line_1_2' title="bbox 96 387 1205 451; baseline -0.001 -11"><span class='ocrx_word' id='word_1_4' title='bbox 96 391 259 441; x_wconf 69' lang='grc'><strong>1111111111.</strong></span> <span class='ocrx_word' id='word_1_5' title='bbox 289 390 343 438; x_wconf 89' lang='lat' dir='ltr'>Imo</span> <span class='ocrx_word' id='word_1_6' title='bbox 354 404 383 437; x_wconf 87' lang='lat' dir='ltr'>ea</span> <span class='ocrx_word' id='word_1_7' title='bbox 391 391 492 436; x_wconf 79' lang='lat' dir='ltr'>omnibns</span> <span class='ocrx_word' id='word_1_8' title='bbox 501 387 585 437; x_wconf 87' lang='lat' dir='ltr'>auditu</span> <span class='ocrx_word' id='word_1_9' title='bbox 594 388 635 450; x_wconf 71' lang='grc'>1111-</span> <span class='ocrx_word' id='word_1_10' title='bbox 671 387 970 451; x_wconf 63' lang='lat' dir='ltr'>nissepecapranute.</span> <span class='ocrx_word' id='word_1_11' title='bbox 983 388 1105 451; x_wconf 80' lang='grc' dir='ltr'>θέλγουσι.</span> <span class='ocrx_word' id='word_1_12' title='bbox 1138 391 1205 440; x_wconf 92' lang='lat' dir='ltr'>Pub·</span> 
     </span>
     <span class='ocr_line' id='line_1_3' title="bbox 97 452 1207 520; baseline -0.001 -16"><span class='ocrx_word' id='word_1_13' title='bbox 97 455 319 505; x_wconf 87' lang='lat' dir='ltr'>cundissimasunt</span> <span class='ocrx_word' id='word_1_14' title='bbox 346 453 439 502; x_wconf 88' lang='lat' dir='ltr'>Tertul.</span> <span class='ocrx_word' id='word_1_15' title='bbox 452 453 555 516; x_wconf 86' lang='lat' dir='ltr'>Apolog.</span> <span class='ocrx_word' id='word_1_16' title='bbox 582 455 636 500; x_wconf 88' lang='lat' dir='ltr'>Non</span> <span class='ocrx_word' id='word_1_17' title='bbox 668 452 716 501; x_wconf 94' lang='lat' dir='ltr'>lius</span> <span class='ocrx_word' id='word_1_18' title='bbox 728 454 819 516; x_wconf 78' lang='lat' dir='ltr'>Syrust</span> <span class='ocrx_word' id='word_1_19' title='bbox 832 457 943 512; x_wconf 82' lang='lat' dir='ltr'>Fortuna,</span> <span class='ocrx_word' id='word_1_20' title='bbox 951 471 1001 502; x_wconf 91' lang='lat' dir='ltr'>cum</span> <span class='ocrx_word' id='word_1_21' title='bbox 1011 457 1136 513; x_wconf 83' lang='lat' dir='ltr'>blanditur,</span> <span class='ocrx_word' id='word_1_22' title='bbox 1147 471 1207 520; x_wconf 90' lang='lat' dir='ltr'>cap·</span> 
     </span>
     <span class='ocr_line' id='line_1_4' title="bbox 97 519 1203 629; baseline 0 -60"><span class='ocrx_word' id='word_1_23' title='bbox 97 538 161 578; x_wconf 87' lang='lat' dir='ltr'>nouo,</span> <span class='ocrx_word' id='word_1_24' title='bbox 179 523 220 568; x_wconf 86' lang='lat' dir='ltr'>sed</span> <span class='ocrx_word' id='word_1_25' title='bbox 236 523 340 582; x_wconf 84' lang='lat' dir='ltr'>ingenito</span> <span class='ocrx_word' id='word_1_26' title='bbox 360 521 495 580; x_wconf 81' lang='lat' dir='ltr'>quibusdem</span> <span class='ocrx_word' id='word_1_27' title='bbox 512 521 636 567; x_wconf 87' lang='lat' dir='ltr'>mentiendi</span> <span class='ocrx_word' id='word_1_28' title='bbox 668 526 746 629; x_wconf 51' lang='lat' dir='ltr'><strong>zatum</strong></span> <span class='ocrx_word' id='word_1_29' title='bbox 763 523 832 566; x_wconf 82' lang='lat' dir='ltr'>uenit.</span> <span class='ocrx_word' id='word_1_30' title='bbox 869 520 978 576; x_wconf 81' lang='lat' dir='ltr'><strong><em>Mentem,</em></strong></span> <span class='ocrx_word' id='word_1_31' title='bbox 998 519 1047 567; x_wconf 75' lang='lat' dir='ltr'>vid.</span> <span class='ocrx_word' id='word_1_32' title='bbox 1065 519 1107 567; x_wconf 92' lang='lat' dir='ltr'>lib.</span> <span class='ocrx_word' id='word_1_33' title='bbox 1129 520 1159 568; x_wconf 89' lang='lat' dir='ltr'>V.</span> <span class='ocrx_word' id='word_1_34' title='bbox 1180 535 1203 569; x_wconf 87' lang='lat' dir='ltr'>v.</span> 
     </span>
     <span class='ocr_line' id='line_1_5' title="bbox 97 585 712 646; baseline -0.007 -13"><span class='ocrx_word' id='word_1_35' title='bbox 97 589 220 646; x_wconf 82' lang='lat' dir='ltr'>nolreptnte.</span> <span class='ocrx_word' id='word_1_36' title='bbox 686 585 712 629; x_wconf 83' lang='lat'>3.-</span> 
     </span>
    </p>

    <p class='ocr_par' dir='ltr' id='par_1_3' title="bbox 83 646 1204 777">
     <span class='ocr_line' id='line_1_6' title="bbox 131 646 1204 713; baseline -0.001 -15"><span class='ocrx_word' id='word_1_37' title='bbox 131 651 178 698; x_wconf 90' lang='grc'>619</span> <span class='ocrx_word' id='word_1_38' title='bbox 194 652 260 708; x_wconf 75' lang='lat' dir='ltr'>Hcc,</span> <span class='ocrx_word' id='word_1_39' title='bbox 273 647 343 711; x_wconf 87' lang='lat' dir='ltr'>queis</span> <span class='ocrx_word' id='word_1_40' title='bbox 353 646 484 709; x_wconf 88' lang='lat' dir='ltr'>sentimus]</span> <span class='ocrx_word' id='word_1_41' title='bbox 498 650 555 695; x_wconf 88' lang='lat' dir='ltr'>Nec.</span> <span class='ocrx_word' id='word_1_42' title='bbox 703 647 765 695; x_wconf 90' lang='lat' dir='ltr'>lbid.</span> <span class='ocrx_word' id='word_1_43' title='bbox 783 648 886 706; x_wconf 88' lang='lat' dir='ltr'>Tenuia,</span> <span class='ocrx_word' id='word_1_44' title='bbox 898 663 953 711; x_wconf 83' lang='lat' dir='ltr'>quoe</span> <span class='ocrx_word' id='word_1_45' title='bbox 964 657 1038 696; x_wconf 88' lang='lat' dir='ltr'>vento</span> <span class='ocrx_word' id='word_1_46' title='bbox 1054 665 1111 712; x_wconf 90' lang='lat' dir='ltr'>spes</span> <span class='ocrx_word' id='word_1_47' title='bbox 1122 659 1204 713; x_wconf 88' lang='lat' dir='ltr'>raptat</span> 
     </span>
     <span class='ocr_line' id='line_1_7' title="bbox 83 711 1204 777; baseline 0 -15"><span class='ocrx_word' id='word_1_48' title='bbox 83 717 90 721; x_wconf 81' lang='grc'><em>“</em></span> <span class='ocrx_word' id='word_1_49' title='bbox 130 715 176 762; x_wconf 83' lang='grc'>631</span> <span class='ocrx_word' id='word_1_50' title='bbox 195 716 224 762; x_wconf 88' lang='lat' dir='ltr'>In</span> <span class='ocrx_word' id='word_1_51' title='bbox 236 714 285 762; x_wconf 86' lang='lat' dir='ltr'>fine</span> <span class='ocrx_word' id='word_1_52' title='bbox 295 712 384 777; x_wconf 85' lang='lat' dir='ltr'>palati]</span> <span class='ocrx_word' id='word_1_53' title='bbox 399 712 460 760; x_wconf 85' lang='lat' dir='ltr'>bele</span> <span class='ocrx_word' id='word_1_54' title='bbox 471 717 503 760; x_wconf 84' lang='lat' dir='ltr'>in.</span> <span class='ocrx_word' id='word_1_55' title='bbox 668 727 733 775; x_wconf 83' lang='lat' dir='ltr'>saepe</span> <span class='ocrx_word' id='word_1_56' title='bbox 749 711 856 774; x_wconf 85' lang='lat' dir='ltr'>misella]</span> <span class='ocrx_word' id='word_1_57' title='bbox 877 713 927 761; x_wconf 84' lang='lat' dir='ltr'>Sex</span> <span class='ocrx_word' id='word_1_58' title='bbox 942 722 1038 776; x_wconf 84' lang='lat' dir='ltr'><strong>septem</strong></span> <span class='ocrx_word' id='word_1_59' title='bbox 1054 713 1107 761; x_wconf 91' lang='lat' dir='ltr'>dies</span> <span class='ocrx_word' id='word_1_60' title='bbox 1122 713 1204 762; x_wconf 88' lang='lat' dir='ltr'>locum</span> 
     </span>
    </p>

    <p class='ocr_par' dir='ltr' id='par_1_4' title="bbox 98 775 1205 1036">
     <span class='ocr_line' id='line_1_8' title="bbox 131 775 1205 841; baseline -0.004 -11"><span class='ocrx_word' id='word_1_61' title='bbox 131 778 179 830; x_wconf 92' lang='grc'>714</span> <span class='ocrx_word' id='word_1_62' title='bbox 216 782 310 827; x_wconf 79' lang='lat' dir='ltr'><strong><em>Noctem</em></strong></span> <span class='ocrx_word' id='word_1_63' title='bbox 343 777 547 841; x_wconf 81' lang='lat' dir='ltr'>explaudentibus</span> <span class='ocrx_word' id='word_1_64' title='bbox 576 775 634 839; x_wconf 89' lang='lat' dir='ltr'>alis]</span> <span class='ocrx_word' id='word_1_65' title='bbox 667 776 1205 840; x_wconf 73' lang='grc' dir='ltr'><strong>111111111111111111,οὗδὲνὺπερβολικῶς</strong></span> 
     </span>
     <span class='ocr_line' id='line_1_9' title="bbox 98 841 1204 906; baseline 0 -15"><span class='ocrx_word' id='word_1_66' title='bbox 98 843 218 906; x_wconf 82' lang='lat' dir='ltr'>Virgilius</span> <span class='ocrx_word' id='word_1_67' title='bbox 234 844 323 906; x_wconf 84' lang='lat' dir='ltr'>Georg.</span> <span class='ocrx_word' id='word_1_68' title='bbox 339 841 635 890; x_wconf 82' lang='lat' dir='ltr'>lV.—Pbiiomelo-Flet</span> <span class='ocrx_word' id='word_1_69' title='bbox 668 841 729 889; x_wconf 94' lang='lat' dir='ltr'>dico.</span> <span class='ocrx_word' id='word_1_70' title='bbox 769 842 870 890; x_wconf 72' lang='lat' dir='ltr'>Fauen.</span> <span class='ocrx_word' id='word_1_71' title='bbox 905 842 984 890; x_wconf 87' lang='lat' dir='ltr'>Rideo</span> <span class='ocrx_word' id='word_1_72' title='bbox 1000 842 1073 901; x_wconf 91' lang='lat' dir='ltr'>hunc,</span> <span class='ocrx_word' id='word_1_73' title='bbox 1092 842 1133 905; x_wconf 92' lang='lat' dir='ltr'>qui</span> <span class='ocrx_word' id='word_1_74' title='bbox 1154 852 1204 891; x_wconf 87' lang='lat' dir='ltr'>tam</span> 
     </span>
     <span class='ocr_line' id='line_1_10' title="bbox 98 906 1203 971; baseline -0.002 -15"><span class='ocrx_word' id='word_1_75' title='bbox 98 917 201 966; x_wconf 88' lang='lat' dir='ltr'>noctem,</span> <span class='ocrx_word' id='word_1_76' title='bbox 218 925 323 971; x_wconf 83' lang='lat' dir='ltr'>remoque</span> <span class='ocrx_word' id='word_1_77' title='bbox 339 911 419 955; x_wconf 82' lang='lat' dir='ltr'>redens</span> <span class='ocrx_word' id='word_1_78' title='bbox 435 909 565 955; x_wconf 74' lang='lat' dir='ltr'>miserabile</span> <span class='ocrx_word' id='word_1_79' title='bbox 581 922 634 954; x_wconf 86' lang='lat' dir='ltr'>cor·</span> <span class='ocrx_word' id='word_1_80' title='bbox 668 906 809 954; x_wconf 89' lang='lat' dir='ltr'>diuturnam</span> <span class='ocrx_word' id='word_1_81' title='bbox 826 922 925 970; x_wconf 88' lang='lat' dir='ltr'>operam</span> <span class='ocrx_word' id='word_1_82' title='bbox 941 906 1007 966; x_wconf 85' lang='lat' dir='ltr'>lusit,</span> <span class='ocrx_word' id='word_1_83' title='bbox 1024 916 1053 955; x_wconf 92' lang='lat' dir='ltr'>ut</span> <span class='ocrx_word' id='word_1_84' title='bbox 1068 907 1170 966; x_wconf 86' lang='lat' dir='ltr'>videbis,</span> <span class='ocrx_word' id='word_1_85' title='bbox 1182 907 1203 955; x_wconf 89' lang='lat' dir='ltr'>si</span> 
     </span>
     <span class='ocr_line' id='line_1_11' title="bbox 98 971 950 1036; baseline -0.001 -16"><span class='ocrx_word' id='word_1_86' title='bbox 98 975 273 1036; x_wconf 86' lang='lat' dir='ltr'>menlntegrut.</span> <span class='ocrx_word' id='word_1_87' title='bbox 668 980 842 1019; x_wconf 86' lang='lat' dir='ltr'>notasnostras</span> <span class='ocrx_word' id='word_1_88' title='bbox 853 971 950 1020; x_wconf 86' lang='lat' dir='ltr'>videris.</span> 
     </span>
    </p>

    <p class='ocr_par' dir='ltr' id='par_1_5' title="bbox 97 1032 1207 1343">
     <span class='ocr_line' id='line_1_12' title="bbox 132 1032 1206 1099; baseline -0.003 -12"><span class='ocrx_word' id='word_1_89' title='bbox 132 1037 179 1088; x_wconf 82' lang='lat'>789</span> <span class='ocrx_word' id='word_1_90' title='bbox 203 1039 284 1093; x_wconf 90' lang='lat' dir='ltr'>Quom</span> <span class='ocrx_word' id='word_1_91' title='bbox 299 1036 447 1085; x_wconf 85' lang='lat' dir='ltr'>simulachra</span> <span class='ocrx_word' id='word_1_92' title='bbox 463 1032 594 1083; x_wconf 83' lang='lat' dir='ltr'>Cernimus</span> <span class='ocrx_word' id='word_1_93' title='bbox 608 1033 636 1082; x_wconf 92' lang='lat' dir='ltr'>in</span> <span class='ocrx_word' id='word_1_94' title='bbox 703 1037 765 1082; x_wconf 81' lang='lat'>1113</span> <span class='ocrx_word' id='word_1_95' title='bbox 779 1037 831 1083; x_wconf 88' lang='lat' dir='ltr'>Nec</span> <span class='ocrx_word' id='word_1_96' title='bbox 843 1036 958 1098; x_wconf 86' lang='lat' dir='ltr'>reperire,</span> <span class='ocrx_word' id='word_1_97' title='bbox 970 1035 1061 1085; x_wconf 86' lang='lat' dir='ltr'>malum</span> <span class='ocrx_word' id='word_1_98' title='bbox 1067 1035 1093 1083; x_wconf 89' lang='lat' dir='ltr'>id</span> <span class='ocrx_word' id='word_1_99' title='bbox 1102 1045 1206 1099; x_wconf 85' lang='lat' dir='ltr'>possunt</span> 
     </span>
     <span class='ocr_line' id='line_1_13' title="bbox 99 1099 1204 1164; baseline -0.002 -14"><span class='ocrx_word' id='word_1_100' title='bbox 99 1101 204 1164; x_wconf 90' lang='lat' dir='ltr'>somnis]</span> <span class='ocrx_word' id='word_1_101' title='bbox 221 1103 313 1150; x_wconf 80' lang='lat' dir='ltr'>Varro:</span> <span class='ocrx_word' id='word_1_102' title='bbox 331 1103 415 1149; x_wconf 79' lang='lat' dir='ltr'>Levius</span> <span class='ocrx_word' id='word_1_103' title='bbox 432 1117 493 1148; x_wconf 89' lang='lat' dir='ltr'>mens</span> <span class='ocrx_word' id='word_1_104' title='bbox 509 1116 637 1161; x_wconf 86' lang='lat' dir='ltr'>numquam</span> <span class='ocrx_word' id='word_1_105' title='bbox 669 1114 723 1161; x_wconf 80' lang='lat' dir='ltr'>quoe</span> <span class='ocrx_word' id='word_1_106' title='bbox 734 1099 847 1147; x_wconf 89' lang='lat' dir='ltr'>machina</span> <span class='ocrx_word' id='word_1_107' title='bbox 855 1099 950 1162; x_wconf 86' lang='lat' dir='ltr'>vincat]</span> <span class='ocrx_word' id='word_1_108' title='bbox 968 1100 1091 1148; x_wconf 84' lang='lat' dir='ltr'>Theocrit.</span> <span class='ocrx_word' id='word_1_109' title='bbox 1111 1099 1147 1148; x_wconf 92' lang='lat' dir='ltr'>Id.</span> <span class='ocrx_word' id='word_1_110' title='bbox 1168 1101 1204 1149; x_wconf 91' lang='lat' dir='ltr'>Il.</span> 
     </span>
     <span class='ocr_line' id='line_1_14' title="bbox 97 1162 1207 1229; baseline 0.001 -15"><span class='ocrx_word' id='word_1_111' title='bbox 97 1166 636 1229; x_wconf 81' lang='lat' dir='ltr'>aomnorinosr&#39;moginesAffatur,nonumbron·</span> <span class='ocrx_word' id='word_1_112' title='bbox 670 1165 709 1212; x_wconf 80' lang='lat'>95.</span> <span class='ocrx_word' id='word_1_113' title='bbox 755 1163 782 1212; x_wconf 81' lang='lat' dir='ltr'>Ei</span> <span class='ocrx_word' id='word_1_114' title='bbox 802 1164 822 1212; x_wconf 80' lang='grc' dir='ltr'>δ’</span> <span class='ocrx_word' id='word_1_115' title='bbox 842 1163 887 1224; x_wconf 72' lang='grc' dir='ltr'>ἄγε</span> <span class='ocrx_word' id='word_1_116' title='bbox 908 1162 1015 1212; x_wconf 63' lang='lat' dir='ltr'>birrani</span> <span class='ocrx_word' id='word_1_117' title='bbox 1032 1183 1073 1225; x_wconf 81' lang='grc' dir='ltr'>μοι</span> <span class='ocrx_word' id='word_1_118' title='bbox 1094 1167 1207 1227; x_wconf 74' lang='grc' dir='ltr'><strong><em>χαλεπᾶς</em></strong></span> 
     </span>
     <span class='ocr_line' id='line_1_15' title="bbox 99 1226 1205 1293; baseline 0 -14"><span class='ocrx_word' id='word_1_119' title='bbox 99 1239 137 1279; x_wconf 90' lang='lat' dir='ltr'>tur</span> <span class='ocrx_word' id='word_1_120' title='bbox 153 1248 227 1278; x_wconf 79' lang='lat' dir='ltr'>somno</span> <span class='ocrx_word' id='word_1_121' title='bbox 241 1233 342 1293; x_wconf 73' lang='lat' dir='ltr'>pupule.</span> <span class='ocrx_word' id='word_1_122' title='bbox 373 1230 411 1276; x_wconf 87' lang='lat' dir='ltr'>lta</span> <span class='ocrx_word' id='word_1_123' title='bbox 429 1228 538 1292; x_wconf 70' lang='lat' dir='ltr'>corrigor</span> <span class='ocrx_word' id='word_1_124' title='bbox 557 1227 636 1291; x_wconf 86' lang='lat' dir='ltr'>vulgo,</span> <span class='ocrx_word' id='word_1_125' title='bbox 669 1226 732 1276; x_wconf 77' lang='grc' dir='ltr'><strong><em>νόσω</em></strong></span> <span class='ocrx_word' id='word_1_126' title='bbox 749 1228 801 1290; x_wconf 74' lang='lat' dir='ltr'>cipe</span> <span class='ocrx_word' id='word_1_127' title='bbox 817 1247 841 1277; x_wconf 83' lang='grc' dir='ltr'>τι</span> <span class='ocrx_word' id='word_1_128' title='bbox 856 1230 942 1290; x_wconf 83' lang='grc' dir='ltr'><strong>μᾶχος.</strong></span> <span class='ocrx_word' id='word_1_129' title='bbox 977 1229 1205 1279; x_wconf 84' lang='lat' dir='ltr'>lnvenimibibuic</span> 
     </span>
     <span class='ocr_line' id='line_1_16' title="bbox 100 1294 1206 1343; baseline 0.001 -1"><span class='ocrx_word' id='word_1_130' title='bbox 100 1298 184 1343; x_wconf 81' lang='lat' dir='ltr'>Lenius</span> <span class='ocrx_word' id='word_1_131' title='bbox 194 1311 293 1342; x_wconf 86' lang='lat' dir='ltr'>mensum</span> <span class='ocrx_word' id='word_1_132' title='bbox 305 1311 355 1342; x_wconf 89' lang='lat' dir='ltr'>cum</span> <span class='ocrx_word' id='word_1_133' title='bbox 365 1297 511 1342; x_wconf 73' lang='lat' dir='ltr'>romaniam.</span> <span class='ocrx_word' id='word_1_134' title='bbox 669 1294 755 1341; x_wconf 91' lang='lat' dir='ltr'>morbo</span> <span class='ocrx_word' id='word_1_135' title='bbox 763 1295 902 1342; x_wconf 78' lang='lat' dir='ltr'>Martinam.</span> <span class='ocrx_word' id='word_1_136' title='bbox 938 1294 1040 1342; x_wconf 89' lang='lat' dir='ltr'>lncaute</span> <span class='ocrx_word' id='word_1_137' title='bbox 1051 1294 1206 1343; x_wconf 89' lang='lat' dir='ltr'>doctissimus</span> 
     </span>
    </p>

    <p class='ocr_par' dir='ltr' id='par_1_6' title="bbox 99 1357 1206 1617">
     <span class='ocr_line' id='line_1_17' title="bbox 133 1357 1206 1422; baseline -0.001 -13"><span class='ocrx_word' id='word_1_138' title='bbox 133 1359 188 1417; x_wconf 84' lang='lat'>791,</span> <span class='ocrx_word' id='word_1_139' title='bbox 215 1358 262 1409; x_wconf 92' lang='grc'>792</span> <span class='ocrx_word' id='word_1_140' title='bbox 287 1358 431 1422; x_wconf 76' lang='lat' dir='ltr'>Propertius</span> <span class='ocrx_word' id='word_1_141' title='bbox 453 1358 489 1406; x_wconf 91' lang='lat' dir='ltr'>II.</span> <span class='ocrx_word' id='word_1_142' title='bbox 513 1358 550 1406; x_wconf 88' lang='lat'>16.</span> <span class='ocrx_word' id='word_1_143' title='bbox 585 1360 637 1406; x_wconf 80' lang='lat' dir='ltr'>Stoa</span> <span class='ocrx_word' id='word_1_144' title='bbox 671 1357 806 1405; x_wconf 81' lang='lat' dir='ltr'>Palmerius</span> <span class='ocrx_word' id='word_1_145' title='bbox 822 1358 948 1407; x_wconf 85' lang='lat' dir='ltr'>substituit</span> <span class='ocrx_word' id='word_1_146' title='bbox 964 1357 989 1406; x_wconf 83' lang='lat' dir='ltr'>ri</span> <span class='ocrx_word' id='word_1_147' title='bbox 1004 1359 1028 1419; x_wconf 86' lang='grc' dir='ltr'>μ’</span> <span class='ocrx_word' id='word_1_148' title='bbox 1046 1359 1118 1415; x_wconf 59' lang='lat' dir='ltr'>bnon</span> <span class='ocrx_word' id='word_1_149' title='bbox 1142 1361 1206 1421; x_wconf 91' lang='lat' dir='ltr'>quod</span> 
     </span>
     <span class='ocr_line' id='line_1_18' title="bbox 99 1422 1206 1487; baseline 0 -16"><span class='ocrx_word' id='word_1_150' title='bbox 99 1427 184 1485; x_wconf 83' lang='lat' dir='ltr'>aliquis</span> <span class='ocrx_word' id='word_1_151' title='bbox 195 1427 257 1471; x_wconf 86' lang='lat' dir='ltr'>molli</span> <span class='ocrx_word' id='word_1_152' title='bbox 268 1427 361 1471; x_wconf 79' lang='lat' dir='ltr'>deducit</span> <span class='ocrx_word' id='word_1_153' title='bbox 375 1425 474 1471; x_wconf 84' lang='lat' dir='ltr'>candido</span> <span class='ocrx_word' id='word_1_154' title='bbox 488 1432 555 1485; x_wconf 83' lang='lat' dir='ltr'>gestu</span> <span class='ocrx_word' id='word_1_155' title='bbox 572 1424 635 1470; x_wconf 88' lang='lat' dir='ltr'>Bro-</span> <span class='ocrx_word' id='word_1_156' title='bbox 669 1422 710 1469; x_wconf 91' lang='lat' dir='ltr'>lex</span> <span class='ocrx_word' id='word_1_157' title='bbox 727 1422 843 1471; x_wconf 83' lang='lat' dir='ltr'>carminis</span> <span class='ocrx_word' id='word_1_158' title='bbox 862 1423 928 1471; x_wconf 89' lang='lat' dir='ltr'>haud</span> <span class='ocrx_word' id='word_1_159' title='bbox 946 1422 1045 1487; x_wconf 85' lang='lat' dir='ltr'>patitur.</span> <span class='ocrx_word' id='word_1_160' title='bbox 1092 1424 1125 1473; x_wconf 90' lang='lat' dir='ltr'>Et</span> <span class='ocrx_word' id='word_1_161' title='bbox 1147 1424 1206 1487; x_wconf 91' lang='lat' dir='ltr'>quid</span> 
     </span>
     <span class='ocr_line' id='line_1_19' title="bbox 99 1484 1206 1550; baseline 0.002 -15"><span class='ocrx_word' id='word_1_162' title='bbox 99 1492 298 1545; x_wconf 80' lang='lat' dir='ltr'>cbia,seuocrios</span> <span class='ocrx_word' id='word_1_163' title='bbox 313 1492 396 1536; x_wconf 85' lang='lat' dir='ltr'>incinit</span> <span class='ocrx_word' id='word_1_164' title='bbox 412 1505 450 1538; x_wconf 86' lang='lat' dir='ltr'>ore</span> <span class='ocrx_word' id='word_1_165' title='bbox 466 1490 547 1536; x_wconf 85' lang='lat' dir='ltr'>modos.</span> <span class='ocrx_word' id='word_1_166' title='bbox 577 1488 635 1550; x_wconf 87' lang='lat' dir='ltr'>Leg.</span> <span class='ocrx_word' id='word_1_167' title='bbox 669 1484 729 1535; x_wconf 91' lang='lat' dir='ltr'>illud</span> <span class='ocrx_word' id='word_1_168' title='bbox 741 1486 844 1547; x_wconf 80' lang='grc' dir='ltr'><strong>μοι-μ’.</strong></span> <span class='ocrx_word' id='word_1_169' title='bbox 878 1488 926 1544; x_wconf 89' lang='lat' dir='ltr'>An,</span> <span class='ocrx_word' id='word_1_170' title='bbox 940 1489 993 1536; x_wconf 90' lang='lat' dir='ltr'>viro</span> <span class='ocrx_word' id='word_1_171' title='bbox 1009 1487 1206 1550; x_wconf 87' lang='lat' dir='ltr'>ingeniosissimo</span> 
     </span>
     <span class='ocr_line' id='line_1_20' title="bbox 99 1551 1206 1617; baseline 0.003 -17"><span class='ocrx_word' id='word_1_172' title='bbox 99 1556 196 1601; x_wconf 78' lang='lat' dir='ltr'>diducit.</span> <span class='ocrx_word' id='word_1_173' title='bbox 669 1566 769 1600; x_wconf 90' lang='lat' dir='ltr'>somnus</span> <span class='ocrx_word' id='word_1_174' title='bbox 781 1551 905 1615; x_wconf 85' lang='lat' dir='ltr'>obrepsitt</span> <span class='ocrx_word' id='word_1_175' title='bbox 929 1553 1015 1616; x_wconf 80' lang='lat' dir='ltr'>Eur-ip.</span> <span class='ocrx_word' id='word_1_176' title='bbox 1030 1552 1132 1617; x_wconf 86' lang='lat' dir='ltr'>Hippol.</span> <span class='ocrx_word' id='word_1_177' title='bbox 1151 1555 1206 1603; x_wconf 90' lang='lat' dir='ltr'>Nu-</span> 
     </span>
    </p>

    <p class='ocr_par' dir='ltr' id='par_1_7' title="bbox 98 1615 1209 1874">
     <span class='ocr_line' id='line_1_21' title="bbox 132 1615 1205 1668; baseline 0.003 -2"><span class='ocrx_word' id='word_1_178' title='bbox 132 1619 180 1666; x_wconf 89' lang='grc'>996</span> <span class='ocrx_word' id='word_1_179' title='bbox 205 1618 298 1666; x_wconf 88' lang='lat' dir='ltr'>Versus</span> <span class='ocrx_word' id='word_1_180' title='bbox 318 1617 360 1665; x_wconf 90' lang='lat' dir='ltr'>ille</span> <span class='ocrx_word' id='word_1_181' title='bbox 383 1615 497 1665; x_wconf 82' lang='lat' dir='ltr'>Lambini</span> <span class='ocrx_word' id='word_1_182' title='bbox 518 1615 636 1664; x_wconf 89' lang='lat' dir='ltr'>delendus</span> <span class='ocrx_word' id='word_1_183' title='bbox 671 1616 720 1664; x_wconf 88' lang='lat' dir='ltr'>trix</span> <span class='ocrx_word' id='word_1_184' title='bbox 742 1616 773 1664; x_wconf 86' lang='lat' dir='ltr'>ad</span> <span class='ocrx_word' id='word_1_185' title='bbox 797 1617 924 1665; x_wconf 75' lang='lat' dir='ltr'>Phaedram</span> <span class='ocrx_word' id='word_1_186' title='bbox 946 1633 967 1666; x_wconf 87' lang='lat' dir='ltr'>v.</span> <span class='ocrx_word' id='word_1_187' title='bbox 991 1620 1047 1665; x_wconf 84' lang='grc'><strong>481.</strong></span> <span class='ocrx_word' id='word_1_188' title='bbox 1093 1617 1161 1668; x_wconf 80' lang='grc' dir='ltr'><strong>Εἷσ1ν</strong></span> <span class='ocrx_word' id='word_1_189' title='bbox 1185 1620 1205 1668; x_wconf 80' lang='grc' dir='ltr'>δ’</span> 
     </span>
     <span class='ocr_line' id='line_1_22' title="bbox 98 1680 1208 1746; baseline 0.001 -16"><span class='ocrx_word' id='word_1_190' title='bbox 98 1691 150 1737; x_wconf 76' lang='lat' dir='ltr'>est3</span> <span class='ocrx_word' id='word_1_191' title='bbox 169 1691 223 1730; x_wconf 84' lang='lat' dir='ltr'>etv.</span> <span class='ocrx_word' id='word_1_192' title='bbox 233 1681 287 1733; x_wconf 90' lang='grc'><strong>997.</strong></span> <span class='ocrx_word' id='word_1_193' title='bbox 296 1685 378 1746; x_wconf 88' lang='lat' dir='ltr'>prode</span> <span class='ocrx_word' id='word_1_194' title='bbox 389 1690 452 1730; x_wconf 83' lang='lat' dir='ltr'>terro</span> <span class='ocrx_word' id='word_1_195' title='bbox 461 1681 507 1744; x_wconf 85' lang='lat' dir='ltr'>leg.</span> <span class='ocrx_word' id='word_1_196' title='bbox 517 1683 634 1739; x_wconf 83' lang='lat' dir='ltr'>deromno,</span> <span class='ocrx_word' id='word_1_197' title='bbox 670 1681 762 1742; x_wconf 77' lang='grc' dir='ltr'>ἐπῳδαὶ,</span> <span class='ocrx_word' id='word_1_198' title='bbox 775 1680 814 1729; x_wconf 83' lang='lat' dir='ltr'>nol</span> <span class='ocrx_word' id='word_1_199' title='bbox 829 1680 901 1742; x_wconf 80' lang='grc' dir='ltr'><em>λόγοι</em></span> <span class='ocrx_word' id='word_1_200' title='bbox 913 1681 1056 1745; x_wconf 68' lang='lat' dir='ltr'>deterrimos·</span> <span class='ocrx_word' id='word_1_201' title='bbox 1072 1682 1208 1741; x_wconf 70' lang='lat' dir='ltr'>berhomi</span> 
     </span>
     <span class='ocr_line' id='line_1_23' title="bbox 98 1743 1206 1809; baseline 0.001 -14"><span class='ocrx_word' id='word_1_202' title='bbox 98 1755 126 1795; x_wconf 90' lang='lat' dir='ltr'>ut</span> <span class='ocrx_word' id='word_1_203' title='bbox 136 1747 178 1795; x_wconf 94' lang='lat' dir='ltr'>lib.</span> <span class='ocrx_word' id='word_1_204' title='bbox 194 1747 245 1796; x_wconf 92' lang='lat'>111.</span> <span class='ocrx_word' id='word_1_205' title='bbox 258 1763 281 1796; x_wconf 90' lang='lat' dir='ltr'>v.</span> <span class='ocrx_word' id='word_1_206' title='bbox 295 1747 348 1795; x_wconf 90' lang='grc'><strong>164.</strong></span> <span class='ocrx_word' id='word_1_207' title='bbox 361 1750 425 1805; x_wconf 88' lang='lat' dir='ltr'>Sono,</span> <span class='ocrx_word' id='word_1_208' title='bbox 437 1749 496 1804; x_wconf 85' lang='lat' dir='ltr'>Solo,</span> <span class='ocrx_word' id='word_1_209' title='bbox 507 1746 565 1794; x_wconf 90' lang='lat' dir='ltr'>inde</span> <span class='ocrx_word' id='word_1_210' title='bbox 573 1754 636 1794; x_wconf 86' lang='lat' dir='ltr'>terro</span> <span class='ocrx_word' id='word_1_211' title='bbox 668 1764 692 1794; x_wconf 82' lang='grc' dir='ltr'>τι</span> <span class='ocrx_word' id='word_1_212' title='bbox 703 1747 778 1803; x_wconf 78' lang='grc' dir='ltr'><strong><em>τῆσδε</em></strong></span> <span class='ocrx_word' id='word_1_213' title='bbox 789 1745 913 1808; x_wconf 72' lang='grc' dir='ltr'><strong><em>φάρμακον</em></strong></span> <span class='ocrx_word' id='word_1_214' title='bbox 928 1744 1007 1796; x_wconf 80' lang='grc' dir='ltr'>νόσου.</span> <span class='ocrx_word' id='word_1_215' title='bbox 1035 1743 1070 1795; x_wconf 78' lang='grc' dir='ltr'>Ἠ</span> <span class='ocrx_word' id='word_1_216' title='bbox 1084 1747 1107 1796; x_wconf 81' lang='grc' dir='ltr'>τ’</span> <span class='ocrx_word' id='word_1_217' title='bbox 1120 1746 1165 1808; x_wconf 71' lang='grc' dir='ltr'>ἆρά</span> <span class='ocrx_word' id='word_1_218' title='bbox 1181 1749 1206 1809; x_wconf 77' lang='grc' dir='ltr'>γ’</span> 
     </span>
     <span class='ocr_line' id='line_1_24' title="bbox 99 1809 1209 1874; baseline 0.003 -14"><span class='ocrx_word' id='word_1_219' title='bbox 99 1827 130 1860; x_wconf 85' lang='lat' dir='ltr'>ex</span> <span class='ocrx_word' id='word_1_220' title='bbox 141 1811 228 1874; x_wconf 78' lang='lat' dir='ltr'>glossa.</span> <span class='ocrx_word' id='word_1_221' title='bbox 669 1809 712 1873; x_wconf 66' lang='grc'>501</span> <span class='ocrx_word' id='word_1_222' title='bbox 720 1809 745 1871; x_wconf 78' lang='grc' dir='ltr'>γ’</span> <span class='ocrx_word' id='word_1_223' title='bbox 754 1809 835 1872; x_wconf 76' lang='grc' dir='ltr'><strong><em>ἄνδρες</em></strong></span> <span class='ocrx_word' id='word_1_224' title='bbox 846 1809 961 1874; x_wconf 76' lang='grc' dir='ltr'><strong><em>ἐξεύροιεν</em></strong></span> <span class='ocrx_word' id='word_1_225' title='bbox 968 1811 1003 1870; x_wconf 73' lang='grc' dir='ltr'>ἂν,</span> <span class='ocrx_word' id='word_1_226' title='bbox 1017 1811 1045 1860; x_wconf 77' lang='lat' dir='ltr'>Ei</span> <span class='ocrx_word' id='word_1_227' title='bbox 1051 1812 1085 1872; x_wconf 82' lang='grc' dir='ltr'>μὴ</span> <span class='ocrx_word' id='word_1_228' title='bbox 1096 1815 1209 1873; x_wconf 72' lang='grc' dir='ltr'>γυναῖκες</span> 
     </span>
    </p>

    <p class='ocr_par' dir='ltr' id='par_1_8' title="bbox 96 1875 1209 2830">
     <span class='ocr_line' id='line_1_25' title="bbox 133 1875 1207 1939; baseline 0.004 -16"><span class='ocrx_word' id='word_1_229' title='bbox 133 1876 195 1928; x_wconf 86' lang='grc'><strong>1047</strong></span> <span class='ocrx_word' id='word_1_230' title='bbox 218 1877 276 1924; x_wconf 87' lang='lat' dir='ltr'>Sive</span> <span class='ocrx_word' id='word_1_231' title='bbox 290 1893 349 1938; x_wconf 87' lang='lat' dir='ltr'>puer</span> <span class='ocrx_word' id='word_1_232' title='bbox 365 1877 471 1924; x_wconf 84' lang='lat' dir='ltr'>membris</span> <span class='ocrx_word' id='word_1_233' title='bbox 486 1877 636 1923; x_wconf 79' lang='lat' dir='ltr'>muliebribus</span> <span class='ocrx_word' id='word_1_234' title='bbox 668 1875 778 1936; x_wconf 78' lang='grc' dir='ltr'><strong><em>μηχανὰς</em></strong></span> <span class='ocrx_word' id='word_1_235' title='bbox 790 1875 926 1939; x_wconf 74' lang='grc' dir='ltr'>εὑρήσομεν.</span> <span class='ocrx_word' id='word_1_236' title='bbox 962 1876 1032 1924; x_wconf 88' lang='lat' dir='ltr'>Idem</span> <span class='ocrx_word' id='word_1_237' title='bbox 1042 1877 1068 1924; x_wconf 92' lang='lat' dir='ltr'>in</span> <span class='ocrx_word' id='word_1_238' title='bbox 1080 1877 1207 1927; x_wconf 88' lang='lat' dir='ltr'>Alcestide</span> 
     </span>
     <span class='ocr_line' id='line_1_26' title="bbox 99 1938 1205 2004; baseline 0.004 -16"><span class='ocrx_word' id='word_1_239' title='bbox 99 1942 164 1989; x_wconf 91' lang='lat' dir='ltr'>bunc</span> <span class='ocrx_word' id='word_1_240' title='bbox 176 1941 312 2004; x_wconf 86' lang='lat' dir='ltr'>jaculatur]</span> <span class='ocrx_word' id='word_1_241' title='bbox 330 1941 469 1990; x_wconf 75' lang='lat' dir='ltr'>Ausoniusz</span> <span class='ocrx_word' id='word_1_242' title='bbox 489 1939 548 2003; x_wconf 83' lang='lat' dir='ltr'>(Ep.</span> <span class='ocrx_word' id='word_1_243' title='bbox 568 1939 635 2001; x_wconf 85' lang='grc'><strong>107.)</strong></span> <span class='ocrx_word' id='word_1_244' title='bbox 670 1941 725 1988; x_wconf 92' lang='grc'><strong>221.</strong></span> <span class='ocrx_word' id='word_1_245' title='bbox 755 1939 852 2002; x_wconf 76' lang='grc' dir='ltr'>Ἐξευρε</span> <span class='ocrx_word' id='word_1_246' title='bbox 862 1938 975 2002; x_wconf 60' lang='lat' dir='ltr'>ungenda</span> <span class='ocrx_word' id='word_1_247' title='bbox 985 1942 1030 1989; x_wconf 85' lang='grc' dir='ltr'>τιν’</span> <span class='ocrx_word' id='word_1_248' title='bbox 1041 1940 1151 2003; x_wconf 72' lang='grc' dir='ltr'>Ἀδμήτῳ</span> <span class='ocrx_word' id='word_1_249' title='bbox 1163 1961 1205 1992; x_wconf 87' lang='grc' dir='ltr'>κα-</span> 
     </span>
     <span class='ocr_line' id='line_1_27' title="bbox 98 2002 1206 2068; baseline 0.001 -14"><span class='ocrx_word' id='word_1_250' title='bbox 98 2009 161 2054; x_wconf 87' lang='lat' dir='ltr'>Dum</span> <span class='ocrx_word' id='word_1_251' title='bbox 183 2010 275 2055; x_wconf 83' lang='lat' dir='ltr'>dubitat</span> <span class='ocrx_word' id='word_1_252' title='bbox 296 2013 381 2055; x_wconf 85' lang='lat' dir='ltr'>notura</span> <span class='ocrx_word' id='word_1_253' title='bbox 406 2022 499 2063; x_wconf 87' lang='lat' dir='ltr'>morem,</span> <span class='ocrx_word' id='word_1_254' title='bbox 517 2004 637 2067; x_wconf 82' lang='lat' dir='ltr'>faceretne</span> <span class='ocrx_word' id='word_1_255' title='bbox 670 2008 724 2053; x_wconf 84' lang='grc' dir='ltr'>κῶν.</span> <span class='ocrx_word' id='word_1_256' title='bbox 766 2005 835 2052; x_wconf 88' lang='lat' dir='ltr'>ldem</span> <span class='ocrx_word' id='word_1_257' title='bbox 847 2005 873 2052; x_wconf 89' lang='lat' dir='ltr'>in</span> <span class='ocrx_word' id='word_1_258' title='bbox 885 2006 1004 2053; x_wconf 90' lang='lat' dir='ltr'>Androm.</span> <span class='ocrx_word' id='word_1_259' title='bbox 1018 2006 1072 2056; x_wconf 88' lang='grc'><strong>587.</strong></span> <span class='ocrx_word' id='word_1_260' title='bbox 1104 2002 1149 2054; x_wconf 71' lang='lat' dir='ltr'>&#39;aa</span> <span class='ocrx_word' id='word_1_261' title='bbox 1159 2026 1206 2068; x_wconf 85' lang='grc' dir='ltr'><em>μοι,</em></span> 
     </span>
     <span class='ocr_line' id='line_1_28' title="bbox 96 2066 1209 2132; baseline 0 -13"><span class='ocrx_word' id='word_1_262' title='bbox 96 2073 204 2132; x_wconf 83' lang='lat' dir='ltr'>puellam,</span> <span class='ocrx_word' id='word_1_263' title='bbox 216 2074 303 2119; x_wconf 80' lang='lat' dir='ltr'>Factus</span> <span class='ocrx_word' id='word_1_264' title='bbox 314 2088 345 2128; x_wconf 87' lang='lat' dir='ltr'>es,</span> <span class='ocrx_word' id='word_1_265' title='bbox 358 2073 481 2131; x_wconf 80' lang='lat' dir='ltr'>opulclter,</span> <span class='ocrx_word' id='word_1_266' title='bbox 492 2086 549 2130; x_wconf 86' lang='lat' dir='ltr'>pene</span> <span class='ocrx_word' id='word_1_267' title='bbox 560 2071 638 2129; x_wconf 80' lang='lat' dir='ltr'>puello</span> <span class='ocrx_word' id='word_1_268' title='bbox 669 2083 717 2128; x_wconf 86' lang='grc' dir='ltr'>μοι·</span> <span class='ocrx_word' id='word_1_269' title='bbox 733 2066 758 2117; x_wconf 81' lang='lat' dir='ltr'>ri</span> <span class='ocrx_word' id='word_1_270' title='bbox 776 2068 795 2116; x_wconf 79' lang='grc' dir='ltr'>δ’</span> <span class='ocrx_word' id='word_1_271' title='bbox 810 2068 859 2129; x_wconf 76' lang='grc' dir='ltr'>ἔγω</span> <span class='ocrx_word' id='word_1_272' title='bbox 877 2073 964 2118; x_wconf 69' lang='lat' dir='ltr'>Korde</span> <span class='ocrx_word' id='word_1_273' title='bbox 977 2071 1057 2131; x_wconf 80' lang='grc' dir='ltr'><strong><em>μῆχος</em></strong></span> <span class='ocrx_word' id='word_1_274' title='bbox 1074 2069 1209 2132; x_wconf 76' lang='grc' dir='ltr'><strong><em>ἔξανύσαιμ’</em></strong></span> 
     </span>
     <span class='ocr_line' id='line_1_29' title="bbox 97 2132 714 2197; baseline -0.003 -14"><span class='ocrx_word' id='word_1_275' title='bbox 97 2152 163 2196; x_wconf 87' lang='lat' dir='ltr'>puer.</span> <span class='ocrx_word' id='word_1_276' title='bbox 193 2135 311 2183; x_wconf 88' lang='lat' dir='ltr'>Horatius</span> <span class='ocrx_word' id='word_1_277' title='bbox 320 2135 351 2182; x_wconf 91' lang='lat' dir='ltr'>de</span> <span class='ocrx_word' id='word_1_278' title='bbox 360 2136 443 2197; x_wconf 83' lang='lat' dir='ltr'>Gyge:</span> <span class='ocrx_word' id='word_1_279' title='bbox 464 2136 535 2184; x_wconf 80' lang='lat' dir='ltr'>Quem</span> <span class='ocrx_word' id='word_1_280' title='bbox 544 2136 565 2179; x_wconf 84' lang='lat' dir='ltr'>si</span> <span class='ocrx_word' id='word_1_281' title='bbox 571 2136 637 2193; x_wconf 85' lang='lat' dir='ltr'>puel·</span> <span class='ocrx_word' id='word_1_282' title='bbox 671 2132 714 2188; x_wconf 65' lang='lat' dir='ltr'>am</span> 
     </span>
     <span class='ocr_line' id='line_1_30' title="bbox 100 2196 1208 2264; baseline 0.001 -18"><span class='ocrx_word' id='word_1_283' title='bbox 100 2202 175 2248; x_wconf 84' lang='lat' dir='ltr'>lorum</span> <span class='ocrx_word' id='word_1_284' title='bbox 186 2203 297 2247; x_wconf 82' lang='lat' dir='ltr'>insererer</span> <span class='ocrx_word' id='word_1_285' title='bbox 313 2202 380 2246; x_wconf 86' lang='lat' dir='ltr'>cboro</span> <span class='ocrx_word' id='word_1_286' title='bbox 392 2201 455 2245; x_wconf 85' lang='lat' dir='ltr'>Mire</span> <span class='ocrx_word' id='word_1_287' title='bbox 466 2213 559 2258; x_wconf 82' lang='lat' dir='ltr'>sagaces</span> <span class='ocrx_word' id='word_1_288' title='bbox 564 2196 638 2259; x_wconf 83' lang='lat' dir='ltr'>falle·</span> <span class='ocrx_word' id='word_1_289' title='bbox 707 2197 768 2244; x_wconf 87' lang='grc'><strong>1135</strong></span> <span class='ocrx_word' id='word_1_290' title='bbox 787 2198 867 2259; x_wconf 86' lang='lat' dir='ltr'>Atque</span> <span class='ocrx_word' id='word_1_291' title='bbox 882 2197 908 2245; x_wconf 91' lang='lat' dir='ltr'>in</span> <span class='ocrx_word' id='word_1_292' title='bbox 921 2214 1003 2245; x_wconf 88' lang='lat' dir='ltr'>amore</span> <span class='ocrx_word' id='word_1_293' title='bbox 1013 2199 1077 2246; x_wconf 85' lang='grc'><strong>111111</strong></span> <span class='ocrx_word' id='word_1_294' title='bbox 1087 2199 1139 2247; x_wconf 84' lang='lat' dir='ltr'>haec</span> <span class='ocrx_word' id='word_1_295' title='bbox 1150 2215 1208 2264; x_wconf 87' lang='lat' dir='ltr'>pro-</span> 
     </span>
     <span class='ocr_line' id='line_1_31' title="bbox 100 2260 1207 2324; baseline 0.001 -13"><span class='ocrx_word' id='word_1_296' title='bbox 100 2271 137 2311; x_wconf 90' lang='lat' dir='ltr'>ret</span> <span class='ocrx_word' id='word_1_297' title='bbox 159 2267 258 2324; x_wconf 75' lang='lat' dir='ltr'>hospites</span> <span class='ocrx_word' id='word_1_298' title='bbox 275 2266 405 2310; x_wconf 81' lang='lat' dir='ltr'>Discrimen</span> <span class='ocrx_word' id='word_1_299' title='bbox 424 2265 542 2309; x_wconf 74' lang='lat' dir='ltr'>obruerem</span> <span class='ocrx_word' id='word_1_300' title='bbox 559 2264 640 2309; x_wconf 86' lang='lat' dir='ltr'>solutis</span> <span class='ocrx_word' id='word_1_301' title='bbox 671 2260 732 2323; x_wconf 87' lang='lat' dir='ltr'>prio,</span> <span class='ocrx_word' id='word_1_302' title='bbox 746 2277 887 2323; x_wconf 90' lang='lat' dir='ltr'>summeque</span> <span class='ocrx_word' id='word_1_303' title='bbox 897 2261 1016 2324; x_wconf 90' lang='lat' dir='ltr'>secundo]</span> <span class='ocrx_word' id='word_1_304' title='bbox 1029 2263 1158 2311; x_wconf 78' lang='lat' dir='ltr'>Tibullusr</span> <span class='ocrx_word' id='word_1_305' title='bbox 1172 2265 1207 2323; x_wconf 90' lang='lat' dir='ltr'>(I.</span> 
     </span>
     <span class='ocr_line' id='line_1_32' title="bbox 103 2323 1209 2390; baseline 0 -14"><span class='ocrx_word' id='word_1_306' title='bbox 103 2329 448 2390; x_wconf 78' lang='lat' dir='ltr'>Crinibnsambiguoqueunltu.</span> <span class='ocrx_word' id='word_1_307' title='bbox 467 2325 522 2372; x_wconf 83' lang='lat' dir='ltr'>Hoc</span> <span class='ocrx_word' id='word_1_308' title='bbox 531 2323 597 2372; x_wconf 87' lang='lat' dir='ltr'>idern</span> <span class='ocrx_word' id='word_1_309' title='bbox 609 2324 639 2372; x_wconf 93' lang='lat' dir='ltr'>de</span> <span class='ocrx_word' id='word_1_310' title='bbox 672 2328 694 2374; x_wconf 84' lang='lat'>2.</span> <span class='ocrx_word' id='word_1_311' title='bbox 715 2324 766 2386; x_wconf 85' lang='lat'>75.)</span> <span class='ocrx_word' id='word_1_312' title='bbox 788 2328 850 2377; x_wconf 83' lang='lat' dir='ltr'>Quid</span> <span class='ocrx_word' id='word_1_313' title='bbox 870 2329 940 2389; x_wconf 76' lang='lat' dir='ltr'>Tyrio</span> <span class='ocrx_word' id='word_1_314' title='bbox 958 2330 1067 2375; x_wconf 77' lang='lat' dir='ltr'>recubare</span> <span class='ocrx_word' id='word_1_315' title='bbox 1085 2330 1140 2386; x_wconf 76' lang='lat' dir='ltr'>tiro,</span> <span class='ocrx_word' id='word_1_316' title='bbox 1160 2332 1209 2376; x_wconf 80' lang='lat' dir='ltr'>sine</span> 
     </span>
     <span class='ocr_line' id='line_1_33' title="bbox 100 2389 1208 2456; baseline -0.001 -16"><span class='ocrx_word' id='word_1_317' title='bbox 100 2392 198 2442; x_wconf 86' lang='lat' dir='ltr'>Achille</span> <span class='ocrx_word' id='word_1_318' title='bbox 211 2391 320 2455; x_wconf 88' lang='lat' dir='ltr'>produnt</span> <span class='ocrx_word' id='word_1_319' title='bbox 332 2391 398 2454; x_wconf 85' lang='lat' dir='ltr'>apud</span> <span class='ocrx_word' id='word_1_320' title='bbox 415 2389 520 2437; x_wconf 90' lang='lat' dir='ltr'>insulam</span> <span class='ocrx_word' id='word_1_321' title='bbox 536 2389 638 2452; x_wconf 88' lang='lat' dir='ltr'>Scyrum</span> <span class='ocrx_word' id='word_1_322' title='bbox 672 2404 753 2437; x_wconf 84' lang='lat' dir='ltr'>amore</span> <span class='ocrx_word' id='word_1_323' title='bbox 770 2390 876 2437; x_wconf 93' lang='lat' dir='ltr'>secundo</span> <span class='ocrx_word' id='word_1_324' title='bbox 895 2393 1016 2439; x_wconf 81' lang='lat' dir='ltr'>Prodest?</span> <span class='ocrx_word' id='word_1_325' title='bbox 1049 2392 1208 2456; x_wconf 87' lang='lat' dir='ltr'>Propertius:</span> 
     </span>
     <span class='ocr_line' id='line_1_34' title="bbox 99 2452 1208 2518; baseline 0 -13"><span class='ocrx_word' id='word_1_326' title='bbox 99 2457 198 2505; x_wconf 86' lang='lat' dir='ltr'>latente.</span> <span class='ocrx_word' id='word_1_327' title='bbox 222 2456 301 2504; x_wconf 91' lang='lat' dir='ltr'>Bion:</span> <span class='ocrx_word' id='word_1_328' title='bbox 320 2458 373 2504; x_wconf 84' lang='grc' dir='ltr'>Πῶς</span> <span class='ocrx_word' id='word_1_329' title='bbox 387 2456 442 2503; x_wconf 77' lang='lat' dir='ltr'>ruis</span> <span class='ocrx_word' id='word_1_330' title='bbox 451 2452 542 2503; x_wconf 78' lang='grc' dir='ltr'>ἕσσατο</span> <span class='ocrx_word' id='word_1_331' title='bbox 554 2454 637 2515; x_wconf 80' lang='grc' dir='ltr'><strong><em>φᾶρος,</em></strong></span> <span class='ocrx_word' id='word_1_332' title='bbox 672 2457 796 2516; x_wconf 79' lang='lat' dir='ltr'>Numquis</span> <span class='ocrx_word' id='word_1_333' title='bbox 808 2457 897 2502; x_wconf 78' lang='lat' dir='ltr'>divitiis</span> <span class='ocrx_word' id='word_1_334' title='bbox 904 2455 1006 2503; x_wconf 88' lang='lat' dir='ltr'>adverso</span> <span class='ocrx_word' id='word_1_335' title='bbox 1013 2459 1099 2518; x_wconf 85' lang='lat' dir='ltr'>gaudet</span> <span class='ocrx_word' id='word_1_336' title='bbox 1108 2460 1208 2505; x_wconf 83' lang='lat' dir='ltr'>amoret</span> 
     </span>
     <span class='ocr_line' id='line_1_35' title="bbox 100 2517 1209 2582; baseline 0 -12"><span class='ocrx_word' id='word_1_337' title='bbox 100 2521 159 2570; x_wconf 77' lang='grc' dir='ltr'><strong><em>ὅκως</em></strong></span> <span class='ocrx_word' id='word_1_338' title='bbox 178 2519 204 2569; x_wconf 76' lang='grc' dir='ltr'>δὲ</span> <span class='ocrx_word' id='word_1_339' title='bbox 224 2517 342 2582; x_wconf 75' lang='grc' dir='ltr'>ἐγεύσατο</span> <span class='ocrx_word' id='word_1_340' title='bbox 359 2517 461 2581; x_wconf 72' lang='grc' dir='ltr'><strong><em>μορφάν·</em></strong></span> <span class='ocrx_word' id='word_1_341' title='bbox 480 2519 521 2567; x_wconf 92' lang='lat' dir='ltr'>ubi</span> <span class='ocrx_word' id='word_1_342' title='bbox 540 2518 637 2582; x_wconf 92' lang='lat' dir='ltr'>conspi·</span> <span class='ocrx_word' id='word_1_343' title='bbox 674 2519 743 2566; x_wconf 90' lang='lat' dir='ltr'>Idem</span> <span class='ocrx_word' id='word_1_344' title='bbox 757 2519 793 2566; x_wconf 87' lang='lat' dir='ltr'>ll.</span> <span class='ocrx_word' id='word_1_345' title='bbox 812 2520 848 2566; x_wconf 87' lang='lat'>16.</span> <span class='ocrx_word' id='word_1_346' title='bbox 882 2521 1173 2581; x_wconf 83' lang='lat' dir='ltr'>Mendocesluduntflotus</span> <span class='ocrx_word' id='word_1_347' title='bbox 1185 2526 1209 2570; x_wconf 85' lang='lat' dir='ltr'>in</span> 
     </span>
     <span class='ocr_line' id='line_1_36' title="bbox 98 2582 1084 2649; baseline 0 -15"><span class='ocrx_word' id='word_1_348' title='bbox 98 2602 172 2635; x_wconf 91' lang='lat' dir='ltr'>cuum</span> <span class='ocrx_word' id='word_1_349' title='bbox 189 2585 237 2649; x_wconf 90' lang='lat' dir='ltr'>legi</span> <span class='ocrx_word' id='word_1_350' title='bbox 255 2594 375 2648; x_wconf 89' lang='lat' dir='ltr'>oportere,</span> <span class='ocrx_word' id='word_1_351' title='bbox 388 2585 408 2632; x_wconf 80' lang='grc' dir='ltr'>δ’</span> <span class='ocrx_word' id='word_1_352' title='bbox 421 2582 553 2646; x_wconf 62' lang='lat' dir='ltr'>disicere:</span> <span class='ocrx_word' id='word_1_353' title='bbox 573 2583 638 2646; x_wconf 93' lang='lat' dir='ltr'>quod</span> <span class='ocrx_word' id='word_1_354' title='bbox 671 2599 752 2631; x_wconf 88' lang='lat' dir='ltr'>amore</span> <span class='ocrx_word' id='word_1_355' title='bbox 764 2583 871 2632; x_wconf 91' lang='lat' dir='ltr'>secundi.</span> <span class='ocrx_word' id='word_1_356' title='bbox 881 2584 968 2646; x_wconf 80' lang='lat' dir='ltr'>corrig.</span> <span class='ocrx_word' id='word_1_357' title='bbox 981 2588 1084 2634; x_wconf 81' lang='lat' dir='ltr'>secundo.</span> 
     </span>
     <span class='ocr_line' id='line_1_37' title="bbox 99 2647 1208 2712; baseline 0.001 -14"><span class='ocrx_word' id='word_1_358' title='bbox 99 2651 189 2699; x_wconf 90' lang='lat' dir='ltr'>mirum</span> <span class='ocrx_word' id='word_1_359' title='bbox 206 2666 220 2698; x_wconf 94' lang='lat' dir='ltr'>a</span> <span class='ocrx_word' id='word_1_360' title='bbox 239 2650 336 2698; x_wconf 90' lang='lat' dir='ltr'>nemine</span> <span class='ocrx_word' id='word_1_361' title='bbox 349 2650 467 2697; x_wconf 87' lang='lat' dir='ltr'>hacteuus</span> <span class='ocrx_word' id='word_1_362' title='bbox 484 2647 636 2696; x_wconf 82' lang='lat' dir='ltr'>animadver-</span> <span class='ocrx_word' id='word_1_363' title='bbox 705 2649 769 2696; x_wconf 84' lang='lat'>1156</span> <span class='ocrx_word' id='word_1_364' title='bbox 785 2648 847 2696; x_wconf 91' lang='lat' dir='ltr'>Tota</span> <span class='ocrx_word' id='word_1_365' title='bbox 862 2664 956 2697; x_wconf 86' lang='lat' dir='ltr'>merum</span> <span class='ocrx_word' id='word_1_366' title='bbox 974 2649 1021 2712; x_wconf 90' lang='lat' dir='ltr'>sal]</span> <span class='ocrx_word' id='word_1_367' title='bbox 1044 2649 1160 2699; x_wconf 84' lang='lat' dir='ltr'>Afranius</span> <span class='ocrx_word' id='word_1_368' title='bbox 1182 2650 1208 2699; x_wconf 90' lang='lat' dir='ltr'>in</span> 
     </span>
     <span class='ocr_line' id='line_1_38' title="bbox 100 2713 1209 2778; baseline 0 -14"><span class='ocrx_word' id='word_1_369' title='bbox 100 2731 156 2764; x_wconf 92' lang='lat' dir='ltr'>sum</span> <span class='ocrx_word' id='word_1_370' title='bbox 174 2714 256 2764; x_wconf 83' lang='lat' dir='ltr'>fuisse.</span> <span class='ocrx_word' id='word_1_371' title='bbox 296 2715 345 2762; x_wconf 86' lang='lat' dir='ltr'>Sed</span> <span class='ocrx_word' id='word_1_372' title='bbox 367 2714 432 2762; x_wconf 91' lang='lat' dir='ltr'>idem</span> <span class='ocrx_word' id='word_1_373' title='bbox 453 2722 580 2762; x_wconf 79' lang='lat' dir='ltr'>notaverat</span> <span class='ocrx_word' id='word_1_374' title='bbox 604 2713 637 2761; x_wconf 90' lang='lat' dir='ltr'>Is.</span> <span class='ocrx_word' id='word_1_375' title='bbox 671 2713 862 2777; x_wconf 86' lang='lat' dir='ltr'>Compitalibus:</span> <span class='ocrx_word' id='word_1_376' title='bbox 885 2717 917 2762; x_wconf 88' lang='lat' dir='ltr'>Ut</span> <span class='ocrx_word' id='word_1_377' title='bbox 928 2717 1037 2778; x_wconf 84' lang='lat' dir='ltr'>quicquid</span> <span class='ocrx_word' id='word_1_378' title='bbox 1048 2719 1155 2778; x_wconf 86' lang='lat' dir='ltr'>loquitur,</span> <span class='ocrx_word' id='word_1_379' title='bbox 1173 2716 1209 2764; x_wconf 86' lang='lat' dir='ltr'>sal</span> 
     </span>
     <span class='ocr_line' id='line_1_39' title="bbox 100 2779 818 2830; baseline -0.004 -1"><span class='ocrx_word' id='word_1_380' title='bbox 100 2781 203 2830; x_wconf 81' lang='lat' dir='ltr'>Casaub.</span> <span class='ocrx_word' id='word_1_381' title='bbox 218 2779 292 2827; x_wconf 87' lang='lat' dir='ltr'><strong>MSS.</strong></span> <span class='ocrx_word' id='word_1_382' title='bbox 670 2793 765 2826; x_wconf 88' lang='lat' dir='ltr'>merum</span> <span class='ocrx_word' id='word_1_383' title='bbox 777 2786 818 2826; x_wconf 86' lang='lat' dir='ltr'>est.</span> 
     </span>
    </p>

    <p class='ocr_par' dir='ltr' id='par_1_9' title="bbox 100 2841 1211 3552">
     <span class='ocr_line' id='line_1_40' title="bbox 135 2841 1209 2907; baseline 0.001 -15"><span class='ocrx_word' id='word_1_384' title='bbox 135 2846 198 2892; x_wconf 90' lang='grc'><strong>1054</strong></span> <span class='ocrx_word' id='word_1_385' title='bbox 215 2847 319 2893; x_wconf 82' lang='lat' dir='ltr'>Stillauit</span> <span class='ocrx_word' id='word_1_386' title='bbox 329 2842 413 2907; x_wconf 87' lang='lat' dir='ltr'>gutta]</span> <span class='ocrx_word' id='word_1_387' title='bbox 426 2842 558 2906; x_wconf 88' lang='lat' dir='ltr'>Euripides</span> <span class='ocrx_word' id='word_1_388' title='bbox 571 2842 635 2906; x_wconf 90' lang='lat' dir='ltr'>Hip·</span> <span class='ocrx_word' id='word_1_389' title='bbox 705 2841 765 2892; x_wconf 89' lang='grc'>1171</span> <span class='ocrx_word' id='word_1_390' title='bbox 784 2844 820 2891; x_wconf 89' lang='lat' dir='ltr'>At</span> <span class='ocrx_word' id='word_1_391' title='bbox 835 2842 972 2907; x_wconf 85' lang='lat' dir='ltr'>lacrymans</span> <span class='ocrx_word' id='word_1_392' title='bbox 988 2844 1102 2893; x_wconf 75' lang='lat' dir='ltr'>exclusus</span> <span class='ocrx_word' id='word_1_393' title='bbox 1116 2855 1209 2894; x_wconf 86' lang='lat' dir='ltr'>amator</span> 
     </span>
     <span class='ocr_line' id='line_1_41' title="bbox 100 2905 1208 2973; baseline 0.001 -16"><span class='ocrx_word' id='word_1_394' title='bbox 100 2909 149 2972; x_wconf 87' lang='lat' dir='ltr'>pol.</span> <span class='ocrx_word' id='word_1_395' title='bbox 167 2909 221 2957; x_wconf 90' lang='grc'><strong>526.</strong></span> <span class='ocrx_word' id='word_1_396' title='bbox 251 2908 333 2971; x_wconf 83' lang='grc' dir='ltr'><strong><em>Ἔρως,</em></strong></span> <span class='ocrx_word' id='word_1_397' title='bbox 354 2907 417 2968; x_wconf 81' lang='grc' dir='ltr'><strong><em>ἔρως,</em></strong></span> <span class='ocrx_word' id='word_1_398' title='bbox 435 2906 516 2956; x_wconf 80' lang='grc' dir='ltr'><strong><em>ὁκατ’</em></strong></span> <span class='ocrx_word' id='word_1_399' title='bbox 528 2905 639 2968; x_wconf 74' lang='grc' dir='ltr'><strong><em>ὀμμάτων</em></strong></span> <span class='ocrx_word' id='word_1_400' title='bbox 670 2905 756 2955; x_wconf 87' lang='lat' dir='ltr'>limina</span> <span class='ocrx_word' id='word_1_401' title='bbox 772 2923 837 2971; x_wconf 83' lang='lat' dir='ltr'>saepe</span> <span class='ocrx_word' id='word_1_402' title='bbox 855 2907 968 2957; x_wconf 83' lang='lat' dir='ltr'>Floribus</span> <span class='ocrx_word' id='word_1_403' title='bbox 986 2917 1011 2956; x_wconf 91' lang='lat' dir='ltr'>et</span> <span class='ocrx_word' id='word_1_404' title='bbox 1027 2909 1098 2957; x_wconf 87' lang='lat' dir='ltr'>sertis</span> <span class='ocrx_word' id='word_1_405' title='bbox 1115 2910 1208 2973; x_wconf 89' lang='lat' dir='ltr'>operit]</span> 
     </span>
     <span class='ocr_line' id='line_1_42' title="bbox 102 2970 1208 3035; baseline -0.002 -10"><span class='ocrx_word' id='word_1_406' title='bbox 102 2971 201 3034; x_wconf 68' lang='grc' dir='ltr'><strong><em>Στᾶζςις</em></strong></span> <span class='ocrx_word' id='word_1_407' title='bbox 215 2971 295 3032; x_wconf 81' lang='grc' dir='ltr'><strong><em>πόθον,</em></strong></span> <span class='ocrx_word' id='word_1_408' title='bbox 314 2970 418 3034; x_wconf 76' lang='grc' dir='ltr'><strong><em>εἰσάγων</em></strong></span> <span class='ocrx_word' id='word_1_409' title='bbox 433 2973 550 3033; x_wconf 78' lang='grc' dir='ltr'>γλυκεῖαν</span> <span class='ocrx_word' id='word_1_410' title='bbox 566 2974 639 3035; x_wconf 73' lang='grc' dir='ltr'><strong><em>Ψνχᾷ</em></strong></span> <span class='ocrx_word' id='word_1_411' title='bbox 671 2971 814 3035; x_wconf 89' lang='lat' dir='ltr'>Propertius</span> <span class='ocrx_word' id='word_1_412' title='bbox 824 2972 844 3020; x_wconf 91' lang='grc' dir='ltr'>Ι.</span> <span class='ocrx_word' id='word_1_413' title='bbox 860 2973 896 3020; x_wconf 88' lang='lat'>16.</span> <span class='ocrx_word' id='word_1_414' title='bbox 909 2976 1004 3021; x_wconf 83' lang='lat' dir='ltr'>Etmiln&#39;</span> <span class='ocrx_word' id='word_1_415' title='bbox 1013 2978 1146 3023; x_wconf 88' lang='lat' dir='ltr'>nondesunt</span> <span class='ocrx_word' id='word_1_416' title='bbox 1157 2983 1208 3023; x_wconf 86' lang='lat' dir='ltr'>tur·</span> 
     </span>
     <span class='ocr_line' id='line_1_43' title="bbox 102 3039 1208 3167; baseline 0 -16"><span class='ocrx_word' id='word_1_417' title='bbox 102 3057 198 3153; x_wconf 74' lang='grc' dir='ltr'>χ111111.</span> <span class='ocrx_word' id='word_1_418' title='bbox 210 3101 317 3167; x_wconf 78' lang='lat' dir='ltr'>frigido]</span> <span class='ocrx_word' id='word_1_419' title='bbox 336 3102 410 3150; x_wconf 85' lang='lat' dir='ltr'>MSS.</span> <span class='ocrx_word' id='word_1_420' title='bbox 424 3100 527 3164; x_wconf 78' lang='lat' dir='ltr'>feruido.</span> <span class='ocrx_word' id='word_1_421' title='bbox 553 3102 638 3149; x_wconf 89' lang='lat' dir='ltr'>Recte.</span> <span class='ocrx_word' id='word_1_422' title='bbox 669 3039 1208 3166; x_wconf 45' lang='grc' dir='ltr'><strong>1111117111ἴῖωὲνῖ111131111817111111111111111.</strong></span> 
     </span>
     <span class='ocr_line' id='line_1_44' title="bbox 103 3166 1209 3227; baseline 0 -11"><span class='ocrx_word' id='word_1_423' title='bbox 103 3169 118 3216; x_wconf 87' lang='lat' dir='ltr'>J</span> <span class='ocrx_word' id='word_1_424' title='bbox 120 3168 236 3217; x_wconf 82' lang='lat' dir='ltr'>urenalis.</span> <span class='ocrx_word' id='word_1_425' title='bbox 270 3171 321 3216; x_wconf 88' lang='lat' dir='ltr'>Nec</span> <span class='ocrx_word' id='word_1_426' title='bbox 335 3169 429 3215; x_wconf 78' lang='lat' dir='ltr'>Veneris</span> <span class='ocrx_word' id='word_1_427' title='bbox 437 3169 555 3227; x_wconf 83' lang='lat' dir='ltr'>pbnretrr&#39;r</span> <span class='ocrx_word' id='word_1_428' title='bbox 564 3183 640 3213; x_wconf 85' lang='lat' dir='ltr'>rnccer</span> <span class='ocrx_word' id='word_1_429' title='bbox 672 3166 775 3214; x_wconf 87' lang='lat' dir='ltr'>Amator</span> <span class='ocrx_word' id='word_1_430' title='bbox 784 3166 927 3227; x_wconf 85' lang='lat' dir='ltr'>adjanuam.</span> <span class='ocrx_word' id='word_1_431' title='bbox 949 3167 1061 3216; x_wconf 89' lang='lat' dir='ltr'>Tibullus</span> <span class='ocrx_word' id='word_1_432' title='bbox 1071 3169 1090 3215; x_wconf 92' lang='lat' dir='ltr'>l.</span> <span class='ocrx_word' id='word_1_433' title='bbox 1102 3170 1209 3216; x_wconf 80' lang='lat' dir='ltr'>2.—cum</span> 
     </span>
     <span class='ocr_line' id='line_1_45' title="bbox 102 3229 1006 3293; baseline -0.002 -13"><span class='ocrx_word' id='word_1_434' title='bbox 102 3240 145 3291; x_wconf 89' lang='lat' dir='ltr'>est,</span> <span class='ocrx_word' id='word_1_435' title='bbox 162 3241 203 3281; x_wconf 86' lang='lat' dir='ltr'>out</span> <span class='ocrx_word' id='word_1_436' title='bbox 220 3235 325 3293; x_wconf 85' lang='lat' dir='ltr'>lampade</span> <span class='ocrx_word' id='word_1_437' title='bbox 341 3232 425 3278; x_wconf 77' lang='lat' dir='ltr'>fervet.</span> <span class='ocrx_word' id='word_1_438' title='bbox 461 3229 641 3293; x_wconf 80' lang='lat' dir='ltr'>Sappbor-bu</span> <span class='ocrx_word' id='word_1_439' title='bbox 672 3230 736 3293; x_wconf 87' lang='lat' dir='ltr'>posti</span> <span class='ocrx_word' id='word_1_440' title='bbox 747 3230 834 3278; x_wconf 86' lang='lat' dir='ltr'>florida</span> <span class='ocrx_word' id='word_1_441' title='bbox 845 3240 911 3278; x_wconf 85' lang='lat' dir='ltr'>serta</span> <span class='ocrx_word' id='word_1_442' title='bbox 921 3234 1006 3279; x_wconf 87' lang='lat' dir='ltr'>dorem.</span> 
     </span>
     <span class='ocr_line' id='line_1_46' title="bbox 103 3291 1210 3358; baseline -0.001 -13"><span class='ocrx_word' id='word_1_443' title='bbox 103 3296 129 3345; x_wconf 73' lang='grc' dir='ltr'>δὲ</span> <span class='ocrx_word' id='word_1_444' title='bbox 140 3296 231 3345; x_wconf 77' lang='grc' dir='ltr'><strong><em>λεπτὸν</em></strong></span> <span class='ocrx_word' id='word_1_445' title='bbox 239 3295 324 3344; x_wconf 74' lang='grc' dir='ltr'>αὐτίκα</span> <span class='ocrx_word' id='word_1_446' title='bbox 334 3291 639 3357; x_wconf 78' lang='grc' dir='ltr'>χρῶπῦρὺποδεδρόμακεν.</span> <span class='ocrx_word' id='word_1_447' title='bbox 707 3294 770 3345; x_wconf 90' lang='grc'><strong>1174</strong></span> <span class='ocrx_word' id='word_1_448' title='bbox 790 3297 919 3343; x_wconf 82' lang='lat' dir='ltr'>Venientem</span> <span class='ocrx_word' id='word_1_449' title='bbox 935 3295 1064 3343; x_wconf 85' lang='lat' dir='ltr'>offenderit</span> <span class='ocrx_word' id='word_1_450' title='bbox 1083 3295 1154 3358; x_wconf 88' lang='lat' dir='ltr'>aura]</span> <span class='ocrx_word' id='word_1_451' title='bbox 1178 3298 1210 3352; x_wconf 87' lang='lat' dir='ltr'>Q.</span> 
     </span>
     <span class='ocr_line' id='line_1_47' title="bbox 102 3358 1209 3420; baseline 0.001 -11"><span class='ocrx_word' id='word_1_452' title='bbox 102 3360 231 3410; x_wconf 79' lang='lat' dir='ltr'>Tibullus:</span> <span class='ocrx_word' id='word_1_453' title='bbox 261 3363 299 3407; x_wconf 90' lang='lat' dir='ltr'>Ne</span> <span class='ocrx_word' id='word_1_454' title='bbox 317 3362 360 3407; x_wconf 86' lang='lat' dir='ltr'>tibi</span> <span class='ocrx_word' id='word_1_455' title='bbox 378 3362 428 3416; x_wconf 81' lang='lat' dir='ltr'>sim,</span> <span class='ocrx_word' id='word_1_456' title='bbox 443 3374 492 3407; x_wconf 87' lang='lat' dir='ltr'>meo</span> <span class='ocrx_word' id='word_1_457' title='bbox 513 3361 559 3416; x_wconf 81' lang='lat' dir='ltr'>lun,</span> <span class='ocrx_word' id='word_1_458' title='bbox 577 3375 640 3420; x_wconf 84' lang='lat' dir='ltr'>oeqne</span> <span class='ocrx_word' id='word_1_459' title='bbox 672 3358 741 3407; x_wconf 85' lang='lat' dir='ltr'>codd.</span> <span class='ocrx_word' id='word_1_460' title='bbox 751 3363 848 3407; x_wconf 88' lang='lat' dir='ltr'>ueniens.</span> <span class='ocrx_word' id='word_1_461' title='bbox 861 3359 946 3415; x_wconf 86' lang='lat' dir='ltr'>Recte,</span> <span class='ocrx_word' id='word_1_462' title='bbox 957 3358 1006 3407; x_wconf 86' lang='lat' dir='ltr'>vid.</span> <span class='ocrx_word' id='word_1_463' title='bbox 1014 3359 1109 3407; x_wconf 87' lang='lat' dir='ltr'>lib.V1.</span> <span class='ocrx_word' id='word_1_464' title='bbox 1122 3376 1144 3408; x_wconf 90' lang='lat' dir='ltr'>v.</span> <span class='ocrx_word' id='word_1_465' title='bbox 1154 3362 1209 3410; x_wconf 83' lang='lat'>265.</span> 
     </span>
     <span class='ocr_line' id='line_1_48' title="bbox 104 3422 1209 3486; baseline 0 -13"><span class='ocrx_word' id='word_1_466' title='bbox 104 3435 150 3474; x_wconf 84' lang='lat' dir='ltr'>tom</span> <span class='ocrx_word' id='word_1_467' title='bbox 162 3424 255 3472; x_wconf 86' lang='lat' dir='ltr'>fervida</span> <span class='ocrx_word' id='word_1_468' title='bbox 265 3440 328 3472; x_wconf 70' lang='lat' dir='ltr'>curo.</span> <span class='ocrx_word' id='word_1_469' title='bbox 337 3423 353 3471; x_wconf 87' lang='lat' dir='ltr'>i.</span> <span class='ocrx_word' id='word_1_470' title='bbox 365 3439 386 3470; x_wconf 89' lang='lat' dir='ltr'>e.</span> <span class='ocrx_word' id='word_1_471' title='bbox 394 3422 547 3471; x_wconf 85' lang='lat' dir='ltr'>neitaamer.</span> <span class='ocrx_word' id='word_1_472' title='bbox 571 3423 640 3480; x_wconf 72' lang='lat' dir='ltr'>Herc,</span> <span class='ocrx_word' id='word_1_473' title='bbox 707 3425 769 3471; x_wconf 87' lang='grc'><strong>1265</strong></span> <span class='ocrx_word' id='word_1_474' title='bbox 787 3423 907 3471; x_wconf 90' lang='lat' dir='ltr'>Clunibus</span> <span class='ocrx_word' id='word_1_475' title='bbox 926 3423 1036 3486; x_wconf 83' lang='lat' dir='ltr'>ipsaviri</span> <span class='ocrx_word' id='word_1_476' title='bbox 1053 3425 1174 3472; x_wconf 89' lang='lat' dir='ltr'>Venerem</span> <span class='ocrx_word' id='word_1_477' title='bbox 1187 3425 1209 3474; x_wconf 93' lang='lat' dir='ltr'>si</span> 
     </span>
     <span class='ocr_line' id='line_1_49' title="bbox 103 3487 1211 3552; baseline 0.001 -15"><span class='ocrx_word' id='word_1_478' title='bbox 103 3489 184 3546; x_wconf 90' lang='lat' dir='ltr'>credo,</span> <span class='ocrx_word' id='word_1_479' title='bbox 192 3490 321 3551; x_wconf 84' lang='lat' dir='ltr'>desumpta</span> <span class='ocrx_word' id='word_1_480' title='bbox 332 3503 363 3536; x_wconf 82' lang='lat' dir='ltr'>ex</span> <span class='ocrx_word' id='word_1_481' title='bbox 375 3487 536 3551; x_wconf 77' lang='lat' dir='ltr'>Epicurirrepl</span> <span class='ocrx_word' id='word_1_482' title='bbox 547 3487 639 3548; x_wconf 69' lang='grc' dir='ltr'>ἔρωτος.</span> <span class='ocrx_word' id='word_1_483' title='bbox 673 3487 729 3535; x_wconf 85' lang='lat' dir='ltr'>laeta</span> <span class='ocrx_word' id='word_1_484' title='bbox 755 3487 882 3548; x_wconf 88' lang='lat' dir='ltr'>retractet]</span> <span class='ocrx_word' id='word_1_485' title='bbox 912 3487 1057 3536; x_wconf 82' lang='lat' dir='ltr'>Plenissime</span> <span class='ocrx_word' id='word_1_486' title='bbox 1080 3488 1211 3552; x_wconf 80' lang='lat' dir='ltr'>scripserat</span> 
     </span>
    </p>

    <p class='ocr_par' dir='ltr' id='par_1_10' title="bbox 104 3551 1210 3746">
     <span class='ocr_line' id='line_1_50' title="bbox 139 3551 1210 3616; baseline 0.002 -15"><span class='ocrx_word' id='word_1_487' title='bbox 139 3555 201 3601; x_wconf 85' lang='grc'><strong>1065</strong></span> <span class='ocrx_word' id='word_1_488' title='bbox 227 3552 410 3616; x_wconf 84' lang='lat' dir='ltr'>volgivagaque</span> <span class='ocrx_word' id='word_1_489' title='bbox 430 3567 505 3614; x_wconf 82' lang='lat' dir='ltr'>vagus</span> <span class='ocrx_word' id='word_1_490' title='bbox 529 3551 639 3614; x_wconf 89' lang='lat' dir='ltr'>Venere]</span> <span class='ocrx_word' id='word_1_491' title='bbox 673 3552 757 3609; x_wconf 89' lang='lat' dir='ltr'>Poeta,</span> <span class='ocrx_word' id='word_1_492' title='bbox 770 3567 827 3610; x_wconf 90' lang='lat' dir='ltr'>non,</span> <span class='ocrx_word' id='word_1_493' title='bbox 839 3554 955 3610; x_wconf 77' lang='lat' dir='ltr'>clunibus,</span> <span class='ocrx_word' id='word_1_494' title='bbox 967 3552 1010 3601; x_wconf 89' lang='lat' dir='ltr'>sed</span> <span class='ocrx_word' id='word_1_495' title='bbox 1021 3556 1142 3602; x_wconf 72' lang='grc'><strong>01111111.-</strong></span> <span class='ocrx_word' id='word_1_496' title='bbox 1155 3555 1210 3604; x_wconf 93' lang='lat' dir='ltr'>Du-</span> 
     </span>
     <span class='ocr_line' id='line_1_51' title="bbox 105 3616 1209 3682; baseline 0.003 -16"><span class='ocrx_word' id='word_1_497' title='bbox 105 3616 333 3682; x_wconf 82' lang='lat' dir='ltr'>Propertiusl.13.</span> <span class='ocrx_word' id='word_1_498' title='bbox 368 3617 430 3669; x_wconf 73' lang='lat' dir='ltr'>Hac</span> <span class='ocrx_word' id='word_1_499' title='bbox 438 3616 639 3680; x_wconf 85' lang='lat' dir='ltr'>tibicnlgorcsis·</span> <span class='ocrx_word' id='word_1_500' title='bbox 673 3616 746 3665; x_wconf 88' lang='lat' dir='ltr'>bitari</span> <span class='ocrx_word' id='word_1_501' title='bbox 763 3616 830 3664; x_wconf 89' lang='lat' dir='ltr'>enirn</span> <span class='ocrx_word' id='word_1_502' title='bbox 846 3632 896 3664; x_wconf 91' lang='lat' dir='ltr'>non</span> <span class='ocrx_word' id='word_1_503' title='bbox 909 3625 990 3680; x_wconf 87' lang='lat' dir='ltr'>potest</span> <span class='ocrx_word' id='word_1_504' title='bbox 1001 3617 1059 3679; x_wconf 91' lang='lat' dir='ltr'>quin</span> <span class='ocrx_word' id='word_1_505' title='bbox 1076 3619 1141 3666; x_wconf 91' lang='lat' dir='ltr'>hunc</span> <span class='ocrx_word' id='word_1_506' title='bbox 1159 3620 1209 3669; x_wconf 91' lang='lat' dir='ltr'>Lu·</span> 
     </span>
     <span class='ocr_line' id='line_1_52' title="bbox 104 3680 1209 3746; baseline 0.001 -14"><span class='ocrx_word' id='word_1_507' title='bbox 104 3693 142 3732; x_wconf 89' lang='lat' dir='ltr'>tos</span> <span class='ocrx_word' id='word_1_508' title='bbox 154 3691 292 3746; x_wconf 90' lang='lat' dir='ltr'>compescet</span> <span class='ocrx_word' id='word_1_509' title='bbox 300 3697 401 3730; x_wconf 86' lang='lat' dir='ltr'>amores.</span> <span class='ocrx_word' id='word_1_510' title='bbox 673 3680 742 3730; x_wconf 85' lang='lat' dir='ltr'>cretii</span> <span class='ocrx_word' id='word_1_511' title='bbox 754 3681 834 3730; x_wconf 90' lang='lat' dir='ltr'>locum</span> <span class='ocrx_word' id='word_1_512' title='bbox 846 3691 903 3729; x_wconf 91' lang='lat' dir='ltr'>aute</span> <span class='ocrx_word' id='word_1_513' title='bbox 919 3682 1002 3731; x_wconf 89' lang='lat' dir='ltr'>oculos</span> <span class='ocrx_word' id='word_1_514' title='bbox 1012 3684 1114 3731; x_wconf 88' lang='lat' dir='ltr'>haberet</span> <span class='ocrx_word' id='word_1_515' title='bbox 1125 3683 1209 3733; x_wconf 86' lang='lat' dir='ltr'>Dona-</span> 
     </span>
    </p>

    <p class='ocr_par' dir='ltr' id='par_1_11' title="bbox 103 3744 1211 4004">
     <span class='ocr_line' id='line_1_53' title="bbox 138 3744 1208 3812; baseline 0 -16"><span class='ocrx_word' id='word_1_516' title='bbox 138 3749 201 3796; x_wconf 89' lang='grc'><strong>1069</strong></span> <span class='ocrx_word' id='word_1_517' title='bbox 219 3747 285 3796; x_wconf 88' lang='lat' dir='ltr'>Nam</span> <span class='ocrx_word' id='word_1_518' title='bbox 305 3755 378 3805; x_wconf 90' lang='lat' dir='ltr'>certa,</span> <span class='ocrx_word' id='word_1_519' title='bbox 396 3754 422 3794; x_wconf 91' lang='lat' dir='ltr'>et</span> <span class='ocrx_word' id='word_1_520' title='bbox 441 3761 503 3808; x_wconf 87' lang='lat' dir='ltr'>pura</span> <span class='ocrx_word' id='word_1_521' title='bbox 520 3754 558 3794; x_wconf 81' lang='lat' dir='ltr'>est</span> <span class='ocrx_word' id='word_1_522' title='bbox 574 3744 641 3794; x_wconf 88' lang='lat' dir='ltr'>sanis</span> <span class='ocrx_word' id='word_1_523' title='bbox 675 3754 720 3804; x_wconf 89' lang='lat' dir='ltr'>tus,</span> <span class='ocrx_word' id='word_1_524' title='bbox 731 3762 787 3794; x_wconf 92' lang='lat' dir='ltr'>cum</span> <span class='ocrx_word' id='word_1_525' title='bbox 798 3755 887 3804; x_wconf 89' lang='lat' dir='ltr'>cetera,</span> <span class='ocrx_word' id='word_1_526' title='bbox 899 3762 953 3810; x_wconf 81' lang='lat' dir='ltr'>quae</span> <span class='ocrx_word' id='word_1_527' title='bbox 963 3747 1063 3810; x_wconf 83' lang='lat' dir='ltr'>profert,</span> <span class='ocrx_word' id='word_1_528' title='bbox 1074 3747 1115 3795; x_wconf 92' lang='lat' dir='ltr'>hic</span> <span class='ocrx_word' id='word_1_529' title='bbox 1125 3748 1208 3812; x_wconf 87' lang='lat' dir='ltr'>legan-</span> 
     </span>
     <span class='ocr_line' id='line_1_54' title="bbox 103 3809 1210 3877; baseline 0 -15"><span class='ocrx_word' id='word_1_530' title='bbox 103 3813 182 3877; x_wconf 89' lang='lat' dir='ltr'>magis</span> <span class='ocrx_word' id='word_1_531' title='bbox 204 3811 262 3860; x_wconf 90' lang='lat' dir='ltr'>inde</span> <span class='ocrx_word' id='word_1_532' title='bbox 282 3811 401 3875; x_wconf 85' lang='lat' dir='ltr'>voluptas,</span> <span class='ocrx_word' id='word_1_533' title='bbox 430 3811 510 3865; x_wconf 88' lang='lat' dir='ltr'>Quam</span> <span class='ocrx_word' id='word_1_534' title='bbox 531 3809 639 3872; x_wconf 89' lang='lat' dir='ltr'>miseris]</span> <span class='ocrx_word' id='word_1_535' title='bbox 674 3820 721 3869; x_wconf 89' lang='lat' dir='ltr'>tur,</span> <span class='ocrx_word' id='word_1_536' title='bbox 744 3814 808 3860; x_wconf 86' lang='lat' dir='ltr'>Nom</span> <span class='ocrx_word' id='word_1_537' title='bbox 823 3814 905 3860; x_wconf 80' lang='lat' dir='ltr'>mutter</span> <span class='ocrx_word' id='word_1_538' title='bbox 925 3815 1031 3874; x_wconf 78' lang='lat' dir='ltr'>proinbet</span> <span class='ocrx_word' id='word_1_539' title='bbox 1046 3830 1070 3861; x_wconf 79' lang='lat' dir='ltr'>ee</span> <span class='ocrx_word' id='word_1_540' title='bbox 1086 3818 1210 3876; x_wconf 80' lang='lat' dir='ltr'>emeipere,</span> 
     </span>
     <span class='ocr_line' id='line_1_55' title="bbox 105 3873 1210 3942; baseline -0.001 -15"><span class='ocrx_word' id='word_1_541' title='bbox 105 3880 231 3942; x_wconf 89' lang='lat' dir='ltr'>Diogenes</span> <span class='ocrx_word' id='word_1_542' title='bbox 250 3875 364 3940; x_wconf 86' lang='lat' dir='ltr'>Cynicus,</span> <span class='ocrx_word' id='word_1_543' title='bbox 384 3877 491 3937; x_wconf 74' lang='grc' dir='ltr'><strong><em>ἐρῶντας,</em></strong></span> <span class='ocrx_word' id='word_1_544' title='bbox 513 3873 566 3935; x_wconf 80' lang='grc' dir='ltr'><strong>ἔφη,</strong></span> <span class='ocrx_word' id='word_1_545' title='bbox 584 3874 642 3937; x_wconf 75' lang='grc' dir='ltr'><strong><em>πρὸς</em></strong></span> <span class='ocrx_word' id='word_1_546' title='bbox 674 3883 742 3937; x_wconf 83' lang='lat' dir='ltr'>atque</span> <span class='ocrx_word' id='word_1_547' title='bbox 753 3885 874 3939; x_wconf 85' lang='lat' dir='ltr'>repugnat.</span> <span class='ocrx_word' id='word_1_548' title='bbox 908 3877 1002 3926; x_wconf 80' lang='lat' dir='ltr'>Auctor</span> <span class='ocrx_word' id='word_1_549' title='bbox 1013 3877 1111 3926; x_wconf 90' lang='lat' dir='ltr'>obsceni</span> <span class='ocrx_word' id='word_1_550' title='bbox 1122 3879 1210 3926; x_wconf 87' lang='lat' dir='ltr'>carmi-</span> 
     </span>
     <span class='ocr_line' id='line_1_56' title="bbox 104 3938 1211 4004; baseline -0.003 -11"><span class='ocrx_word' id='word_1_551' title='bbox 104 3943 192 4002; x_wconf 74' lang='grc' dir='ltr'><strong><em>ἡδονὴν</em></strong></span> <span class='ocrx_word' id='word_1_552' title='bbox 202 3943 308 4004; x_wconf 73' lang='grc' dir='ltr'>ἀτυχεῖν.</span> <span class='ocrx_word' id='word_1_553' title='bbox 344 3939 512 4001; x_wconf 72' lang='grc' dir='ltr'><strong>Β16111111(11.</strong></span> <span class='ocrx_word' id='word_1_554' title='bbox 525 3938 576 4002; x_wconf 88' lang='grc'><strong>67.)</strong></span> <span class='ocrx_word' id='word_1_555' title='bbox 675 3941 721 3997; x_wconf 89' lang='lat' dir='ltr'>nis,</span> <span class='ocrx_word' id='word_1_556' title='bbox 743 3940 765 3989; x_wconf 90' lang='lat' dir='ltr'>si</span> <span class='ocrx_word' id='word_1_557' title='bbox 784 3941 969 4000; x_wconf 72' lang='lat' dir='ltr'>meminimus,</span> <span class='ocrx_word' id='word_1_558' title='bbox 990 3942 1050 3991; x_wconf 86' lang='lat' dir='ltr'>olim</span> <span class='ocrx_word' id='word_1_559' title='bbox 1071 3942 1119 3990; x_wconf 91' lang='lat' dir='ltr'>scri</span> <span class='ocrx_word' id='word_1_560' title='bbox 1138 3952 1211 4000; x_wconf 79' lang='lat' dir='ltr'>serat,</span> 
     </span>
    </p>

    <p class='ocr_par' dir='ltr' id='par_1_12' title="bbox 106 4007 1217 4394">
     <span class='ocr_line' id='line_1_57' title="bbox 139 4007 1211 4068; baseline -0.001 -12"><span class='ocrx_word' id='word_1_561' title='bbox 139 4009 202 4056; x_wconf 86' lang='grc'><strong>1090</strong></span> <span class='ocrx_word' id='word_1_562' title='bbox 218 4007 321 4065; x_wconf 83' lang='lat' dir='ltr'>Tenuis,</span> <span class='ocrx_word' id='word_1_563' title='bbox 339 4020 394 4068; x_wconf 80' lang='lat' dir='ltr'>quse</span> <span class='ocrx_word' id='word_1_564' title='bbox 410 4013 484 4053; x_wconf 89' lang='lat' dir='ltr'>vento</span> <span class='ocrx_word' id='word_1_565' title='bbox 495 4020 551 4068; x_wconf 90' lang='lat' dir='ltr'>spes</span> <span class='ocrx_word' id='word_1_566' title='bbox 562 4012 643 4068; x_wconf 86' lang='lat' dir='ltr'>raptat</span> <span class='ocrx_word' id='word_1_567' title='bbox 677 4007 791 4054; x_wconf 83' lang='lat' dir='ltr'>Crissobit</span> <span class='ocrx_word' id='word_1_568' title='bbox 802 4009 846 4054; x_wconf 83' lang='lat' dir='ltr'>tibi</span> <span class='ocrx_word' id='word_1_569' title='bbox 857 4009 985 4066; x_wconf 78' lang='lat' dir='ltr'>fluctuante</span> <span class='ocrx_word' id='word_1_570' title='bbox 997 4009 1077 4055; x_wconf 84' lang='lat' dir='ltr'>lumbo.</span> <span class='ocrx_word' id='word_1_571' title='bbox 1131 4021 1211 4055; x_wconf 79' lang='grc'><strong>1111.</strong></span> 
     </span>
     <span class='ocr_line' id='line_1_58' title="bbox 106 4070 1210 4136; baseline -0.001 -16"><span class='ocrx_word' id='word_1_572' title='bbox 106 4088 171 4136; x_wconf 85' lang='lat' dir='ltr'>saepe</span> <span class='ocrx_word' id='word_1_573' title='bbox 189 4071 296 4135; x_wconf 87' lang='lat' dir='ltr'>misella]</span> <span class='ocrx_word' id='word_1_574' title='bbox 331 4072 406 4134; x_wconf 86' lang='lat' dir='ltr'>Lego,</span> <span class='ocrx_word' id='word_1_575' title='bbox 421 4073 478 4122; x_wconf 75' lang='lat' dir='ltr'>Quo</span> <span class='ocrx_word' id='word_1_576' title='bbox 493 4077 588 4118; x_wconf 86' lang='lat' dir='ltr'>mentem</span> <span class='ocrx_word' id='word_1_577' title='bbox 604 4086 643 4131; x_wconf 86' lang='lat' dir='ltr'>spe</span> <span class='ocrx_word' id='word_1_578' title='bbox 676 4070 904 4119; x_wconf 84' lang='lat' dir='ltr'>Arnobiusvidetur</span> <span class='ocrx_word' id='word_1_579' title='bbox 915 4071 1011 4135; x_wconf 90' lang='lat' dir='ltr'>legisse,</span> <span class='ocrx_word' id='word_1_580' title='bbox 1020 4074 1154 4132; x_wconf 77' lang='lat' dir='ltr'>crispabit:</span> <span class='ocrx_word' id='word_1_581' title='bbox 1168 4070 1210 4119; x_wconf 89' lang='lat' dir='ltr'>lib.</span> 
     </span>
     <span class='ocr_line' id='line_1_59' title="bbox 107 4134 1217 4199; baseline -0.004 -14"><span class='ocrx_word' id='word_1_582' title='bbox 107 4141 194 4186; x_wconf 77' lang='lat' dir='ltr'>lactant</span> <span class='ocrx_word' id='word_1_583' title='bbox 210 4154 269 4199; x_wconf 76' lang='lat' dir='ltr'>repe</span> <span class='ocrx_word' id='word_1_584' title='bbox 285 4139 381 4186; x_wconf 77' lang='lat' dir='ltr'>micetio.</span> <span class='ocrx_word' id='word_1_585' title='bbox 416 4135 456 4183; x_wconf 86' lang='lat' dir='ltr'>Ex</span> <span class='ocrx_word' id='word_1_586' title='bbox 475 4137 569 4192; x_wconf 75' lang='lat' dir='ltr'>lactant,</span> <span class='ocrx_word' id='word_1_587' title='bbox 590 4134 642 4197; x_wconf 89' lang='lat' dir='ltr'>pri·</span> <span class='ocrx_word' id='word_1_588' title='bbox 678 4134 714 4182; x_wconf 88' lang='grc' dir='ltr'>ΙΙ.</span> <span class='ocrx_word' id='word_1_589' title='bbox 741 4138 850 4184; x_wconf 80' lang='lat' dir='ltr'>Clunibns</span> <span class='ocrx_word' id='word_1_590' title='bbox 873 4143 896 4184; x_wconf 87' lang='lat' dir='ltr'>et</span> <span class='ocrx_word' id='word_1_591' title='bbox 911 4139 1070 4185; x_wconf 76' lang='lat' dir='ltr'>coxendicibus</span> <span class='ocrx_word' id='word_1_592' title='bbox 1088 4137 1217 4182; x_wconf 66' lang='lat' dir='ltr'>subnectis</span> 
     </span>
     <span class='ocr_line' id='line_1_60' title="bbox 108 4198 1211 4264; baseline -0.001 -15"><span class='ocrx_word' id='word_1_593' title='bbox 108 4216 175 4249; x_wconf 89' lang='lat' dir='ltr'>mum</span> <span class='ocrx_word' id='word_1_594' title='bbox 192 4201 294 4263; x_wconf 81' lang='lat' dir='ltr'>jactant,</span> <span class='ocrx_word' id='word_1_595' title='bbox 317 4201 375 4249; x_wconf 90' lang='lat' dir='ltr'>inde</span> <span class='ocrx_word' id='word_1_596' title='bbox 395 4207 497 4262; x_wconf 84' lang='lat' dir='ltr'>reptant.</span> <span class='ocrx_word' id='word_1_597' title='bbox 543 4199 642 4247; x_wconf 86' lang='lat' dir='ltr'>Terent.</span> <span class='ocrx_word' id='word_1_598' title='bbox 676 4202 800 4248; x_wconf 83' lang='lat' dir='ltr'>lumborum</span> <span class='ocrx_word' id='word_1_599' title='bbox 816 4200 977 4264; x_wconf 89' lang='lat' dir='ltr'>crispitudine</span> <span class='ocrx_word' id='word_1_600' title='bbox 988 4204 1122 4261; x_wconf 81' lang='lat' dir='ltr'>fluctuaret.</span> <span class='ocrx_word' id='word_1_601' title='bbox 1156 4198 1211 4248; x_wconf 91' lang='lat' dir='ltr'>Lib.</span> 
     </span>
     <span class='ocr_line' id='line_1_61' title="bbox 109 4262 1213 4327; baseline 0 -15"><span class='ocrx_word' id='word_1_602' title='bbox 109 4264 175 4312; x_wconf 86' lang='lat' dir='ltr'>And.</span> <span class='ocrx_word' id='word_1_603' title='bbox 188 4265 232 4314; x_wconf 89' lang='lat' dir='ltr'>IV.</span> <span class='ocrx_word' id='word_1_604' title='bbox 247 4267 267 4314; x_wconf 91' lang='lat'>1.</span> <span class='ocrx_word' id='word_1_605' title='bbox 284 4269 340 4314; x_wconf 81' lang='lat' dir='ltr'>Nisi</span> <span class='ocrx_word' id='word_1_606' title='bbox 351 4284 384 4315; x_wconf 87' lang='lat' dir='ltr'>me</span> <span class='ocrx_word' id='word_1_607' title='bbox 396 4265 512 4314; x_wconf 84' lang='lat' dir='ltr'>lactasses</span> <span class='ocrx_word' id='word_1_608' title='bbox 523 4272 642 4322; x_wconf 86' lang='lat' dir='ltr'>amantem,</span> <span class='ocrx_word' id='word_1_609' title='bbox 676 4265 738 4312; x_wconf 95' lang='lat' dir='ltr'>Vll.</span> <span class='ocrx_word' id='word_1_610' title='bbox 750 4267 854 4313; x_wconf 80' lang='lat' dir='ltr'>clunibus</span> <span class='ocrx_word' id='word_1_611' title='bbox 864 4269 980 4326; x_wconf 79' lang='lat' dir='ltr'>fluctuare</span> <span class='ocrx_word' id='word_1_612' title='bbox 991 4262 1110 4327; x_wconf 85' lang='lat' dir='ltr'>crispatis.</span> <span class='ocrx_word' id='word_1_613' title='bbox 1144 4263 1213 4326; x_wconf 84' lang='lat' dir='ltr'>Ccpa</span> 
     </span>
     <span class='ocr_line' id='line_1_62' title="bbox 109 4329 1214 4394; baseline -0.002 -16"><span class='ocrx_word' id='word_1_614' title='bbox 109 4339 134 4378; x_wconf 91' lang='lat' dir='ltr'>et</span> <span class='ocrx_word' id='word_1_615' title='bbox 142 4329 202 4378; x_wconf 83' lang='lat' dir='ltr'>falsa</span> <span class='ocrx_word' id='word_1_616' title='bbox 211 4343 256 4394; x_wconf 85' lang='lat' dir='ltr'>spe</span> <span class='ocrx_word' id='word_1_617' title='bbox 265 4333 408 4393; x_wconf 84' lang='lat' dir='ltr'>produceres.</span> <span class='ocrx_word' id='word_1_618' title='bbox 446 4330 494 4380; x_wconf 91' lang='lat' dir='ltr'>Vel</span> <span class='ocrx_word' id='word_1_619' title='bbox 502 4330 604 4394; x_wconf 89' lang='lat' dir='ltr'>propius</span> <span class='ocrx_word' id='word_1_620' title='bbox 612 4330 643 4378; x_wconf 90' lang='lat' dir='ltr'>ad</span> <span class='ocrx_word' id='word_1_621' title='bbox 676 4329 916 4394; x_wconf 61' lang='lat' dir='ltr'>Syrisce—caput</span> <span class='ocrx_word' id='word_1_622' title='bbox 924 4331 998 4378; x_wconf 82' lang='lat' dir='ltr'>Graio</span> <span class='ocrx_word' id='word_1_623' title='bbox 1007 4329 1214 4377; x_wconf 80' lang='lat' dir='ltr'>redimitqu&#39;tetlc</span> 
     </span>
    </p>
   </div>
   <div class='ocr_carea' id='block_1_3' title="bbox 0 0 1455 4852">
    <p class='ocr_par' dir='ltr' id='par_1_13' title="bbox 0 0 1455 4852">
     <span class='ocr_line' id='line_1_63' title="bbox 0 0 1455 4852; baseline 0 0"><span class='ocrx_word' id='word_1_624' title='bbox 0 0 1455 4852; x_wconf 95' lang='lat' dir='ltr'> </span> 
     </span>
    </p>
   </div>
  </div>
 </body>
</html>
