2872 4852
678 169 727 240 xii

149 343 346 409 suasorem:
370 363 470 426 grave
491 340 555 405 hoo
576 341 710 418 crimen,
733 342 792 407 sed
814 350 849 404 et
871 361 1049 417 commune,
1073 348 1107 402 et
1130 339 1257 402 sivero

148 463 234 527 foret
264 460 457 539 accusatio&
486 459 685 544 iniquissime
719 459 755 525 id
788 459 900 528 vitium
931 459 1030 523 hodie
1060 457 1257 541 objiceretur

150 580 310 666 Epicuro,
333 581 390 666 qui
412 579 535 666 amplas
560 579 653 644 dedit
674 601 788 664 poenas
814 579 955 643 omnium
979 586 1112 642 aetatum
1134 575 1257 642 invidia

150 709 184 764 et
206 699 438 783 ingratitudine
461 719 650 782 oppressus,
698 697 785 772 Quis
806 698 891 762 enim
912 696 1121 781 impotentius
1143 691 1258 776 affligi-

151 820 227 882 tur?
272 826 306 881 et
341 817 413 902 ipsa
450 815 634 882 Stoicorum
668 815 835 900 Vulgique
872 816 1034 880 rusticitas
1072 824 1256 897 temperans

150 935 300 1001 videatur
329 945 363 1000 et
392 935 544 1012 humana,
577 936 604 1001 si
633 933 820 1000 conferatur
843 957 917 1000 cum
945 933 1071 999 illorum
1098 932 1257 1009 convitiis,

149 1055 206 1139 qui
228 1052 504 1140 qualemqualem
526 1054 559 1119 in
580 1053 730 1138 Physicis
752 1052 935 1138 profectum
956 1053 1012 1117 uni
1035 1052 1182 1137 Epicuro
1204 1073 1258 1116 ac-

151 1183 283 1259 ceptum
311 1171 433 1237 referre
464 1173 596 1237 debent.
643 1171 698 1236 En
728 1194 880 1255 maguum
908 1183 942 1236 et
967 1171 1174 1236 memorabile
1201 1193 1258 1236 ex-

150 1292 309 1378 emplum!
355 1291 528 1378 Sequitur⁹
552 1291 721 1377 Epicurus
744 1314 814 1356 cnm
837 1315 896 1356 sao
916 1314 1033 1378 grege,
1063 1290 1119 1356 Vir
1134 1313 1258 1377 purum

150 1413 309 1490 eruditus,
335 1413 396 1476 sed
414 1412 546 1498 ingenio
568 1434 631 1476 non
658 1412 801 1499 oulgmi,
829 1413 879 1476 ita
901 1422 1007 1478 tamen
1029 1411 1176 1503 sensibus
1199 1411 1260 1478 ad-

151 1531 251 1608 dicto,
267 1539 303 1594 at
316 1531 434 1594 eainde
448 1552 633 1615 supremam
648 1531 799 1594 ueritatis
812 1553 955 1595 normam
970 1540 1002 1595 et
1023 1531 1160 1595 indicem
1178 1552 1258 1594 sem-

145 1671 211 1735 per
233 1648 458 1713 desumendum
480 1669 551 1712 esse
566 1649 752 1733 putauerit.
802 1649 958 1713 Gaudeat
980 1649 1045 1713 Ille
1067 1649 1136 1713 sais
1157 1649 1257 1713 sensi·

153 1768 212 1832 bas
240 1767 514 1844 omniscientihns,
544 1790 602 1832 sao
631 1769 700 1833 sole
727 1769 962 1855 sesquipedali,
991 1791 1052 1832 suu
1081 1777 1171 1832 terra
1196 1789 1259 1831 non

107 1976 110 1981 Ι
146 1887 305 1973 pendula,
323 1889 383 1951 sed
401 1887 556 1951 radicata
570 1888 719 1952 deorsum
742 1889 776 1952 in
798 1888 972 1974 infinitum,
988 1896 1171 1967 recurrente
1192 1887 1262 1951 sole

154 2005 300 2089 qualibet
314 2013 407 2069 nocte
425 2028 489 2091 per
511 2013 672 2069 terraram
695 2006 805 2069 latera
820 2007 867 2070 ad
882 2028 1032 2072 carceres
1052 2006 1261 2078 Orientahesr

153 2123 224 2187 dccc
238 2123 269 2187 si
291 2123 526 2209 Philosophum
541 2126 665 2202 decent,
679 2125 793 2210 qualia
807 2135 882 2190 sant
903 2126 963 2190 illa
978 2149 1053 2213 qun
1065 2127 1178 2191 decent
1192 2125 1260 2189 aul-

148 2263 214 2326 gas
229 2250 261 2305 et
274 2241 421 2307 idiotas?
454 2243 553 2308 Suam
570 2244 638 2308 illis
651 2245 833 2323 scientiam,
847 2267 927 2310 saus
942 2247 1136 2331 uoluptates,
1151 2252 1261 2307 atras-

151 2383 214 2445 que
234 2363 404 2427 sensibiles
429 2385 491 2427 non
517 2364 664 2429 inuideat
701 2364 796 2450 digni
823 2365 970 2449 quicum
994 2364 1186 2448 corporibus
1211 2362 1261 2426 ni·

152 2490 240 2557 aaut,
254 2490 458 2567 pereuntque
473 2483 583 2547 arrimi.

197 2596 254 2659 De
275 2597 370 2681 hujus
400 2598 469 2661 Viri
492 2600 709 2684 Philosophia
731 2600 817 2663 nihil
836 2601 940 2663 habeo
963 2603 1263 2665 commemoratione

84 2777 88 2791 ,
154 2715 306 2799 dignam·
340 2714 524 2780 Democriti
550 2726 582 2781 et
606 2716 770 2801 Leucippi
794 2718 950 2802 dogmata
975 2718 1123 2802 corrupit
1143 2720 1262 2802 potius

155 2855 251 2918 quam
266 2833 458 2910 emendavit,
475 2834 771 2920 antiquo-barbara
786 2844 818 2899 et
840 2834 1058 2901 uetustissima
1080 2837 1261 2922 ignorarit,

156 2953 247 3018 nouis
270 2952 471 3016 inveniendis
493 2953 622 3038 impar:
645 2954 903 3039 philosophatur
925 2954 1013 3031 luae,
1029 2964 1061 3018 et
1080 2978 1142 3041 per
1157 2955 1262 3020 ratio-

126 3065 211 3134 nes
230 3070 446 3157 fluctnantes‚
471 3094 543 3156 quoe
570 3095 632 3136 non
661 3073 888 3159 constringunt
911 3074 1061 3153 animam,
1088 3098 1191 3160 neque
1214 3078 1263 3139 ad

154 3212 320 3255 assensum
343 3189 521 3275 impellunt,
548 3191 613 3255 nisi
636 3200 835 3276 suusponte
859 3193 893 3256 in
914 3203 1034 3279 partes
1057 3196 1261 3279 indolemque

155 3308 299 3395 Epicuri
320 3311 537 3397 propendeat,
587 3308 708 3380 Quoad
728 3311 836 3375 mnndi
861 3322 973 3386 ortum,
1001 3317 1089 3400 quod
1108 3314 1262 3399 pronime

155 3429 284 3491 accedit
298 3429 345 3494 ad
357 3438 580 3514 argumentum
602 3437 757 3507 nostrum,
772 3453 812 3496 ea
835 3432 868 3494 in
890 3455 927 3496 re
948 3456 983 3497 se
1000 3434 1145 3519 pessime
1160 3456 1259 3518 eupe-

156 3545 238 3609 diait
253 3547 433 3632 Epicurus,
451 3570 525 3611 nam
543 3557 766 3634 preterquam
781 3554 869 3636 quod
882 3552 1071 3617 Atomorum
1093 3554 1144 3615 illi
1158 3561 1262 3616 motas

156 3685 237 3748 quos
259 3665 454 3742 introducit,
479 3675 545 3729 tum
568 3668 739 3731 descensus
757 3693 853 3754 qaam
876 3671 1114 3747 declinationis,
1127 3671 1261 3756 fictitii,

156 3806 226 3847 cam
249 3784 301 3848 his
312 3784 486 3871 figmentis
500 3807 567 3849 rem
581 3808 673 3851 suam
688 3790 822 3853 necdum
837 3790 995 3876 corpicere
1011 3790 1132 3874 potuit.
1183 3789 1262 3854 Cum

155 3901 239 3967 enim
268 3904 302 3967 in
318 3906 503 3988 formando
532 3907 647 3971 tellure
677 3910 898 3995 praeteriisset
927 3910 1141 3974 membranam
1171 3911 1262 3975 illam

155 4021 318 4108 Leucippi
343 4023 446 4110 (cnjus
470 4025 680 4110 meminimus)
706 4029 876 4113 orbemque
896 4029 1139 4114 primigenium,
1162 4032 1261 4095 leuem

188 4209 198 4240 ⁸
210 4208 292 4272 Negat
300 4208 419 4266 Laiirtius,
427 4208 468 4257 lib.
478 4209 508 4257 X.
533 4210 657 4258 Illastrius
666 4210 691 4258 in
725 4212 844 4269 Colorem,
858 4222 882 4260 ct
895 4213 1009 4260 Lucretio
1020 4213 1120 4260 refutari
1132 4223 1218 4276 potest.

156 4289 271 4353 Epicuro,
291 4301 315 4340 et
335 4307 348 4338 c
370 4291 495 4339 Plutarchi
515 4290 555 4338 lib.
580 4292 614 4339 11.
635 4292 688 4339 adv.
756 4293 946 4358 ⁹Archaeologia
960 4293 1050 4342 Philus.
1063 4311 1086 4357 p.
1103 4297 1154 4342 185.
