2872 4852
216 219 260 283 86
597 214 640 281 T.
672 213 944 280 LUCRETII

304 371 489 456 Diffugere,
502 382 539 437 ut
548 371 699 450 Fumum,
711 371 875 450 Nebulae,
887 370 1114 457 Flammasque
1127 395 1262 442 necesse
1274 375 1328 458 'st,

303 477 340 540 Si
353 477 458 540 minus
474 475 614 539 omnibu’
630 484 706 538 sunt
720 497 739 539 e
755 474 910 538 Laevibus
927 484 1025 559 atque
1041 475 1220 557 Rotundis,

303 578 351 643 At
366 602 432 643 non
447 601 520 642 esse
536 589 644 643 tamen
660 576 833 662 Perplexis
848 578 1053 661 indupedita,

304 681 456 766 Pungere
471 681 520 744 uti
534 681 661 765 possint
675 702 807 765 corpus,
822 690 1060 764 penetrareque
1076 703 1175 760 saxa3

239 795 287 842 460
304 783 380 848 Nec
395 794 505 847 tamen
518 781 643 846 haerere
659 783 743 846 inter
758 803 804 859 se,
821 781 910 865 quod
926 781 1064 866 quisque
1080 784 1227 851 videmus

305 884 460 950 Sentibus
476 907 547 950 esse
564 886 692 950 datum:
717 882 810 949 facile
826 894 863 946 ut
879 905 1075 968 cognoscere
1090 888 1198 970 possis

303 989 383 1052 Non
399 1011 417 1052 e
433 987 616 1072 Perplexis,
633 987 691 1050 sed
707 984 825 1050 Acutis
840 1008 912 1051 esse
930 985 1120 1052 Elementis.

348 1090 416 1154 Sed
431 1091 520 1174 quod
538 1088 660 1154 Amara
674 1089 765 1153 vides
780 1089 906 1165 eadem,
922 1112 996 1172 quas
1011 1089 1134 1155 fluvida
1148 1102 1313 1174 constant,

305 1193 415 1257 Sudor
430 1193 478 1255 uti
493 1187 598 1256 Maris
613 1201 676 1268 est,
691 1191 819 1255 minime
834 1190 868 1255 id
884 1191 1029 1256 mirabile
1043 1191 1242 1262 habendum.

240 1307 287 1355 465
306 1296 395 1359 Nam
409 1295 498 1379 quod
513 1294 669 1359 fluvidum
684 1303 746 1370 est,
762 1315 781 1357 e
795 1293 951 1358 Laevibus
967 1306 1066 1378 atque
1082 1295 1249 1363 Rotundis

306 1398 381 1476 Est,
398 1408 431 1461 at
447 1397 613 1474 Laevibus,
629 1407 727 1481 atque
744 1395 910 1460 Rotundis
925 1397 1020 1460 mista
1037 1396 1158 1462 doloris

305 1500 473 1584 Corpora;
497 1522 557 1564 nec
572 1510 679 1563 tamen
694 1498 766 1564 haec
781 1498 913 1563 retineri
928 1497 1071 1562 Hamata
1085 1522 1220 1565 necesse
1233 1501 1293 1567 'stt

306 1603 436 1668 Scilicet
451 1625 524 1666 esse
539 1600 687 1684 globosa,
704 1611 811 1664 tamen
826 1623 900 1665 cum
915 1599 1073 1684 Squalida
1087 1613 1249 1680 constant,

287 1703 457 1769 ‘<Provolvi
474 1701 567 1766 simul
582 1711 619 1765 ut
633 1703 771 1784 possint,
787 1712 821 1766 et
835 1701 956 1766 laedere
973 1724 1099 1766 sensus.

241 1817 289 1869 470
351 1807 398 1869 Et
412 1827 478 1889 quo
493 1806 588 1868 mista
602 1814 699 1888 putes
715 1804 817 1888 magis
832 1802 965 1888 Aspera
980 1803 1135 1868 Laevibus
1147 1828 1220 1870 esse

306 1907 489 1992 Principiis,
506 1906 594 1971 unde
608 1906 649 1971 ’st
659 1906 811 1990 Neptuni
825 1928 945 1990 corpus
961 1906 1135 1985 acerbum,

304 2010 369 2074 Est
383 2011 466 2074 ratio
479 2009 687 2086 'secernundi
704 2030 915 2093 seorsumque
930 2008 1074 2073 videndi.

306 2113 435 2177 Humor
449 2112 551 2176 dulcit
565 2111 624 2176 ubi
637 2132 697 2195 per
711 2120 815 2175 terras
831 2111 978 2175 crebrius
992 2110 1079 2175 idem

306 2215 510 2292 Percolatur,
526 2214 609 2279 utin
625 2212 751 2278 foveam
766 2212 858 2290 fluat,
871 2235 909 2278 ac
923 2223 1145 2278 mansuescat:

243 2328 291 2380 475
313 2318 449 2403 Linquit
463 2317 549 2382 enim
564 2338 664 2400 supra
679 2315 756 2380 tetri
771 2314 954 2379 Primordia
969 2315 1029 2379 viri

219 2514 340 2554 constant
374 2505 469 2553 Eadem
486 2489 568 2552 tamen
584 2519 687 2568 corpora
703 2519 758 2552 sen·
792 2501 912 2552 acerbitas
935 2511 960 2551 et
982 2500 1133 2559 amaritud03
1161 2500 1266 2565 denique
1289 2502 1335 2552 de·

220 2585 262 2618 sus
273 2581 394 2634 pungunt,
405 2580 433 2618 ut
445 2569 542 2617 Nebula
551 2579 577 2617 et
589 2569 689 2626 Fumus,
701 2584 759 2617 ocu·
792 2576 912 2616 monstrat
927 2567 1066 2616 istiusmodi
1083 2582 1184 2631 corpora
1203 2583 1235 2614 ex
1255 2567 1334 2644 parti-
1421 2589 1426 2596 ·

219 2633 273 2691 los;
301 2650 342 2683 res
369 2634 443 2682 etiam
469 2633 543 2681 duras
568 2641 706 2697 penetrant,
732 2642 761 2681 ut
791 2631 853 2681 culis
875 2632 1039 2681 diversimode
1066 2631 1177 2695 figuratis
1198 2632 1334 2697 compingi,

222 2698 332 2748 Flamma
354 2698 448 2762 lapides
471 2708 496 2745 et
518 2713 590 2745 saxa:
619 2697 724 2759 ideoque
746 2713 760 2745 e
792 2696 906 2760 quoniam
927 2695 1035 2760 separari
1054 2705 1172 2760 possuntt
1193 2697 1336 2760 percolatur

220 2763 322 2811 loevibus
342 2773 367 2810 et
383 2777 483 2826 prorsus
501 2760 612 2810 rotundis
630 2761 759 2824 principiis
792 2761 859 2810 enim
870 2776 915 2824 per
926 2776 1025 2809 arenam
1037 2776 1100 2824 aqua
1114 2761 1216 2819 marina,
1232 2777 1334 2826 asperas

221 2843 272 2875 non
294 2841 481 2890 componuntur.
516 2827 578 2874 Haec
596 2835 677 2874 autem
694 2842 716 2875 v.
736 2828 758 2874 8.
791 2826 925 2890 particulas
942 2826 1050 2890 deponit,
1063 2835 1154 2875 etcum
1166 2825 1333 2877 levitonaria

221 2891 338 2940 exacutis
347 2890 481 2939 seminibus
492 2890 583 2954 partim
594 2890 708 2953 componi
719 2906 758 2938 as·
792 2900 887 2939 tantum
910 2900 935 2938 et
956 2890 1069 2940 rotundis
1096 2890 1231 2939 seminibus
1252 2891 1334 2942 dulcis

221 2957 292 3005 serit:
303 2955 350 3004 ista
360 2964 397 3004 est
406 2956 479 3017 huJ'us
488 2955 543 3012 loci,
551 2954 592 3016 qui
603 2955 675 3004 toties
687 2970 757 3003 exer·
791 2954 852 3003 linit.

220 3021 273 3069 cuit
282 3020 436 3084 interpretes,
448 3019 576 3068 sententia
824 3022 879 3069 464.
893 3023 967 3069 Sudor
977 3023 1013 3068 ati
1024 3022 1101 3069 Maria
1111 3018 1159 3082 cst]
1173 3020 1252 3068 Faber
1262 3020 1330 3085 legit,

253 3087 309 3136 457.
326 3089 351 3134 Si
363 3089 437 3133 minus
449 3087 545 3132 omnibu’
558 3083 624 3146 sunt]
644 3085 683 3134 lta
699 3084 759 3148 legit
792 3088 866 3134 Sudor
874 3102 966 3133 amarus
975 3093 1001 3133 ut
1009 3093 1051 3142 est,
1061 3094 1086 3132 et
1094 3084 1181 3133 asserit
1189 3084 1332 3135 Lucretium

222 3150 343 3207 Muretus,
356 3149 491 3213 elegantius
500 3164 573 3210 quam
584 3149 677 3212 vulgati
688 3150 757 3198 codd.
791 3149 830 3198 his
847 3149 869 3201 7.
887 3166 909 3198 v.
927 3149 958 3197 de
974 3149 1062 3197 sudore
1079 3158 1173 3197 tantum
1189 3149 1331 3214 disputaret

221 3216 263 3279 qui
275 3219 301 3264 Si
312 3218 470 3264 minutomaia
481 3213 605 3262 exhibent.
790 3215 843 3263 haec
863 3217 1003 3277 conjectura
1020 3213 1056 3261 illi
1076 3213 1178 3262 mirifice
1199 3213 1287 3278 placet,
1306 3224 1332 3264 et

252 3283 308 3330 460.
321 3283 372 3330 Nec
388 3289 463 3329 tamen
480 3283 565 3328 harere
576 3283 637 3327 inter
648 3277 684 3341 re]
704 3279 759 3328 Hos
791 3279 900 3327 fruatur:
918 3295 967 3327 non
979 3279 1084 3327 invideo.
1120 3281 1194 3327 Sudor
1204 3283 1332 3329 mariam

221 3354 271 3395 tres
280 3362 364 3396 versus
373 3355 509 3409 agnoscunt
517 3343 585 3392 codd.
596 3343 675 3406 rejicit
685 3344 758 3392 Lam·
792 3347 928 3392 adornaris
939 3344 999 3407 lege,
1010 3359 1059 3391 non
1066 3343 1130 3406 quia,
1138 3354 1166 3392 ut
1174 3343 1331 3409 interpretes,

220 3411 300 3470 binus,
323 3412 458 3473 asseritque
478 3423 671 3474 supervacaneos
690 3424 756 3465 esset
791 3409 953 3473 Empedocles
965 3409 1023 3458 olim
1039 3408 1136 3457 vocavit
1148 3424 1215 3457 mare
1225 3411 1332 3458 sudorem

220 3476 290 3536 quasi
311 3491 361 3524 non
379 3475 463 3524 debuit
487 3473 617 3523 Lucretius
638 3475 759 3523 affirmare
792 3481 867 3533 tarra,
886 3473 985 3537 (ἱδρῶτα
1006 3475 1050 3532 τῆς
1066 3475 1120 3534 γῆς,
1139 3473 1286 3523 Aristoteles
1307 3477 1330 3523 2.

220 3538 296 3587 fluida
323 3540 371 3588 ista
397 3540 533 3604 pungentia
555 3549 581 3587 et
604 3539 760 3604 penetrantia
792 3538 965 3601 Meteorolog.)
978 3536 1176 3600 sedquiarudor,
1189 3554 1233 3587 seu
1246 3539 1332 3588 otalii

220 3613 292 3652 acuta
304 3604 398 3652 semina
410 3620 458 3652 non
471 3604 552 3652 minus
563 3619 636 3665 quam
653 3604 724 3653 laevia
735 3613 760 3652 et
792 3607 856 3660 udor,
865 3604 930 3652 idem
939 3613 977 3652 est
985 3605 1115 3651 achamom
1131 3601 1331 3653 novatorem

219 3669 325 3716 rotunda
336 3669 474 3717 continere:
496 3667 570 3716 atomi
582 3667 648 3715 enim
660 3669 699 3717 rel
714 3669 757 3717 lte·
791 3669 822 3716 de
833 3668 917 3731 lingua
929 3668 982 3715 Lat
993 3667 1035 3715 lib.
1050 3668 1096 3715 IV.
1108 3683 1168 3716 voce
1180 3668 1256 3717 Udua
1290 3669 1332 3719 Dc

219 3747 263 3780 ves
281 3733 320 3780 vel
341 3732 439 3780 rotundi
463 3748 512 3780 non
530 3741 644 3795 pungunt
661 3748 757 3796 corpus,
790 3735 872 3780 rudore
893 3732 974 3780 autem
995 3742 1020 3781 et
1037 3747 1087 3780 non
1107 3733 1138 3781 de
1155 3747 1218 3796 aqua
1234 3733 1333 3783 marina

219 3811 299 3858 neque
319 3805 462 3859 penetrant,
486 3797 592 3844 libenter
607 3796 683 3859 igitur
699 3797 758 3845 reti·
791 3796 831 3844 hic
851 3796 898 3844 loci
915 3812 986 3858 agere
1004 3799 1101 3860 poitum
1120 3796 1162 3846 isti
1180 3797 1227 3846 soli
1243 3797 1333 3849 dicunt

219 3875 303 3909 nerem
315 3860 337 3909 si
349 3869 414 3908 esset
425 3861 490 3922 quod
504 3864 661 3924 presentibus
672 3861 759 3925 reponi
792 3861 834 3924 qui
845 3860 1003 3923 indiligenter
1014 3861 1106 3925 legunt.
1380 3909 1382 3912 Α

218 3927 302 3989 possit.
822 3926 878 3983 466,
890 3925 947 3977 467.
966 3929 1059 3975 Doloric
1078 3926 1192 3990 Corpora]
1214 3927 1334 3991 squalida

251 3990 306 4038 463.
320 3992 431 4050 Sedqaod
439 3992 527 4037 Amara
535 3991 689 4047 uideseadem,
698 3989 756 4053 etc]
789 4005 834 4039 seu
855 4005 949 4054 aspera,
972 3991 1037 4040 unde
1064 3991 1140 4050 dolor,
1169 4001 1195 4041 et
1219 3991 1332 4044 insuavis

218 4055 277 4104 Alia
290 4063 348 4104 sunt
365 4053 460 4111 Fluida,
472 4069 526 4116 quar
542 4053 615 4103 simul
632 4064 658 4102 et
675 4069 758 4103 amara
789 4063 878 4104 motus.

217 4129 261 4168 aut
278 4120 372 4176 acerba,
390 4135 413 4167 v.
431 4134 455 4181 g.
476 4121 548 4181 Aqua
564 4117 678 4174 Marina3
704 4119 756 4169 hac
821 4119 877 4167 468.
901 4121 994 4168 Scilicet
1015 4137 1063 4169 erse
1088 4119 1195 4185 globata]
1221 4121 1331 4183 Scilicet,

217 4184 301 4234 omnia
315 4183 428 4248 componi
439 4183 533 4240 asserit,
546 4199 568 4230 v.
585 4185 621 4231 14.
639 4183 729 4246 partim
741 4199 755 4232 e
787 4188 846 4233 scire
856 4186 916 4240 licet,
926 4193 954 4232 ut
965 4200 1030 4247 sape
1042 4185 1182 4241 Lucretium
1200 4186 1329 4249 quodcun-

216 4249 319 4299 laevibus
329 4257 354 4298 et
363 4247 481 4304 rotundis,
495 4248 560 4296 unde
570 4246 673 4296 istorum
686 4248 754 4296 Flui-
788 4264 835 4313 que
852 4247 918 4296 enim
934 4258 972 4296 est
987 4247 1089 4298 fluidum
1107 4265 1138 4298 eu
1151 4250 1330 4303 orbicularibtm

214 4314 287 4374 (litas,
299 4313 389 4379 partim
401 4312 541 4376 esqualidis
550 4321 575 4362 et
582 4312 683 4377 asperis,
690 4313 755 4362 unde
788 4322 814 4362 et
822 4312 930 4376 globosis
942 4313 1070 4377 principiis
1082 4323 1183 4364 constat.
