2872 4852
441 228 612 298 LIBER
639 228 893 295 TERTIUS.
1160 230 1220 292 155

200 384 372 475 Dispicere
386 391 456 475 ipse
473 387 599 454 Oculus
616 411 684 453 rem
699 408 845 458 seorsum
860 385 1006 472 Corpore
1020 393 1107 466 toto,

200 495 254 558 Sic
270 493 389 557 Anima
403 503 502 572 atque
518 491 656 553 Animus
672 510 731 573 per
746 511 782 552 se
797 488 842 552 nil
855 512 952 573 posse
968 491 1137 556 videntur:

133 603 182 647 111
197 593 370 668 Nimirum,
385 592 462 674 quia
476 613 536 675 per
551 613 649 656 venas
665 601 698 654 et
712 591 836 655 viscera
849 593 978 668 mistim,

199 690 265 755 Per
280 714 407 770 nervos,
424 704 522 777 atque
538 716 612 757 ossa
628 703 781 757 tenentur
796 715 932 778 corpore
947 696 989 758 ab
1005 696 1099 758 omni.

198 793 271 859 Nec
286 796 410 879 magnis
426 795 601 860 intervallis
617 795 799 859 Primordia
813 808 952 878 possunt

199 894 321 959 Libera
335 896 520 974 dissultare,
536 897 611 961 ideo
626 896 778 961 conclusa
792 907 961 961 moventur

198 995 379 1062 Sensiferos
394 1010 516 1076 motus3
540 1021 622 1083 quos
638 1008 732 1062 extra
747 1019 865 1082 corpus
880 999 913 1061 in
928 1021 1024 1062 auras

132 1108 181 1160 ⁵70
196 1096 294 1163 Aeris
310 1099 399 1163 haud
415 1110 554 1183 possunt
569 1110 645 1182 post
659 1108 796 1162 mortem
810 1099 915 1182 ejecta
930 1100 1068 1162 moveri:

198 1199 379 1283 Propterea
393 1200 470 1283 quia
484 1222 549 1263 non
565 1199 658 1262 simili
674 1199 799 1262 ratione
813 1208 975 1262 tenentur.

197 1301 326 1385 Corpus
343 1301 427 1364 enim
443 1311 542 1382 atquo
557 1301 701 1362 animans
717 1299 779 1362 erit
795 1296 877 1375 Aer,
895 1301 922 1362 si
937 1300 1089 1365 cohibere

197 1402 278 1464 Sese
293 1401 423 1476 Anima,
439 1410 537 1483 atque
553 1400 585 1462 in
602 1422 642 1471 eo
656 1400 777 1483 poterit
791 1399 986 1464 concludere
1001 1413 1118 1479 motus,

197 1500 291 1573 Quos
307 1511 383 1564 ante
398 1501 430 1562 in
446 1500 578 1577 Nervis,
595 1510 628 1563 et
642 1501 675 1564 in
690 1502 763 1584 ipso
779 1501 925 1585 Corpore
941 1503 1070 1586 agebat.

132 1612 180 1663 575
197 1602 311 1675 Quare
326 1602 422 1665 etiam
438 1612 536 1685 atque
551 1602 647 1665 etiam
663 1601 807 1666 resoluto
823 1603 978 1687 Corporis
995 1606 1081 1668 omni

197 1702 367 1786 Tegmine,
384 1713 417 1766 et
433 1704 544 1788 ejectis
560 1714 653 1767 extra
668 1702 819 1768 vitalibus
835 1705 934 1782 auris,

196 1803 341 1868 Dissolvi
357 1826 472 1868 sensus
488 1804 599 1868 Animi
613 1804 737 1869 fateare
753 1827 887 1871 necesse
903 1807 954 1883 ἐι,

195 1904 307 1990 Atque
323 1903 485 1983 Animam,
502 1908 653 1990 quoniam
668 1909 842 1992 conjuncta
856 1918 908 1971 est
923 1930 1021 1972 causa
1036 1910 1175 1974 duobus.

128 2082 130 2086 Ι
237 2006 391 2090 Denique
406 2030 479 2072 cum
496 2007 625 2092 Corpus
640 2019 782 2092 nequeat
797 2009 943 2093 perferre
960 2008 1090 2074 Animal

129 2120 177 2166 580
193 2107 388 2186 Discidium,
406 2109 484 2192 quin
499 2109 533 2172 id
550 2119 635 2173 tetro
650 2111 797 2174 tabescat
813 2111 931 2175 odore:

194 2210 285 2283 Quid
301 2210 444 2287 dubitas,
461 2211 539 2293 quin
554 2212 686 2288 eximo,
702 2212 898 2295 penitusque
913 2223 1024 2303 coorta

192 2310 373 2388 Emanbrit,
389 2313 437 2374 uti
451 2311 586 2387 Fumus,
603 2311 723 2376 diffusa
738 2311 866 2375 Animae
881 2314 951 2376 vis?

191 2412 303 2497 Atque
318 2413 393 2477 ideo
408 2423 499 2476 tanta
514 2422 671 2477 mutatum
688 2425 784 2499 putre
800 2415 892 2478 ruina

192 2514 380 2579 Conciderit
395 2514 523 2597 Corpus
540 2516 688 2598 penitus;
713 2516 789 2598 quia
803 2526 890 2580 mota
903 2515 976 2580 loco
993 2529 1069 2582 sunt

127 2629 175 2676 585
192 2616 417 2681 Fundamenta
432 2617 519 2681 foras
535 2618 661 2695 animae,
677 2628 872 2702 manentque
888 2641 947 2702 per
962 2630 1065 2696 artus,
1143 2665 1148 2673 -

194 2718 324 2802 Perque
340 2719 463 2782 viarum
479 2740 590 2782 omnes
606 2717 725 2794 flexus,
740 2718 774 2781 in
789 2740 926 2802 corpore
942 2721 997 2803 qui
1013 2732 1099 2797 sunt,

191 2820 304 2904 Atque
320 2820 500 2888 foramina?
538 2821 743 2885 Multimodis
760 2831 795 2885 ut
810 2843 945 2887 noscere
960 2825 1066 2907 possis

192 2922 409 3006 Dispertitam
424 2920 551 2986 Animae
566 2933 715 2986 naturam
730 2923 837 2986 exisse
852 2946 912 3007 per
927 2935 1035 3001 artus;

194 3022 240 3086 Et
255 3025 345 3106 prius
360 3046 433 3087 esse
449 3024 510 3088 sibi
525 3024 713 3088 distractam
730 3023 877 3108 Corpore
891 3025 923 3087 in
938 3026 1021 3109 ipso,

129 3136 177 3183 590
192 3125 300 3198 Quam
314 3125 467 3209 prolapsa
480 3124 568 3187 foras
584 3135 697 3188 enaret
712 3125 744 3186 in
761 3122 861 3188 Aeris
877 3123 1010 3190 Aures?

236 3226 433 3304 Quinetiam,
449 3227 542 3291 fineis
558 3227 636 3294 dum
652 3227 726 3290 vitae
741 3228 878 3290 vertitur
892 3229 987 3304 intra,

140 3444 195 3503 568,
209 3445 264 3492 569.
282 3447 403 3493 Moventur
416 3443 541 3505 Sensp'seros
557 3443 642 3505 motus]
676 3444 825 3500 dementum,
835 3443 930 3506 Corpus
942 3443 1105 3491 collabescens
1117 3454 1212 3508 putres·

107 3507 143 3555 Ut
153 3509 184 3555 ab
197 3508 302 3556 Horatio
313 3509 459 3565 dictumest,
472 3511 549 3556 Metus
561 3511 644 3555 moveri
676 3507 717 3564 cit,
737 3515 761 3553 et
780 3507 806 3553 in
824 3507 950 3570 pulverem
967 3507 1024 3556 abit
1067 3508 1139 3557 Unde
1156 3525 1214 3558 vero

103 3575 191 3633 gaudet
203 3575 290 3620 Ionicos
303 3575 399 3621 Matura
414 3575 490 3635 Virgo.
511 3572 596 3619 Faber.
676 3570 724 3618 ista
747 3581 815 3618 tanta
837 3571 954 3634 Corporis
976 3571 1054 3628 ruina,
1078 3572 1126 3620 nisi
1149 3575 1214 3636 quod

139 3635 194 3687 572.
218 3639 294 3699 Atque
318 3636 435 3698 animans]
463 3636 528 3684 Aliis
555 3636 643 3700 placet,
677 3634 768 3682 Anima
787 3650 840 3697 qua
859 3638 967 3684 membra
985 3636 1067 3684 omnia
1082 3637 1169 3686 fulcire
1190 3649 1216 3687 et

106 3716 169 3762 aque
185 3705 274 3748 animis.
310 3702 340 3749 In
358 3700 469 3763 sequenti
488 3716 560 3748 versu
578 3705 602 3748 in
619 3718 644 3747 eo
676 3699 801 3747 continere
813 3699 950 3758 videbatur,
968 3716 1012 3764 per
1028 3717 1101 3765 poros
1112 3712 1137 3750 et
1147 3718 1213 3752 mea-

107 3763 165 3824 (viz.
178 3765 324 3827 abre)recte
340 3765 401 3828 legit
418 3766 511 3813 Faber:
535 3765 560 3812 id
578 3764 643 3812 enim
677 3773 716 3812 tus
737 3764 852 3826 Corporis
871 3766 1006 3812 emanarit?
1031 3781 1085 3828 quae
1103 3783 1161 3816 vero
1179 3767 1214 3816 sic

7 3846 10 3853 ¹
84 3836 159 3881 „tum
181 3844 267 3877 versus
287 3830 397 3893 proxime
421 3829 566 3893 superiores,
591 3839 642 3877 tum
676 3827 790 3876 minutim
802 3828 880 3877 divisa
892 3829 938 3877 fuit
949 3830 976 3877 in
987 3830 1041 3893 ipso
1056 3830 1093 3878 sui
1106 3847 1213 3894 egressu,

65 3910 68 3915 ’
105 3907 191 3941 vernus
207 3894 319 3956 proxime
337 3893 445 3951 inferior,
468 3897 528 3945 Quos
547 3901 601 3941 ante
619 3897 643 3940 in
676 3903 815 3957 comparata
826 3893 858 3940 ad
869 3893 1046 3957 dispersionem
1057 3895 1162 3944 videtur.

105 3960 189 4015 nervis,
201 3965 244 4006 etc.
257 3957 356 4006 omnino
368 3959 481 4021 probant.
709 3960 757 4005 580
771 3960 832 4010 Quin
843 3957 881 4020 id]
897 3959 1018 4021 Improbe,
1030 3963 1085 4021 quin
1096 3964 1125 4008 ei.

139 4021 195 4072 578.
206 4025 282 4083 Atque
293 4021 413 4084 Animam]
423 4021 536 4078 Quidam,
545 4024 642 4069 Anime.
710 4023 764 4069 589.
789 4021 860 4070 Prius
883 4039 931 4071 esse
951 4021 1009 4085 sibi]
1030 4023 1150 4083 Gifanius,
1169 4028 1214 4073 isse

139 4085 193 4137 579.
207 4090 311 4148 Denique
323 4104 374 4134 eum
387 4089 480 4148 Corpus,
493 4085 549 4148 eta]
569 4086 643 4133 Deci·
677 4090 728 4143 ribi,
750 4098 778 4133 ιιι
795 4102 852 4134 mox
869 4091 1013 4144 tredecima,
1031 4103 1052 4135 v.
1072 4089 1126 4135 593.
1156 4089 1218 4136 Non

106 4164 173 4197 mum
185 4161 363 4213 argumentum,
380 4168 403 4199 v.
419 4152 454 4199 12.
467 4150 588 4198 inclusum
600 4159 643 4198 est.
676 4167 771 4212 sequor.

106 4213 231 4261 Subducta
240 4214 338 4272 Anima,
351 4231 405 4278 quae
416 4215 442 4262 in
459 4214 569 4278 partibus
585 4214 644 4261 inti·
710 4216 764 4262 591.
777 4217 915 4272 Quinetiam,
922 4219 1084 4276 fineis-vita,
1092 4213 1148 4276 etc]
1160 4214 1212 4262 Un-

106 4276 153 4324 mis
165 4277 212 4325 sita
227 4287 263 4327 cst
281 4279 355 4328 veluti
373 4279 448 4328 totius
459 4279 571 4347 animalis
588 4279 643 4327 fun·
678 4279 806 4338 decimum,
819 4292 842 4328 v.
858 4281 894 4328 14.
914 4280 944 4327 In
953 4279 1027 4341 vulgo
1036 4287 1121 4327 vocato
1129 4277 1214 4330 Animi
