2872 4852
409 216 579 282 LIBER
608 216 915 282 SECUNDUS.
1178 221 1221 284 75

238 372 352 445 Quare
367 373 463 436 etiam
479 383 578 456 atque
593 373 691 438 etiam
705 371 851 458 paullum
865 372 986 438 clinare
1002 394 1135 438 necesse
1151 374 1191 438 ’st

196 473 354 558 Corpora,
371 497 431 539 nec
446 474 519 560 plus
535 498 632 559 quam
647 476 823 554 minimum,
839 497 880 540 ne
895 475 1020 559 fingere
1034 486 1142 540 motus

129 587 177 634 245
197 575 359 661 Obliquos
374 578 551 655 videamur,
568 588 602 642 et
616 578 652 643 id
667 599 719 642 res
736 600 813 642 vera
828 577 960 643 refutet.

193 676 423 762 Namquehoc
438 680 651 765 inpromptu,
668 677 937 764 manifestumque
953 701 1026 744 esse
1042 680 1201 757 videmus,

195 777 358 858 Pondere,
374 782 576 863 quantumin
592 803 627 845 se
643 781 693 858 ’st,
710 803 775 844 non
790 803 887 865 posse
904 780 1050 865 Obliqua
1063 803 1183 859 meare,

194 880 250 945 Ex
265 904 384 967 supero
400 905 474 947 cum
488 884 703 969 praecipitant,
720 883 810 966 quod
823 905 958 948 cernere
973 885 1079 967 possis
1092 910 1100 962 ;

195 982 263 1048 Sed
278 984 357 1048 nihil
372 987 501 1050 omnino
515 995 605 1050 recta
620 985 753 1068 regione
769 985 834 1048 viai

130 1099 178 1146 250
197 1085 383 1165 Declinare,
398 1089 470 1172 quis
486 1099 547 1165 est,
563 1089 620 1172 qui
631 1087 735 1171 possit
750 1107 894 1163 cernere,
912 1086 1010 1150 sese?

239 1188 392 1272 Denique
408 1190 435 1253 si
452 1211 579 1274 semper
593 1199 700 1253 motus
716 1189 920 1254 connectitur
937 1191 1050 1266 omnis,

109 1444 175 1501 roci,¹
184 1460 256 1506 quam
273 1444 370 1509 deperit
386 1445 527 1504 Lambinus,
545 1445 650 1494 nimium
683 1444 770 1493 Cicero
781 1444 811 1493 de
824 1445 893 1503 Fato,
908 1448 964 1497 Qua
975 1461 1028 1507 ergo
1040 1460 1096 1492 aava
1107 1461 1177 1493 caasa
1188 1454 1222 1494 ert

110 1518 227 1571 quantum
238 1509 336 1567 infensi,
345 1509 432 1572 legunt
441 1519 516 1573 gerat,
528 1509 596 1572 quasi
606 1527 648 1572 ge·
682 1514 706 1557 ia
717 1515 803 1558 natura
814 1527 864 1570 quoe
875 1513 973 1558 declinet
984 1513 1101 1557 atomum?

110 1582 151 1622 nat
163 1589 212 1620 non
225 1574 312 1622 melius
323 1575 470 1637 respoudeat
482 1591 503 1624 v.
517 1577 572 1623 228.
593 1579 648 1627 Qua
715 1576 769 1622 251.
788 1577 892 1636 Denique
908 1578 929 1622 ei
945 1582 1024 1633 motas,
1039 1572 1096 1635 eta]
1114 1574 1163 1622 Pro
1177 1574 1219 1622 de-

107 1642 196 1700 posriat
206 1639 335 1702 genitaleis
346 1642 441 1687 reddere
452 1647 531 1688 matus.
683 1638 816 1687 clinatione
831 1638 952 1687 seminum
964 1639 1053 1686 iterum
1064 1647 1158 1701 pugnat
1170 1639 1219 1686 Lu-

143 1705 198 1752 243.
214 1706 290 1755 Quare
306 1706 376 1751 etiam
392 1702 554 1766 atqaeetiam]
572 1703 648 1752 Resu·
682 1703 780 1762 cretius,
803 1719 825 1751 v.
849 1705 888 1751 43.
923 1703 1048 1759 Quosdam
1067 1711 1148 1752 motus
1168 1719 1221 1752 esse

110 1776 167 1824 tata,
180 1783 253 1829 quam
270 1768 342 1816 modo
357 1778 511 1831 exposuerat,
524 1768 647 1832 opinione,
680 1767 831 1816 voluntarios
848 1783 932 1816 omues
949 1768 1066 1824 sentiunt,
1083 1766 1221 1815 libertatem

109 1832 240 1890 concludit,
259 1849 282 1881 v.
295 1835 318 1880 8.
337 1833 431 1880 semina
448 1833 570 1882 declinare
590 1849 646 1896 per·
680 1832 707 1880 in
724 1831 806 1896 seipso
824 1832 927 1894 quilibet
943 1832 1056 1896 percipit,
1075 1841 1100 1879 et
1116 1832 1221 1880 similem

108 1896 226 1959 paullum,
235 1905 259 1945 et
271 1912 318 1959 quo
330 1896 392 1944 nihil
404 1906 486 1961 potest
497 1899 579 1946 minus
588 1913 648 1957 esse,
683 1912 736 1945 esse
748 1897 773 1944 in
786 1897 841 1946 aliis
849 1897 995 1945 animalibus
1007 1913 1057 1946 non
1066 1896 1150 1959 inepte
1162 1913 1221 1945 con·

108 1961 144 2009 ita
155 1961 229 2009 etiam
246 1970 273 2008 ut
290 1977 339 2009 non
354 1965 443 2024 oblique
459 1963 552 2010 moveri
564 1963 648 2010 dican·
678 1961 748 2022 jicit;
767 1961 809 2009 illa
829 1962 896 2010 enim
913 1960 980 2009 videt
997 1970 1079 2009 motus
1097 1977 1154 2008 suos
1171 1977 1221 2010 non

109 2034 164 2073 tur:
195 2041 281 2074 sensus
302 2026 368 2073 enim
390 2025 546 2090 ipsidocent
565 2027 650 2090 gravia
681 2024 1220 2089 certotempore,certoqueordiueperagere,

109 2090 224 2138 deorsum
244 2090 370 2138 tendentia
392 2106 442 2138 non
465 2091 562 2153 obliquo
581 2101 649 2140 motu
682 2090 725 2137 sed
741 2106 787 2153 pro
803 2090 875 2139 libitu
890 2091 992 2148 variare,
1008 2098 1034 2138 et
1049 2099 1111 2137 nutu
1128 2106 1172 2138 suo
1184 2091 1220 2138 vi-

109 2155 178 2209 ferri;
194 2166 219 2202 at
228 2153 302 2201 iidem
312 2170 398 2202 sensus
407 2171 456 2203 non
466 2165 557 2217 negant
565 2155 650 2218 gravia
682 2170 747 2203 vere.
782 2155 836 2202 lmo
847 2170 902 2202 cum
915 2169 1024 2202 carceres
1041 2153 1122 2202 subito
1133 2155 1220 2216 patefi-

110 2219 241 2266 minimum
266 2218 396 2276 declinare,
425 2220 556 2267 declinatio
584 2219 649 2267 enim
682 2217 1220 2281 ant,tantumnonvidemusipsamvolunta-

111 2283 192 2330 minor
202 2291 239 2330 est
248 2298 320 2344 quam
329 2291 358 2330 ut
368 2283 462 2346 percipi
473 2284 564 2347 possit;
581 2283 648 2331 ideo·
683 2291 732 2329 tem
745 2282 800 2343 equi
815 2291 1015 2345 prorumpentem
1028 2289 1053 2329 et
1068 2281 1141 2344 louge
1157 2298 1220 2345 prae-

113 2362 159 2409 que
182 2362 238 2394 cum
260 2361 311 2394 non
332 2346 485 2408 refragentur
508 2363 601 2404 sensus,
626 2355 651 2395 et
682 2355 822 2393 currentem
842 2355 972 2408 antequam
992 2353 1121 2393 moventur
1139 2355 1220 2403 artus;

111 2411 221 2474 postulat
231 2425 313 2458 rerum
324 2410 457 2472 generatio,
470 2426 524 2472 quae
535 2411 588 2458 sine
603 2411 651 2459 isto
683 2409 763 2473 primo
779 2410 867 2472 plausu
884 2409 993 2472 erigitur,
1013 2408 1125 2457 internus
1146 2411 1222 2458 animi

112 2485 310 2536 motuuunquam
319 2475 492 2538 prorsusforet,
501 2475 652 2523 admittenda
684 2483 765 2522 motus
776 2489 885 2538 praeceps
897 2473 981 2532 fertur,
994 2474 1052 2521 dum
1064 2473 1171 2538 spiritus,
1180 2475 1222 2537 qui

113 2550 150 2588 est
161 2540 282 2588 seminum
294 2539 432 2587 declinatio.
684 2554 729 2601 per
740 2553 828 2586 nervos
836 2538 862 2586 in
874 2538 971 2601 singula
982 2540 1091 2586 membra
1099 2538 1221 2602 dirigendi

147 2604 209 2652 lbid.
235 2603 341 2666 Clitore]
356 2603 425 2662 ¹Alii,
454 2607 582 2658 inclinarer
608 2606 652 2652 sed
684 2612 749 2661 sunt,
761 2603 855 2652 tardius
867 2603 1019 2661 conveniant,
1033 2602 1156 2665 animique
1168 2620 1220 2651 rno-

112 2668 167 2731 quis
184 2672 271 2717 clinare
287 2669 406 2730 rejiceret,
427 2669 469 2732 qui
487 2672 605 2727 clinamen,
628 2684 649 2717 v.
683 2667 720 2715 tui
730 2668 849 2717 morosius
861 2670 1031 2730 obsequantur.
1058 2667 1156 2715 Deinde
1165 2685 1222 2716 cum

112 2735 166 2782 292.
180 2733 286 2781 admittit
296 2736 305 2780 t
683 2741 786 2780 externa
793 2733 817 2781 vi
826 2733 981 2797 impellimur,
989 2731 1082 2794 aliquid
1088 2732 1155 2781 intus
1162 2733 1222 2781 latet

144 2799 199 2846 245.
215 2801 329 2861 Obliquas,
337 2797 394 2861 eta]
406 2797 527 2856 Modeste,
537 2805 563 2846 at
570 2805 651 2847 motus
684 2797 748 2859 quod
758 2798 781 2846 vi
787 2797 829 2845 isti
838 2797 940 2846 obsistat
947 2806 972 2845 et
980 2806 1112 2861 repugnem
1123 2806 1147 2845 et
1154 2796 1222 2846 aliud

111 2862 151 2911 vel
168 2862 274 2910 maxime
291 2863 400 2925 obliquos
416 2863 509 2925 aequius
529 2863 650 2925 postulas·
683 2861 757 2924 plane
773 2877 818 2910 nos
835 2877 907 2925 agere
924 2861 1050 2919 sentimus,
1065 2876 1121 2910 cum
1137 2871 1221 2910 nostro

112 2936 161 2983 set;
174 2927 194 2975 si
206 2943 321 2975 sensuum
330 2927 450 2989 judicium
462 2926 554 2986 timeat,
562 2929 651 2976 abeant
683 2935 752 2984 nutu,
768 2942 841 2988 quam
855 2942 910 2974 cum
925 2926 1028 2974 aliorum
1045 2926 1152 2989 impulsu
1167 2942 1220 2974 mo·

111 2989 154 3040 isti
165 2991 261 3040 molesti
277 3008 370 3049 sensus,
386 3002 411 3039 et
427 2993 473 3039 hoc
489 3007 539 3039 uno
556 3007 582 3039 se
598 2991 650 3040 falli
684 3006 790 3039 reamur.
813 2991 886 3039 Unde
896 3006 955 3039 vero
966 2992 1017 3038 baec
1029 2990 1149 3039 libertasi
1169 2991 1221 3038 Ex·

111 3056 249 3119 patientum
267 3071 316 3104 non
333 3056 440 3118 iniquior
451 3064 489 3104 est
501 3055 649 3120 postulatio:
682 3064 738 3103 cute
750 3055 844 3103 semina
859 3055 921 3119 ipsa,
933 3055 994 3103 nihil
1008 3055 1055 3102 tale
1069 3055 1137 3103 iniis
1153 3054 1221 3114 latet,

111 3136 168 3168 nam
186 3130 211 3168 et
228 3121 282 3185 ipsa
298 3120 430 3169 declinatio
447 3120 552 3181 (Cicero,
570 3121 650 3184 primo
683 3135 714 3167 ex
731 3129 800 3167 motu
819 3120 912 3167 directo
932 3127 957 3168 et
974 3119 1006 3167 ad
1025 3118 1115 3167 lineam
1133 3119 1177 3166 fati
1197 3130 1222 3168 et

111 3184 173 3232 libro
185 3185 215 3232 de
228 3183 342 3248 Finibus)
354 3186 385 3233 ad
400 3184 528 3233 libidinem
540 3185 648 3247 fingitur,
682 3183 834 3232 necessitatis
848 3192 934 3232 catena
951 3182 1064 3240 nectitur,
1077 3198 1108 3230 ex
1124 3183 1175 3231 ictu
1188 3183 1222 3245 (si

111 3249 147 3296 ait
169 3249 235 3297 enim
263 3249 385 3313 Epicurus
408 3258 500 3297 atomos
527 3249 650 3297 declinare
682 3246 1221 3311 potestesseictussinedeclinatioue)eadem

111 3313 165 3361 sine
182 3329 261 3371 causa,
276 3329 324 3375 quo
340 3313 403 3360 nihil
419 3313 516 3375 turpius
532 3322 571 3360 est
586 3314 648 3376 phy·
682 3313 792 3374 sequitur
803 3312 942 3360 necessitas.
977 3309 1135 3372 Relinquitur
1146 3311 1222 3373 igitur

111 3377 169 3435 sico,
179 3386 205 3425 et
215 3377 284 3425 illum
294 3386 387 3425 motum
394 3377 530 3424 naturalem
540 3377 650 3424 omnium
682 3376 734 3423 sola
753 3375 883 3423 declinatio
904 3374 943 3422 cui
961 3389 987 3422 se
1008 3373 1096 3422 debeat
1113 3374 1220 3424 libertas.

110 3441 248 3505 ponderum
266 3456 280 3488 e
296 3440 396 3503 regione
413 3440 553 3487 inferiorem
570 3440 650 3488 locum
684 3440 782 3486 Motum
789 3440 854 3486 hunc
861 3438 1031 3486 declinationis
1038 3439 1183 3488 Plutarchus
1190 3439 1221 3488 de

111 3505 249 3569 petentium
267 3505 321 3553 sine
339 3520 411 3552 causa
429 3503 520 3567 eripuit
538 3503 649 3560 Atomis;
683 3502 731 3550 An.
740 3503 828 3550 solerte
836 3503 907 3551 docet
914 3502 1222 3567 abEpicuroinduci‚dws

111 3585 157 3617 nec
169 3578 251 3618 tamen
262 3568 296 3627 id,
308 3571 377 3630 qu'us
389 3584 462 3617 causa
475 3569 526 3616 baec
538 3568 650 3626 finxerat,
684 3565 717 3615 eir
732 3566 779 3625 τὴν
796 3564 858 3628 ζωὴν
868 3567 884 3625 ἡ
894 3566 959 3629 τύχη
977 3566 1129 3630 παρεισέλθῃ,
1141 3567 1181 3617 eal
1191 3568 1221 3618 τὸ

111 3642 256 3697 assequutus
268 3643 311 3682 est.
340 3634 406 3681 Nam
417 3633 651 3681 siveomnesatomi
684 3631 721 3693 ἐφ’
731 3629 787 3691 ἡμῖν
794 3632 827 3693 μὴ
835 3631 960 3689 droam.
978 3634 1220 3694 Haacldpe'carasra·

110 3699 275 3756 declinabunt,
285 3697 650 3759 nullaeunquamcohaerescent,
683 3700 765 3744 tionem
781 3699 874 3744 induxit
889 3700 917 3744 ab
931 3714 981 3745 eam
997 3713 1044 3744 rem
1060 3700 1121 3759 qaod
1135 3702 1221 3747 veritae

111 3764 163 3813 sive
184 3763 239 3812 aliae
261 3762 425 3819 declinabunt,
446 3761 500 3809 aliae
522 3778 567 3810 suo
588 3771 650 3810 nutu
682 3768 717 3809 est
728 3778 763 3818 ae,
774 3765 795 3808 si
806 3777 893 3822 semper
901 3769 988 3809 atomus
996 3766 1113 3824 gravitate
1114 3760 1222 3823 serretur

110 3837 176 3877 recte
197 3829 313 3886 ferentur,
331 3828 438 3891 primurn
455 3826 503 3874 erit
518 3827 564 3874 hoc
581 3827 650 3888 quasi
682 3829 787 3873 natarali
797 3834 821 3874 et
831 3830 967 3883 necessaria,
979 3829 1039 3873 nibil
1050 3830 1146 3875 liberam
1157 3831 1221 3875 nobis

110 3893 249 3957 provincias
264 3893 352 3941 atomis
363 3892 428 3949 dare,
441 3907 495 3953 quae
510 3900 584 3948 recte,
597 3907 650 3953 quae
682 3898 748 3948 esset,
765 3907 815 3938 cam
831 3893 866 3939 ita
877 3899 1003 3939 moveretur
1019 3895 1115 3949 animas,
1128 3899 1154 3938 at
1170 3900 1220 3939 ata-

111 3957 208 4020 oblique
230 3957 356 4012 ferentum
384 3956 473 4004 deinde
496 3956 581 4004 eadem
609 3955 651 4003 illa
682 3971 768 4003 moram
779 3963 975 4018 motacogeretar.
1005 3955 1038 4003 Et
1049 3955 1114 4013 alibi,
1127 3954 1220 4019 Epicu-

111 4021 287 4080 atomorum,in
297 4037 345 4084 quo
355 4021 429 4069 etiam
436 4020 592 4069 Democritus
600 4021 650 4068 bae-
682 4034 725 4067 rus
736 4021 767 4067 ab
784 4019 871 4067 atomis
887 4019 950 4083 petit
965 4020 1114 4083 praesidium,
1133 4034 1221 4081 easque

111 4095 157 4143 ret,
175 4086 317 4134 turbulenta
334 4084 461 4134 concursio
481 4086 547 4133 bunc
564 4085 650 4133 mundi
682 4083 714 4132 de
726 4084 765 4133 via
777 4083 884 4142 deducit,
896 4093 922 4132 et
933 4099 982 4132 uno
998 4093 1107 4148 tempore
1119 4083 1223 4145 suscipit

113 4158 224 4198 ornatum
236 4151 331 4199 efficere
341 4165 390 4198 non
402 4149 499 4213 poterit
682 4163 722 4197 res
739 4149 799 4196 duas
815 4148 998 4197 inenodabiles:
1025 4162 1106 4203 unam,
1124 4153 1152 4192 ut
1167 4146 1221 4194 sine

116 4233 118 4237 ’
145 4215 200 4261 250.
213 4213 437 4277 Decimae-rese]
450 4213 537 4277 virgil.
552 4213 648 4262 AEneid.
682 4229 756 4261 causa
773 4212 815 4260 fiat
831 4212 931 4275 aliquid,
944 4229 975 4260 ex
986 4228 1034 4275 quo
1046 4210 1135 4258 existet
1146 4218 1174 4256 ut
1190 4210 1221 4258 de

115 4275 159 4324 1v.
183 4280 261 4326 Daiei·
274 4282 390 4329 decliaaat
411 4282 498 4328 lamina
517 4295 591 4326 somno
598 4297 607 4334 ,-
625 4291 661 4326 οι·
682 4277 760 4326 nihilo
772 4276 897 4340 quippiam
909 4278 959 4335 liat,
972 4275 1036 4338 quod
1048 4289 1093 4322 nec
1107 4272 1163 4336 ipsi,
1175 4289 1220 4323 nec
