2872 4852
446 213 618 281 LIBER
649 214 869 281 PRIMUS.
1168 217 1210 280 47
1281 243 1283 248 s

189 370 354 435 Consimili
369 373 492 436 ratione
509 372 640 437 Hcrbas
656 395 787 457 quoque
803 394 891 456 saepe
907 372 1056 447 decebat,

124 485 172 531 885
190 475 237 538 Et
251 475 353 539 laticis
370 473 493 540 dulceis
509 485 631 558 guttas,
650 474 808 558 similique
824 495 941 559 sapore

189 576 336 652 Mittere,
351 575 505 660 lanigerae
520 576 608 660 quali
624 587 700 640 sunt
715 578 818 640 ubera
830 576 942 640 lactis:

190 677 319 742 Scilicet
334 688 368 742 et
383 677 500 741 Glebis
515 688 675 743 terrarum
690 701 778 763 saepe
794 678 897 742 friatis

188 779 376 843 Herbarum
391 802 522 862 genera,
538 790 572 844 et
586 780 709 864 fruges,
724 780 935 863 frondeisque
950 778 1053 843 videri

190 880 386 965 Dispertita,
403 891 501 965 atque
516 882 550 944 in
566 881 680 945 Terris
696 881 825 945 latitare
840 881 980 944 minute:

124 991 172 1038 890
192 980 373 1060 Postremo,
388 983 422 1046 in
437 984 551 1068 Lignis
568 985 709 1048 cinerem
722 982 910 1066 fumumque
925 981 1039 1057 videri,

188 1083 271 1147 Cum
285 1084 459 1169 praefracta
473 1085 591 1163 forent,
607 1087 776 1169 igneisque
790 1084 892 1148 latere
908 1084 1059 1148 minutos

190 1186 340 1264 Quorum
353 1186 399 1250 nil
411 1187 484 1251 fieri
498 1189 649 1272 quoniam
664 1186 834 1250 manifesta
849 1187 946 1250 docet
960 1208 1025 1262 res,

189 1287 280 1352 Scire
294 1288 371 1353 licet
385 1311 448 1352 non
462 1311 536 1354 esse
550 1290 584 1352 in
599 1290 697 1352 rebus
713 1310 766 1352 res
780 1290 826 1352 ita
840 1289 969 1351 mistas:

189 1388 316 1452 Verum
331 1390 461 1453 Semina
475 1389 671 1453 multimodis
687 1390 825 1452 immista
837 1388 938 1453 latere

125 1502 172 1549 895
191 1490 372 1554 Multarum
386 1513 496 1555 rerum
510 1491 543 1553 in
557 1492 656 1555 rebus
672 1490 852 1555 communia
867 1490 998 1554 debent.

231 1594 280 1658 At
295 1617 382 1679 saepe
397 1595 430 1657 in
440 1594 568 1678 ¹magnis
584 1593 622 1657 fit
637 1594 812 1671 montibus,
828 1593 947 1678 inquis,
963 1603 999 1657 ut
1014 1591 1087 1656 altis

188 1695 374 1760 Arboribus
390 1697 493 1760 vicina
508 1696 674 1760 cacumina
690 1719 813 1760 summa
828 1705 975 1760 terantur

189 1798 279 1863 Inter
294 1821 341 1876 se,
357 1797 471 1863 validis
486 1798 594 1862 facere
610 1798 644 1862 id
660 1799 851 1883 cogentibus
869 1795 1014 1873 Austris,
1087 1813 1090 1820 “

189 1899 305 1964 Donec
320 1899 481 1965 fulserunt
495 1900 632 1964 flammae
646 1899 773 1984 fulgore
789 1910 917 1964 coorto:

125 2013 173 2060 900
190 2001 334 2079 Scilicet3
359 2012 393 2066 et
407 2024 473 2065 non
488 2011 538 2067 est
551 2000 647 2085 fignis
662 2012 770 2066 tamen
785 2001 900 2064 insitus
917 1999 1019 2084 Ignis,

188 2102 314 2167 Verum
329 2102 460 2167 Semina
475 2112 552 2166 sunt
566 2099 706 2166 Ardoris
720 2102 832 2178 multa,
849 2101 986 2166 terendo

189 2203 275 2276 Quae
290 2225 363 2268 cum
378 2203 578 2280 confluxere,
594 2213 707 2268 creant
720 2204 870 2267 incendia
885 2198 993 2285 sylvis.

105 2404 180 2453 Hunc
197 2419 295 2452 versum
316 2403 463 2465 ejiciendum
483 2418 537 2451 esse
558 2412 642 2450 monet
707 2403 762 2450 886.
788 2404 858 2454 Quali
880 2409 934 2449 suat
956 2398 1040 2462 abere]
1061 2399 1121 2459 Alii,
1138 2403 1216 2464 quales

105 2469 192 2526 Faber,
204 2468 318 2529 quonlam
330 2467 392 2515 nihil
403 2468 430 2515 in
441 2483 471 2515 eo
482 2476 527 2524 est,
539 2467 604 2529 quod
615 2467 641 2514 in
674 2474 727 2514 sunt
738 2470 814 2514 abere.

103 2532 181 2596 priori
189 2548 269 2591 versu,
277 2535 422 2581 Roboretum
430 2530 641 2594 seeifrengantar,
708 2532 762 2579 894.
788 2531 871 2579 Verum
888 2532 979 2579 Semina
995 2532 1140 2587 multa‘modb,
1157 2529 1215 2592 etc]

103 2601 194 2645 mittere
211 2601 300 2660 signum
319 2600 524 2659 Serrgaa'm's-non
545 2595 641 2659 legitur.
677 2596 746 2644 Duos
763 2595 835 2643 hosce
852 2610 937 2643 versus
953 2594 1052 2642 aliunde
1069 2595 1117 2642 huc
1135 2603 1214 2642 mans·

103 2662 234 2710 Turnebus
242 2670 331 2721 tuetur,
342 2671 367 2709 et
376 2662 447 2710 docet
455 2660 642 2724 intelligendum
675 2659 737 2708 latos
757 2659 868 2717 arbitror,
889 2659 959 2723 (nem
981 2658 1039 2707 alibi
1062 2659 1118 2723 plus
1139 2658 1216 2707 semel

103 2742 156 2776 esse
168 2727 199 2775 de
210 2727 314 2789 quodam
326 2726 434 2775 molendi
444 2741 535 2789 genere
551 2725 578 2773 in
595 2740 642 2788 quo
675 2723 810 2788 leguntur,)
822 2733 895 2787 atque
904 2723 959 2772 ideo
971 2723 1104 2772 tollendos:
1124 2723 1214 2786 alioqui

103 2795 163 2854 lepte
174 2794 272 2853 lapidem
285 2795 347 2849 terit,
357 2799 385 2839 ut
394 2799 431 2838 est
442 2792 508 2854 apud
519 2790 640 2839 Plautum.
675 2805 724 2837 non
736 2789 867 2837 dIcendum
877 2789 958 2837 fuerat
968 2791 1051 2837 debent
1061 2790 1106 2837 sed
1116 2791 1215 2837 debere.-

103 2858 273 2904 Nammer'llac
284 2859 349 2904 dact's
361 2858 400 2903 aba·
412 2855 474 2919 lapis
485 2855 592 2919 lapidem
604 2863 640 2903 te·
676 2854 761 2902 Faber.
796 2853 866 2918 Saepe
882 2854 1010 2916 leguntur!
1034 2853 1129 2901 utinam
1148 2851 1213 2900 indi-

103 2921 152 2969 ritl
170 2920 310 2984 Aliquando
321 2919 417 2984 putavit
433 2921 567 2970 Lambinus
583 2919 642 2968 ferri
674 2921 767 2975 cassen
785 2927 811 2967 et
821 2918 869 2967 ista
880 2918 911 2966 de
922 2921 1003 2966 debera
1015 2925 1041 2965 et
1056 2920 1139 2966 debent
1155 2931 1212 2965 sen-

103 3001 153 3033 non
170 3001 241 3049 posse
260 2985 390 3033 lectionem
407 2984 529 3047 vulgatam
549 3001 642 3033 manere
675 2982 752 3031 tentia
766 2992 836 3031 atrox
846 2982 954 3047 profecto
971 2991 996 3030 et
1012 2982 1152 3031 truculenta
1167 2989 1212 3039 est,

104 3067 212 3107 cremera,
224 3049 392 3112 (quamobrem
404 3049 470 3097 enim
481 3049 642 3097 conveniebat
675 3056 700 3096 et
710 3063 764 3111 qua
779 3047 897 3112 plurimos
914 3046 1023 3095 Lucretii
1039 3062 1125 3096 versus
1138 3048 1212 3108 jugu-

104 3130 135 3163 ex
142 3114 264 3177 lapidibus
272 3114 364 3176 collisis
372 3123 398 3162 et
408 3113 520 3163 contritis
530 3128 641 3162 cruorem
673 3113 741 3161 laret

104 3178 223 3240 manare)
235 3179 414 3242 legendumque
426 3194 479 3227 esse
491 3195 584 3227 manare
601 3195 640 3226 ce·
707 3178 762 3225 896.
786 3180 820 3225 At
837 3193 896 3238 sape
916 3179 941 3223 in
961 3179 1058 3238 magnis,
1075 3172 1131 3235 etc]
1152 3174 1213 3221 Pro·

105 3247 179 3301 brem,
193 3242 209 3291 i.
220 3259 241 3291 e.
259 3245 341 3306 ignem
358 3259 402 3291 seu
418 3243 548 3302 flammam,
565 3252 594 3292 ut
610 3242 644 3290 sit
674 3242 752 3304 ponit,
764 3240 892 3303 solvitque,
904 3256 926 3288 v.
943 3241 980 3287 10.
998 3239 1063 3302 quod
1080 3239 1212 3300 Anaxago·

104 3307 144 3356 hic
168 3308 277 3356 Lucretii
299 3323 397 3363 sensum
423 3307 598 3364 Conveniebat,
621 3304 642 3354 si
675 3321 714 3354 ras
734 3306 836 3368 urgebat
852 3305 884 3352 ad
902 3303 1056 3367 probandum
1077 3301 1168 3351 Omnia
1185 3301 1213 3349 in

104 3373 259 3435 Anaxagorae
270 3371 393 3419 sententia
404 3387 462 3419 vera
475 3380 547 3429 esset,
559 3387 590 3418 ex
605 3370 641 3418 la·
676 3368 796 3418 Omnibus
807 3384 869 3425 esse,
880 3377 953 3430 atque
964 3367 1025 3415 adeo
1037 3365 1128 3415 Omnia
1138 3381 1213 3430 gene·

105 3436 203 3500 pidibus
225 3436 291 3483 inter
313 3450 339 3483 se
361 3434 473 3483 contritis
495 3438 591 3482 calorem
617 3433 643 3481 id
674 3433 724 3480 rari
741 3449 773 3480 ex
789 3432 909 3480 omnibus.
940 3431 1088 3494 Exemplum
1106 3430 1152 3479 viz.
1171 3431 1213 3494 Ig-

106 3509 150 3558 εει,
160 3501 243 3562 ignem
252 3513 359 3546 manare.
388 3499 449 3546 Haec
458 3498 513 3546 ille:
531 3498 644 3561 quasiex
676 3497 722 3554 nis,
734 3497 775 3558 qui
786 3496 862 3544 latere
874 3496 962 3544 debeat
977 3495 1003 3543 in
1021 3495 1147 3544 arboribus
1163 3495 1214 3542 col-

104 3562 643 3629 lapidibuscontritisscintilloenonexiliant.
675 3561 763 3610 lisione
780 3560 920 3610 vehementi
941 3559 1129 3624 ignescentibus.
1163 3560 1212 3608 Re·

106 3630 227 3692 Ejiciatur
240 3628 316 3692 igitur
332 3628 372 3675 hic
384 3643 468 3676 versus
485 3640 534 3675 tam
552 3627 643 3691 impor-
676 3626 781 3690 spondet
790 3625 932 3685 Lucretium
950 3625 1008 3673 Non
1018 3626 1105 3688 Ignem
1114 3623 1214 3687 quidem

106 3704 187 3753 tunus,
200 3703 225 3743 et
235 3692 337 3751 inutilis,
350 3708 382 3740 ne
393 3692 475 3741 forsan
487 3692 569 3756 aliqui,
580 3692 645 3755 quod
677 3706 731 3739 esse
743 3690 771 3738 in
787 3691 872 3739 arbore
887 3689 948 3754 ipsa,
960 3689 1005 3738 sed
1021 3698 1104 3738 tamen
1120 3689 1215 3738 semina

102 3761 154 3822 jam
164 3760 244 3822 Fayus
253 3757 319 3816 fecit,
327 3774 359 3806 ex
368 3773 397 3805 eo
408 3757 583 3806 concluderent
594 3758 644 3805 Lu·
678 3755 748 3818 Ignis
770 3771 813 3804 seu
836 3755 967 3804 molecules
994 3764 1137 3812 atomorum,
1160 3769 1215 3817 quas

106 3825 209 3873 cretium
225 3823 345 3881 docuisse,
357 3824 467 3886 Corpora
483 3830 566 3870 nostra
581 3824 645 3870 saris
676 3829 743 3869 certa
751 3837 779 3869 ac
790 3835 854 3868 nora
864 3818 959 3868 ratione
970 3818 1095 3895 disposite
1106 3819 1215 3894 speciem

107 3899 132 3938 et
143 3891 259 3951 lapidibus
270 3887 366 3937 nutriri.
397 3888 523 3951 Interpres
535 3887 577 3936 tali
595 3887 642 3935 ier·
679 3885 747 3949 Ignis
759 3885 902 3934 exhibeant:
921 3900 977 3933 nam
989 3883 1097 3947 ahoquin
1108 3899 1129 3931 sr
1146 3883 1215 3947 ignit

106 3954 162 4003 culo
173 3953 338 4017 dignissimus.
677 3958 734 3998 actu
750 3958 775 3998 et
790 3965 877 3998 revera
892 3949 918 3996 in
936 3949 1011 4013 sylvis
1026 3949 1096 4006 foret,
1111 3947 1133 3996 is
1149 3946 1216 3996 haud

140 4021 195 4067 885.
221 4021 255 4066 Et
276 4017 367 4080 heleis]
395 4018 493 4074 Letices,
515 4031 548 4064 ex
575 4015 644 4063 codd.
678 4015 751 4064 dubie
762 4030 818 4062 suas
830 4013 895 4062 vires
906 4013 997 4077 passim
1009 4021 1149 4062 ostentaret.

108 4083 256 4132 Lambinus:
285 4081 446 4131 conveniebat
467 4081 534 4129 euim
553 4079 645 4139 latices,
711 4081 765 4127 899.
784 4076 1112 4141 Fulseruntflcmmaefidgore
1128 4073 1215 4136 coorto]

49 4154 56 4160 '
107 4147 124 4195 i„
137 4163 158 4195 e.
170 4163 245 4211 aquas
256 4163 316 4210 quas
326 4155 413 4223 potant
423 4154 505 4209 guttas
518 4145 609 4203 dulces,
622 4153 647 4194 et
679 4141 1148 4205 AIiI,Flammai'salserunttgaecoerto:
1165 4137 1217 4185 Alii

107 4211 180 4259 lactei
196 4213 289 4277 saporis
305 4220 409 4261 mittere.
438 4211 500 4261 Haec
517 4209 566 4258 ille.
595 4209 647 4257 Alii
679 4208 829 4257 eveteribus
845 4207 914 4256 codd.
931 4207 1004 4270 longe
1021 4205 1116 4262 melius,
1134 4205 1214 4250 Fulse-

110 4277 355 4340 laticr'sdulcesgattes
363 4276 464 4339 legunt»
473 4292 518 4325 neo
528 4290 645 4339 repugno.
668 4275 906 4334 -rantflammai'flore
918 4279 998 4320 coorto.
