2872 4852
224 237 290 301 322
606 236 649 302 T.
674 235 945 301 LUCRETII

311 394 420 467 Quam
435 394 477 458 sit
491 392 626 478 parvula
640 415 729 478 pars,
745 403 779 458 et
793 416 890 477 quam
905 390 1087 456 multesima
1101 403 1254 461 constet:

311 495 358 559 Et
373 507 473 580 quota
487 518 563 580 pars
579 494 690 559 Homo
704 495 824 560 Terrai
838 496 880 559 sit
894 495 995 559 totius
1011 517 1108 559 unus.

311 597 412 670 Quod
428 599 512 662 bene
527 597 732 683 propositum
748 597 775 660 si
789 595 885 681 plane
900 607 1088 674 contueare,

311 697 363 765 Ac
377 700 489 764 videas
503 700 617 785 plane3
641 701 749 764 mirari
764 699 865 764 multa
878 698 1054 783 relinquas.

246 811 294 859 655
353 800 443 866 Num
459 803 532 887 quis
549 803 632 867 enirn
643 802 793 867 nostrdm
807 803 952 880 miratur,
971 803 1071 885 siquis
1086 803 1119 866 in
1134 812 1229 867 artus

311 900 451 989 Accepit
466 905 571 970 calido
586 904 717 969 Febrim
733 904 860 969 fervore
876 914 1031 981 coortam,

310 1002 381 1068 Aut
396 1005 492 1071 alium
507 1008 651 1091 quemvis
668 1007 781 1072 Morbi
796 1029 855 1091 per
870 1007 1014 1070 membra
1029 1005 1197 1071 dolorem?

311 1106 527 1194 Obturgescit
541 1110 626 1173 enim
641 1111 749 1174 subito
763 1108 840 1186 Pes,
854 1109 968 1193 arripit
983 1131 1058 1173 acer

312 1208 408 1295 Saepe
425 1210 517 1275 dolor
533 1210 680 1288 Denteis,
697 1208 821 1275 Oculos
833 1210 957 1275 invadit
970 1211 1004 1274 in
1019 1211 1127 1295 ipsos:

247 1329 294 1378 660
310 1315 434 1381 Existit
450 1335 541 1378 sacer
556 1312 657 1398 Ignis,
673 1323 707 1379 et
722 1315 788 1377 urit
803 1335 940 1397 corpore
957 1335 1093 1397 serpens

310 1417 548 1501 Quamcunque
563 1417 699 1500 arripuit
713 1425 851 1500 partem,
867 1415 1018 1499 repitque
1033 1437 1093 1500 per
1108 1424 1210 1481 artus.

309 1520 483 1596 Nimirum,
500 1520 575 1603 quia
591 1529 667 1584 sunt
681 1517 854 1583 multarum
869 1518 1000 1583 Semina
1015 1540 1141 1583 rerum:

310 1623 358 1686 Et
373 1623 451 1686 satis
466 1621 538 1687 haec
553 1621 669 1686 Tellus
684 1623 780 1689 nobis
794 1620 987 1704 Coelumque
1002 1620 1076 1685 mali
1092 1620 1168 1698 fert,

311 1724 410 1789 Unde
425 1735 525 1808 queat
538 1725 587 1787 vis
600 1725 748 1788 immensi
760 1745 970 1809 procrescere
986 1725 1101 1788 morbi.

245 1837 293 1885 665
310 1827 364 1891 Sic
379 1826 478 1910 igitur
493 1827 553 1889 toti
568 1825 663 1904 coelo,
680 1838 842 1911 terraeque
856 1826 1039 1911 putandum
1054 1826 1094 1890 ’st

311 1929 367 1992 Ex
380 1927 506 1991 infinito
520 1928 598 1992 satis
615 1929 721 1991 omnia
736 1929 961 2013 suppeditare,

310 2029 410 2093 Unde
425 2041 560 2114 repente
575 2040 674 2115 queat
689 2028 804 2094 Tellus
820 2052 978 2095 concussa
993 2032 1126 2107 moveri,

309 2131 440 2217 Perque
455 2154 554 2210 mare,
571 2143 604 2197 et
618 2144 722 2197 terras
737 2133 873 2216 rapidus
888 2155 1080 2218 percurrere
1096 2131 1226 2210 Turbo,

311 2235 402 2320 Ignis
417 2235 586 2300 abundare
602 2234 767 2310 AEtnaeus,
784 2234 1004 2300 flammescere
1019 2233 1158 2300 Coelum.

245 2346 293 2400 670
308 2336 349 2403 Id
364 2360 494 2424 quoque
510 2339 595 2403 enim
610 2337 661 2415 fit,
678 2347 712 2402 et
727 2336 904 2403 ardescunt
919 2336 1064 2403 coelestia
1079 2333 1212 2420 templa,

310 2441 358 2506 Ut
373 2442 603 2527 Tempestates
619 2439 737 2526 pluviae
752 2441 900 2523 graviore
916 2451 1032 2505 coortu

309 2543 405 2622 Sunt,
421 2545 479 2609 ubi
492 2544 577 2608 forte
590 2543 637 2607 ita
649 2566 683 2607 se
695 2541 877 2607 retulerunt
890 2543 1021 2607 Semina
1035 2564 1203 2628 aquarum.

352 2648 401 2711 At
416 2646 509 2710 nimis
524 2655 576 2710 est
590 2645 705 2730 ingens
721 2644 859 2710 Incendi
873 2646 1025 2710 turbidus
1040 2646 1149 2711 ardor.

309 2748 451 2827 Scilicet,
467 2748 501 2813 et
515 2748 646 2826 fluvius,
661 2749 798 2833 quinon
814 2756 876 2825 est,
891 2749 1049 2813 maximus
1065 2749 1107 2814 eii
1121 2748 1161 2812 'st

246 2862 294 2913 675
310 2851 379 2924 Qui
393 2873 458 2915 non
473 2861 547 2915 ante
563 2851 702 2937 aliquem
717 2852 872 2935 majorem
886 2851 987 2917 vidit:
1011 2862 1044 2916 et
1059 2854 1173 2936 ingens

308 2951 431 3030 Arbor,
448 2952 624 3039 Homoque
637 2954 785 3032 videtur3
809 2963 843 3018 et
858 2955 963 3018 omnia
978 2954 1019 3019 de
1034 2976 1153 3039 genere
1169 2956 1269 3034 omni,

234 3113 237 3117 .
310 3056 456 3120 Maxima
470 3078 545 3140 quae
559 3056 639 3120 vidit
654 3057 804 3141 quisque,
819 3056 891 3121 haec
907 3057 1050 3141 ingentia
1065 3056 1178 3142 fingit:

310 3158 393 3224 Cum
408 3169 516 3224 tamen
531 3160 636 3224 omnia
651 3181 725 3224 curn
740 3157 846 3237 Coelo,
863 3158 1046 3244 Terraque,
1063 3159 1216 3245 Marique

255 3355 310 3404 651.
325 3359 398 3409 Quam
409 3354 550 3418 multesima]
562 3356 642 3411 Quam
651 3371 727 3418 parva
737 3355 759 3404 si
792 3371 848 3404 suas
859 3354 956 3404 videtur
971 3370 1087 3420 superare
1099 3357 1157 3406 dum
1169 3356 1278 3420 erumpit
1294 3357 1336 3423 ig.

222 3435 278 3469 curn
296 3430 347 3470 toto
367 3430 536 3486 comparetur3
560 3423 689 3469 multesima
702 3438 760 3482 pars
791 3436 865 3468 neum
877 3419 976 3469 flumen.

222 3492 260 3532 est
271 3501 306 3543 es,
319 3485 359 3533 cui
370 3485 453 3534 multae
465 3485 554 3533 debent
564 3501 618 3534 esse
634 3500 705 3549 pares
717 3495 760 3533 aut
826 3485 889 3533 lbid.
906 3488 1069 3534 Flammescers
1088 3485 1188 3549 Coelam]
1202 3486 1269 3534 Dum
1287 3503 1332 3536 co·

222 3547 321 3607 similes,
331 3551 362 3598 ad
369 3549 567 3598 constituendum
576 3551 680 3604 Totum;
697 3559 759 3598 πολ·
792 3550 1130 3614 ruscatetfulgurai:1¹'ayus.
1148 3551 1225 3606 Quasi
1236 3550 1334 3614 aliquid

221 3612 313 3662 λοπὸν
324 3612 394 3678 μέρος
409 3614 535 3679 appellant
550 3614 645 3663 Graeci:
663 3617 758 3663 Lambi-
792 3613 823 3662 de
838 3615 942 3677 fulgure,
958 3624 984 3663 et
999 3616 1174 3673 coruscatione,
1192 3615 1332 3676 Lucretius,

221 3693 271 3724 mss.
791 3694 847 3727 cum
860 3680 890 3727 dc
901 3680 984 3728 AEtnae
999 3680 1097 3743 ignibus
1108 3679 1230 3745 disputet:
1249 3681 1333 3731 sedin

255 3741 310 3788 660.
323 3744 393 3790 Sacer
407 3741 484 3805 ignis]
497 3744 591 3802 Celsus,
607 3742 648 3791 lib.
661 3743 692 3790 V.
705 3758 758 3806 cap.
791 3743 862 3792 istius
879 3744 925 3792 viri
942 3744 1043 3808 ineptiis
1058 3745 1195 3794 refutandis
1210 3760 1260 3794 nou
1276 3761 1332 3796 sm-

222 3808 261 3854 28.
269 3807 336 3868 Ignis
344 3810 482 3855 ssccrmalis
490 3811 604 3856 ulceribus
611 3811 759 3856 annumerari
790 3807 986 3872 pliusmorabor.

221 3873 294 3919 delet.
327 3869 394 3918 Huic
405 3871 480 3919 addas
492 3871 595 3921 Paulum
607 3871 757 3934 AEginetam,
824 3873 879 3924 674.
903 3877 1004 3931 Scilicet,
1020 3883 1043 3922 ei
1055 3878 1149 3936 stasim,
1167 3879 1207 3938 qui
1224 3891 1268 3924 aon
1285 3885 1330 3935 ssi,

219 3935 262 3987 lib.
276 3934 385 4010 Ilbcap.
403 3936 442 3982 20.
476 3936 550 3993 Quos,
562 3937 582 3985 i
594 3946 671 3994 vacet,
688 3935 756 3999 lege:
790 3937 847 4001 eia]
865 3938 940 3987 Codd.
959 3942 1053 3988 Scilicet
1067 3943 1188 4001 sistuntur
1203 3943 1244 4003 qai
1258 3943 1330 4000 meas,

221 4014 279 4048 nam
306 4013 332 4047 m
360 3999 409 4047 illis
432 3999 509 4047 multa
530 4000 561 4048 de
585 4001 658 4049 Sacro
688 4001 756 4063 igne.
790 4011 832 4051 etc.
868 4003 940 4052 Unde
953 4004 1091 4061 Salmasius,
1105 4007 1198 4053 Scilicet
1208 4012 1232 4053 st
1242 4007 1332 4066 ,assus

221 4062 348 4128 Virgilius,
360 4063 449 4126 Georg.
467 4063 518 4111 111.
531 4080 553 4113 v.
566 4065 622 4113 666.
638 4068 758 4115 Goniacios
790 4067 920 4131 quisalius
936 4072 1047 4118 mocimus
1058 4073 1105 4118 cii.-
1123 4069 1225 4118 Fluvius
1240 4069 1331 4132 aliquis

220 4137 288 4179 mss
298 4143 367 4178 sacer
379 4128 448 4192 Ignis
459 4130 548 4176 edebat.
789 4132 857 4182 visus
869 4143 906 4182 est
917 4133 940 4181 ei
956 4133 1084 4192 maximus,
1096 4133 1138 4196 qui
1151 4136 1266 4198 majorem
1278 4149 1331 4185 non

254 4193 379 4243 <ltaliae
392 4191 758 4258 TeuumtoJAmtaesreuas
789 4197 867 4254 vidit;
895 4197 967 4246 istam
990 4212 1062 4260 quam
1089 4198 1186 4248 codices
1211 4198 1332 4250 exhibent

220 4262 299 4308 nortl
789 4261 927 4320 lectionem,
937 4262 1009 4325 requi
1023 4278 1160 4327 possumus,
1171 4272 1198 4312 st
1208 4279 1258 4312 non
1269 4265 1329 4328 reii-

253 4324 309 4373 669.
326 4326 393 4387 Ignis
409 4325 528 4372 clamare
543 4322 662 4388 AEiaaeus]
681 4323 759 4390 Ripss
790 4326 877 4375 cienda
888 4336 927 4376 est
936 4324 979 4376 ssa
990 4327 1067 4377 altera
1079 4327 1192 4378 Lambini
1202 4327 1282 4378 lectis
