2872 4852
457 213 628 278 LIBER
658 215 933 288 QUARTUS.
1185 222 1245 284 211

227 366 371 432 Proinde
387 378 421 433 et
435 367 619 434 Seminibus
635 370 770 447 distant,
785 371 974 456 variantque
987 371 1104 457 figura.

227 467 358 532 Semina
371 491 445 534 cum
459 491 559 554 porro
573 470 706 549 distent,
724 470 856 537 differre
872 493 1006 538 necesse
1021 474 1063 537 ’st

226 567 411 648 Intervalla,
427 571 585 655 Viasque,
601 571 773 637 Foramina
787 597 861 658 quae
875 572 1097 658 perhibemus,

162 678 210 727 stt
230 669 392 736 Omnibus
406 673 440 736 in
454 673 616 751 membris,
633 685 666 738 et
681 675 715 737 in
729 696 796 752 ore,
812 675 951 759 ipsoque
965 674 1086 760 palato.

227 771 315 836 Esse
329 774 453 838 minora
466 775 566 858 igitur
580 776 741 858 quaedam,
756 777 944 860 majoraque
959 776 1093 855 debent,

228 872 316 938 Esse
330 876 489 960 triquetra
503 874 585 952 aliis,
601 874 671 940 aliis
686 876 845 959 quadrata
857 899 992 943 necesse
1006 879 1057 957 'st,

227 973 338 1038 Multa
350 976 503 1053 rotunda,
518 976 622 1040 modis
637 975 746 1040 multis
761 976 962 1062 multangula
976 979 1143 1064 quaedam:

227 1075 381 1161 Namque
394 1078 590 1163 Figuratum
603 1088 640 1143 ut
654 1079 748 1156 ratio,
764 1088 936 1163 motusque
950 1093 1140 1166 reposcunt,

164 1189 212 1238 660
230 1177 374 1243 Proinde
389 1178 615 1244 Foraminibus
631 1180 753 1244 debent
768 1178 900 1244 differre
915 1180 1049 1266 figurae;

229 1278 276 1344 Et
290 1282 414 1346 variare
429 1283 490 1347 viae
503 1283 641 1366 proinde
657 1303 695 1346 ac
711 1291 842 1345 textura
856 1295 995 1348 coercet.

228 1381 322 1467 Ergo
337 1384 394 1448 ubi
407 1384 497 1470 quod
514 1406 612 1449 suave
628 1384 669 1448 ’st
682 1383 765 1461 aliis,
780 1383 850 1448 aliis
865 1385 904 1449 fit
919 1407 1080 1465 amarum3
1139 1403 1141 1406 ·

228 1482 307 1562 Illis,
323 1486 415 1569 queis
431 1507 529 1549 suave
544 1487 596 1562 'st,
611 1483 781 1550 laevissima
796 1507 934 1570 corpora
949 1487 1071 1552 debent

229 1584 514 1652 Contrectabiliter
529 1585 637 1652 caulas
653 1588 774 1652 intrare
788 1587 906 1672 palati:

165 1696 212 1745 665
229 1685 277 1752 At
292 1698 416 1767 contra,
431 1691 550 1773 quibus
565 1699 616 1754 est
631 1689 745 1754 eadem
760 1713 813 1754 res
829 1691 916 1756 intus
931 1693 1067 1770 acerba3

228 1788 359 1874 Aspera
374 1792 522 1857 nimirum
537 1803 721 1877 penetrant,
737 1792 932 1877 hamataque
947 1793 1080 1859 fauceis.

270 1891 371 1958 Nunc
386 1893 479 1959 facile
494 1917 538 1960 ex
551 1893 603 1959 his
618 1905 670 1960 est
684 1896 784 1960 rebus
800 1918 997 1981 cognoscere
1012 1918 1161 1983 quaeque.

228 1994 374 2079 Quippe,
390 1996 448 2060 ubi
462 1997 539 2081 quoi
553 1996 681 2074 Febris,
696 1997 754 2062 bili
767 2009 954 2082 superante,
972 2009 1085 2064 coorta
1098 1998 1150 2077 'st,

229 2094 300 2160 Aut
314 2095 377 2160 alia
391 2098 516 2161 ratione
530 2097 638 2181 aliqua
653 2099 694 2161 'st
709 2099 757 2161 vis
771 2100 878 2162 excita
892 2099 1016 2178 morbi3

166 2205 214 2258 670
231 2196 451 2260 Perturbatur
463 2198 510 2262 ibi
524 2207 627 2262 totum
638 2200 706 2284 jam
721 2198 862 2283 Corpus,
878 2212 912 2265 et
927 2222 1038 2264 omnes

230 2296 479 2361 Commutantur
493 2297 539 2361 ibi
552 2299 708 2381 positurae
723 2298 979 2383 Principiorum:

230 2398 296 2475 Fit,
312 2398 403 2483 prius
419 2399 462 2463 ad
478 2420 609 2463 sensum
622 2411 660 2464 ut
673 2422 748 2486 quae
763 2420 901 2486 corpora
915 2383 1161 2481 conveniebant,

230 2499 332 2566 Nunc
346 2522 412 2565 non
427 2501 630 2580 conveniant,
647 2511 681 2568 et
696 2513 815 2568 oaetera
830 2505 894 2568 sint
908 2503 1009 2588 magis
1025 2513 1114 2588 apta,

230 2603 317 2676 Quae
332 2611 503 2687 penetrata
517 2615 642 2687 queunt
658 2626 789 2670 sensum
803 2607 999 2691 progignere
1014 2607 1169 2672 acerbum
1179 2614 1202 2685 ;'

165 2713 213 2767 675
231 2704 381 2789 Utraque
397 2705 482 2768 enim
498 2705 622 2768 suntin
636 2705 739 2770 mellis
756 2707 924 2771 commista
938 2728 1066 2791 sapore,

229 2807 270 2872 Id
286 2807 375 2891 quod
386 2807 454 2891 jam
470 2828 590 2891 supera
605 2807 664 2872 tibi
680 2830 768 2892 saepe
784 2808 983 2872 ostendimus
999 2820 1085 2874 ante.

272 2908 373 2974 Nunc
388 2931 460 2994 age,
476 2931 542 2993 quo
557 2919 654 2993 pacto
669 2910 791 2976 Nareis
805 2910 954 2996 adjectus
970 2911 1079 2976 odoris

230 3009 372 3095 Tangat,
388 3033 492 3096 agam.
531 3011 676 3076 Primum
691 3035 744 3077 res
759 3012 877 3077 multas
893 3035 966 3077 esse
981 3035 1115 3078 necesse
1133 3013 1183 3092 'st,

230 3111 329 3177 Unde
344 3112 448 3178 fluens
463 3111 571 3176 volvat
585 3114 694 3177 varius
710 3136 745 3178 se
760 3113 879 3178 fluctus
896 3114 1064 3193 Odorum;

81 3268 83 3273 ,
165 3227 213 3276 680
229 3215 318 3279 Nam
332 3214 446 3293 fluere,
463 3224 496 3279 et
510 3215 594 3280 mitti
608 3214 715 3301 volgo,
733 3216 907 3300 spargique
922 3216 1103 3299 putandum
1117 3217 1174 3279 ’stt

229 3317 355 3383 Verum
370 3315 439 3379 aliis
454 3314 535 3379 alius
551 3317 653 3401 magis
669 3327 720 3380 est
735 3317 950 3380 animantibus
965 3325 1075 3399 aptus,

230 3417 424 3483 Dissimileis
439 3428 575 3502 propter
590 3418 722 3495 formas,
736 3416 877 3500 ideoque
891 3439 952 3501 per
967 3439 1063 3481 auras

176 3618 232 3672 677.
250 3622 320 3668 Nunc
331 3637 382 3684 oga,
394 3637 438 3683 quo
450 3627 527 3682 pacto,
538 3617 596 3683 eta]
614 3620 679 3668 Gus-
712 3619 819 3667 ferarum
827 3632 907 3676 canes,
917 3625 942 3666 et
953 3616 1140 3667 anserbomiuis
1151 3617 1251 3669 odorem

143 3691 196 3733 tum
208 3694 233 3733 et
243 3700 356 3748 saporem
365 3686 426 3734 odor
436 3694 461 3733 et
473 3685 587 3733 odoratus
598 3683 680 3746 sequi·
712 3683 785 3746 longe
797 3682 913 3741 sentiunt,
926 3683 984 3732 dum
999 3698 1071 3732 nares
1085 3683 1193 3732 hominis
1209 3683 1251 3733 isti

144 3757 191 3807 tur,
211 3759 243 3808 et,
262 3766 284 3798 v.
304 3751 343 3797 24.
362 3757 390 3798 ut
410 3749 556 3798 simulachra
575 3765 590 3797 a
608 3749 681 3797 rebus
714 3750 801 3797 odores
818 3747 857 3796 vel
880 3762 930 3796 non
949 3748 1056 3806 omuino,
1075 3748 1115 3797 vel
1134 3748 1250 3812 languide

143 3813 230 3873 fluunt,
240 3823 268 3862 ut
276 3829 350 3863 sonum
359 3813 462 3876 ejicitur,
472 3823 500 3862 ut
511 3813 682 3878 exprimuntur
713 3813 850 3861 lacessunt:
874 3810 971 3872 ἥόσμὴ
988 3813 1031 3861 οὐκ
1050 3812 1080 3862 ἄν
1095 3831 1156 3861 ποτε
1176 3811 1250 3864 πόθοι

144 3878 218 3936 succi,
230 3879 265 3927 sic
276 3879 364 3927 odores
373 3877 531 3927 emittuntur:
549 3877 681 3941 quodvero
713 3875 782 3926 οὐθὲν
792 3874 924 3940 ἐργάζεται,
937 3875 959 3925 εἰ
973 3876 1007 3937 μὴ
1023 3876 1093 3938 ὄγκοι
1107 3875 1172 3927 τινὲς
1187 3875 1251 3934 ἦσαν

144 3943 227 4018 omnia
249 3943 365 3992 animalia
384 3943 429 3991 hos
452 3943 539 4018 otiores
580 3951 682 4017 erpetuo
713 3941 761 3990 art
778 3943 822 3990 τοῦ
840 3938 979 4021 πράγματες
998 3940 1170 4004 ἀποφερόμενοι
1189 3939 1249 4002 σύμ-

145 4015 681 4134 {ibffifflibbiibiiiiibmiibi
713 4004 1252 4132 ἴιῗῗὲἶῧὶ3ιῖὟέᾦίγῇᾞίῗίέί

145 4135 187 4185 lib.
202 4136 238 4184 11.
247 4151 270 4184 v.
280 4135 349 4198 414.)
362 4152 416 4199 quar
425 4137 535 4184 omnium
545 4133 687 4182 animalium
719 4134 826 4198 λοτρίωι,
837 4135 860 4182 oi
871 4132 896 4184 st
908 4136 969 4182 τοῖσι
980 4131 1104 4196 ἀταράχως
1115 4132 1155 4181 καὶ
1166 4130 1256 4181 οἰκείως

148 4214 240 4264 organa
251 4215 301 4248 uon
313 4200 405 4263 pariter
417 4209 517 4249 movent
528 4210 553 4248 et
564 4199 687 4255 afficiunt3
721 4198 835 4261 ἔχοντειι
854 4198 977 4268 Epicurus
989 4198 1020 4245 ad
1032 4197 1194 4245 Herodotum.

149 4263 184 4312 sic
207 4279 266 4328 apes
286 4264 375 4326 mellis,
399 4265 507 4315 uultures
534 4265 688 4321 cadaverum,
753 4262 809 4314 679.
824 4260 1258 4323 Volunt-sejMeliusquamresotvct.
