2872 4852
225 265 292 329 su
537 334 542 344 ,
605 261 647 326 r.
680 258 952 326 uucnurn

353 418 407 483 Fit
421 439 551 503 quoque
566 417 614 481 uti
629 416 754 481 Montis
769 414 872 481 vicina
886 415 1052 480 cacumina
1067 413 1153 480 coelo

308 521 418 596 Quam
433 521 496 584 sint
509 540 648 604 quaeque
663 518 777 603 magis,
792 527 886 582 tanto
900 517 1002 602 magis
1016 517 1105 581 edita
1119 516 1252 584 fument

246 635 294 683 460
309 622 454 687 Assidue
470 621 565 686 fulvae
580 619 690 684 Nubis
706 617 842 704 caligine
858 641 989 697 crassa;

312 724 504 809 Propterea,
520 722 595 808 quia
610 743 683 786 cum
698 721 881 785 consistunt
896 719 1019 786 Nubila
1033 721 1184 805 primum,

314 824 404 890 Ante
419 825 530 890 videre
546 821 631 888 oculi
645 844 742 906 quam
757 823 883 906 possint
899 822 1021 900 tenuia,
1037 822 1138 887 Venti

316 927 491 992 Portantes
506 935 628 1009 cogunt
641 924 684 988 ad
701 946 824 988 summa
838 924 1004 989 cacumina
1018 924 1163 988 Montis:

320 1029 386 1094 Hic
403 1029 532 1094 demum
546 1027 596 1104 fit,
612 1026 661 1090 uti
675 1027 772 1091 turba
786 1026 908 1109 majore
922 1037 1045 1104 coorta,

253 1143 302 1190 465
318 1128 503 1208 Condensa,
520 1152 558 1194 ae
572 1129 691 1214 stipata
707 1126 801 1192 simul
815 1137 1001 1206 cernantur,
1017 1138 1050 1192 et
1064 1127 1131 1192 udo

319 1231 454 1298 Vertice
470 1232 511 1296 de
527 1231 653 1295 Montis
668 1228 840 1293 videantur
855 1251 989 1314 surgere
1005 1230 1038 1293 in
1053 1229 1201 1294 aethram.

322 1339 344 1370 “
357 1334 446 1397 Nam
460 1332 532 1397 loca
547 1331 691 1397 declarat
706 1352 834 1394 sursum
849 1341 984 1395 ventosa
997 1331 1111 1414 patere

319 1435 423 1500 “Res
438 1437 521 1519 ipsa,
537 1444 570 1499 et
586 1456 712 1510 sensus,
728 1432 874 1496 Monteis
890 1453 963 1496 cum
978 1432 1182 1497 ascendimus
1197 1429 1297 1499 altos.

361 1537 538 1610 Praeterea,
554 1534 715 1621 permulta
730 1534 819 1599 Mari
833 1556 963 1618 quoque
977 1533 1090 1599 tollere
1104 1544 1175 1600 toto

254 1650 303 1702 470
318 1640 466 1724 Corpora
481 1639 654 1715 Naturam,
671 1636 837 1702 declarant
850 1635 960 1701 littore
975 1647 1084 1702 vestes

321 1742 508 1824 Suspensae,
525 1762 598 1804 cum
612 1739 800 1823 concipiunt
813 1738 958 1803 humoris
974 1739 1153 1803 adhaesum.

321 1842 399 1915 Quo
413 1842 515 1925 magis
531 1840 574 1905 ad
587 1840 717 1905 Nubeis
734 1841 900 1925 augendas
916 1840 1017 1905 multa
1031 1838 1183 1906 videntur

321 1943 425 2008 Posse
440 1964 571 2027 quoque
586 1965 604 2006 e
621 1940 706 2005 salso
722 1941 919 2025 consurgere
933 1943 1071 2007 momine
1086 1943 1189 2027 ponti.

322 2043 445 2109 “Nam
459 2043 542 2107 ratio
557 2063 631 2108 cum
646 2043 802 2128 sanguine
817 2044 911 2107 abest
925 2042 1116 2108 humoribus
1133 2042 1250 2109 omnis.

256 2156 304 2210 475
362 2145 540 2223 Praeterea,
555 2144 660 2209 fluviis
677 2167 719 2209 ex
735 2145 895 2222 omuibus,
912 2154 946 2208 et
962 2145 1056 2209 simul
1069 2147 1141 2230 ipsa

322 2248 465 2332 Surgere
480 2246 625 2310 deterre
640 2245 787 2323 nebulas,
804 2244 983 2329 aestumque
998 2246 1163 2325 videmus;

323 2349 410 2422 Quae
424 2346 514 2413 velut
524 2347 657 2424 halitus,
672 2347 749 2411 hinc
764 2347 809 2410 ita
825 2367 953 2410 sursum
967 2368 1124 2431 expressa
1137 2346 1301 2427 feruutur,

325 2449 592 2533 suffunduntque
608 2471 667 2512 sua
683 2446 812 2512 Coelum
826 2445 974 2531 caligine,
990 2460 1024 2512 et
1038 2447 1119 2514 altas

325 2551 497 2615 Sufficiunt
510 2551 626 2615 nubeis
641 2549 809 2634 paullatim
824 2550 1059 2615 conveniund0.

260 2664 308 2711 480
367 2651 476 2736 Urget
489 2652 574 2716 enim
586 2673 718 2735 quoque
734 2650 877 2735 signiferi
893 2673 993 2736 super
1008 2651 1157 2717 AEtheris
1173 2662 1287 2730 aestus,

272 2900 327 2946 458.
338 2902 379 2947 Fit
386 2916 471 2962 quoque
478 2904 514 2947 att
522 2903 616 2958 Montis,
625 2899 682 2962 eta]
691 2900 772 2948 Pluri·
840 2899 896 2949 469.
916 2903 1041 2958 Praeterea,
1058 2903 1174 2963 pamulto
1193 2901 1267 2958 Mori,
1287 2899 1351 2963 eta}

239 2978 287 3012 mae
298 2972 379 3010 autem
396 2964 473 3012 nubes
489 2963 520 3011 de
532 2964 636 3012 altorum
653 2963 775 3012 montium
809 2962 848 3011 Ne
864 2963 929 3012 desit
943 2965 1071 3014 materiae
1088 2980 1135 3028 qua
1151 2973 1226 3013 tautae
1241 2963 1351 3013 nubium

238 3026 405 3076 cacuminibus
424 3042 524 3090 surgere
544 3027 665 3086 videntur,
686 3042 775 3090 nempe
808 3027 884 3076 moles
900 3038 1084 3093 componantur,
1101 3028 1188 3078 emari
1205 3043 1308 3092 vapores
1322 3038 1351 3078 et

240 3090 777 3205 intenti·ttbttttztlwtnb
808 3090 1371 3215 illinitis&tsbtdttlll‘'

239 3173 358 3279 lelruntur,
365 3220 587 3283 ibiquecoujuuctae
592 3229 618 3268 et
623 3221 777 3269 condensatae
809 3235 869 3282 quas
877 3173 1009 3283 partibulas
1020 3174 1098 3269 attolli
1109 3229 1179 3285 putat
1188 3221 1228 3283 (ut
1236 3222 1349 3270 Gasseu-

240 3285 480 3349 fiuntaspectabiles.
809 3284 866 3346 dus)
890 3285 934 3333 sed
952 3285 1016 3347 quod
1036 3295 1101 3333 terra
1119 3301 1175 3333 rore
1197 3292 1240 3332 aut
1261 3284 1350 3349 pluvia

271 3351 327 3399 460.
335 3353 414 3398 Fulvo
424 3352 501 3398 Nubis
512 3351 611 3412 caligine
620 3348 711 3412 crassa]
721 3349 774 3397 Ηο-
808 3347 944 3397 madefacta
954 3350 1047 3397 fumare
1059 3349 1162 3397 videtur.

239 3430 329 3472 merus,
340 3413 439 3476 11.ξ’.ν.
450 3416 505 3462 343.
517 3411 586 3462 Τοῖόν
596 3432 634 3462 τοι
646 3414 694 3474 ἐγὼ
706 3411 777 3474 νέφος
840 3411 896 3462 473.
906 3415 1006 3462 Maniae
1012 3412 1091 3476 ponti]
1103 3413 1194 3462 Melius
1203 3427 1276 3475 quam
1284 3411 1349 3461 alio-

241 3475 400 3541 ἆμφικαλύψω
411 3477 525 3540 Χρύσεον,
535 3478 583 3526 οὐδ’
595 3477 625 3526 ἂν
635 3475 774 3539 rostrant-
807 3490 863 3524 rum
873 3480 972 3525 numine.

241 3560 279 3590 κοι
289 3539 370 3600 ἠέλιός
384 3560 435 3604 περ.
470 3541 621 3599 Eustathius,
638 3539 776 3599 πυκνότητα
840 3539 896 3590 474.
913 3543 976 3589 Nam
986 3544 1060 3598 ratio,
1078 3539 1135 3604 etc]
1155 3541 1231 3589 Hunc
1246 3555 1349 3590 versum

240 3606 338 3663 πολλὴν
358 3608 371 3653 ὁ
392 3606 449 3655 Ζεὺς
471 3607 543 3664 δηλοῖ
562 3604 655 3668 νέφους·
682 3604 779 3667 Χρύσεα
810 3604 922 3652 nonnulli
944 3606 1095 3668 subJungunt
1114 3621 1138 3653 v.
1155 3606 1211 3652 404.
1245 3605 1305 3663 Alii,
1323 3621 1348 3654 v.

242 3665 269 3716 tl
285 3666 359 3729 φάσιν
375 3669 398 3716 οἱ
412 3669 510 3718 παλαιοὶ
526 3668 594 3731 νέφη,
611 3668 643 3718 τὰ
654 3670 680 3717 ἐν
695 3669 779 3731 ὑψηλῷ
810 3669 865 3715 522.
878 3676 904 3717 at
913 3683 1056 3732 quocunque
1065 3669 1092 3717 in
1105 3669 1159 3717 loco
1175 3683 1261 3732 ponas,
1272 3667 1295 3717 si
1305 3684 1348 3718 aa·

242 3729 299 3793 ἀέρι,
323 3730 339 3779 ἃ
360 3733 482 3793 πυροειδὴς
504 3733 536 3782 ὢν
562 3732 635 3794 Αἰθὴρ
656 3730 778 3794 χρυσίζειν
809 3732 849 3795 pis
860 3733 940 3781 subito
951 3732 1040 3781 iterum
1052 3732 1142 3795 ejicies.
1223 3752 1225 3756 ¹

241 3795 309 3842 ποιεῖ.
842 3798 898 3845 480.
911 3799 1047 3860 Urgetem'm
1054 3813 1147 3860 quoque,
1158 3794 1215 3859 etc]
1226 3795 1252 3844 Si
1260 3803 1352 3846 oestum

274 3859 330 3906 465.
349 3859 474 3916 eandem,
489 3876 517 3907 cc
530 3863 625 3920 stipata,
640 3857 696 3921 etc]
717 3858 775 3917 Alii,
808 3875 864 3907 cum
876 3861 1011 3919 Gassendo,
1023 3869 1096 3924 atque
1107 3861 1161 3909 aliis
1177 3861 1351 3924 interpreteris

241 3925 276 3972 Et
287 3925 398 3971 condensa
408 3929 537 3983 atqueorta
547 3939 666 3984 apparere,
675 3931 698 3970 et
709 3927 778 3971 simul
809 3927 912 3983 calorem,
930 3925 1031 3975 habebis
1050 3940 1149 3974 causam
1168 3940 1222 3987 quae
1244 3923 1352 3989 dissipet

240 3991 301 4049 ipro.¹
322 3986 397 4033 Hunc
408 4000 506 4034 versum
516 4001 572 4034 cum
584 4001 606 4034 v.
618 3984 673 4036 467.
685 3995 710 4034 et
721 3988 776 4036 468.
810 3989 895 4047 nubes,
906 3997 932 4037 at
942 4005 996 4052 quae
1012 4005 1137 4053 nunquam
1148 3989 1289 4048 coudenset,
1301 4004 1351 4038 ne·

241 4043 313 4100 multi
333 4048 459 4112 rejiciunt:
488 4049 547 4097 ferri
566 4062 648 4098 tamen
666 4061 777 4114 possunt,
810 4067 856 4114 que
869 4053 1001 4115 tejurabit,
1014 4069 1087 4116 quam
1096 4063 1191 4110 vocant,
1204 4052 1351 4116 Antiperia·

242 4132 287 4165 aau
294 4114 376 4180 potius
384 4113 500 4162 videntur
508 4113 645 4172 necessarii,
655 4116 778 4179 praecipue
810 4115 879 4166 tasis:
892 4116 968 4180 igitur
976 4133 1021 4180 per
1030 4127 1116 4166 aesturn
1127 4116 1225 4166 aetheris
1234 4116 1352 4194 intellige

242 4180 291 4230 duo
306 4178 460 4244 posteriores,
476 4177 564 4241 quibus
579 4187 666 4228 ventos
682 4195 778 4228 sursum
810 4196 913 4256 corpora
923 4180 971 4229 iste
982 4197 1036 4243 quoe
1048 4198 1061 4231 e
1073 4182 1134 4231 coelo
1146 4180 1262 4231 continuo
1276 4197 1350 4232 raur-

243 4245 350 4302 tendere,
361 4251 433 4306 atque
441 4242 497 4292 ideo
508 4240 609 4291 nebulas
616 4243 647 4292 ad
658 4244 778 4293 montium
810 4254 877 4294 entra
898 4245 987 4294 ictibus
1009 4245 1060 4294 suis
1082 4255 1169 4295 tenues
1190 4245 1294 4297 nebulas
1320 4247 1353 4298 iu

208 4340 211 4349 ,
242 4308 369 4358 cacumina
380 4307 465 4356 tollere
476 4306 619 4357 declaratur.
810 4307 906 4359 nimbos
916 4317 1020 4372 coguut:
1038 4309 1087 4359 vid.
1099 4326 1122 4359 v.
1135 4311 1191 4358 tra.
