2872 4852
220 249 260 312 14
598 241 641 306 T.
675 235 948 304 LUCRETII

240 417 287 463 aaa
306 401 405 466 Unde
421 399 488 477 ulit,
505 411 603 483 atque
619 407 728 480 auget,
745 395 924 479 generatim
939 391 1060 477 pabula
1076 393 1250 476 praebens?

305 503 405 568 Unde
420 525 507 567 mare
521 501 653 585 ingenui
668 499 786 576 fontes,
802 507 1003 579 externaque
1017 494 1114 578 longe

305 606 454 671 Flumina
470 604 704 689 suppeditant?
728 602 815 665 unde
831 601 935 664 aether
952 600 1058 663 sidera
1074 599 1202 682 pascit?

306 710 425 773 Omnia
440 709 524 773 enim
540 708 651 783 debet,
667 705 794 769 mortali
810 703 958 788 Corpore
974 724 1048 786 quae
1065 711 1152 777 sunt,

305 812 438 876 Infinita
451 822 531 875 aetas
547 830 729 884 consumse,
746 817 896 872 anteacta
911 807 1057 888 diesque.

241 928 288 975 235
308 915 420 992 Quod,
438 915 512 978 siin
527 937 566 978 eo
583 914 699 998 spatio,
715 924 814 995 atque
830 921 979 974 anteacta
994 917 1090 972 aetate
1106 905 1209 981 fuere,

307 1017 338 1080 E
356 1019 474 1102 quibus
490 1016 562 1080 haec
578 1016 704 1080 Rerum
720 1014 868 1078 consistit
884 1012 1017 1076 Summa
1032 1008 1171 1085 refecta;

306 1119 482 1184 Immortali
498 1129 574 1182 sunt
589 1128 706 1181 natura
721 1117 861 1201 praedita
875 1124 975 1179 certe.

307 1222 410 1286 Haud
424 1223 524 1307 igitur
539 1232 679 1305 possunt
693 1220 735 1283 ad
751 1218 866 1282 Nilum
880 1237 1020 1301 quaeque
1036 1214 1165 1278 reverti.

349 1325 514 1408 Denique,
530 1345 583 1387 res
600 1323 721 1387 omneis
738 1322 853 1386 eadem
868 1321 915 1383 vis
931 1339 1095 1401 causaque
1112 1315 1206 1401 volgo

241 1441 288 1487 aaa
308 1427 506 1504 Conficeret,
519 1427 581 1490 nisi
597 1425 755 1490 Materies
772 1435 896 1488 aeterna
910 1433 1037 1487 teneret

307 1531 396 1594 Inter
411 1552 446 1593 se
462 1551 563 1593 nexas
579 1529 683 1592 minus
700 1538 758 1592 aut
772 1527 874 1611 magis
890 1523 1106 1608 endopedite3

306 1631 433 1696 Tactus
449 1632 535 1695 enim
549 1630 630 1695 lethi
647 1631 725 1694 satis
741 1641 829 1694 esset
844 1650 943 1693 causa
959 1625 1125 1711 profect03

308 1735 455 1818 Quippe,
472 1734 530 1799 ubi
545 1732 633 1797 nulla
648 1732 757 1796 forent
770 1743 893 1796 aeterno
909 1729 1069 1814 Corpore,
1085 1749 1199 1791 eorum

308 1837 506 1900 Contextum
521 1837 568 1899 vis
583 1837 720 1901 deberet
736 1833 914 1898 dissolvere
930 1853 1079 1916 quaeque.

243 1951 290 1997 245
310 1937 359 2002 At
374 1961 471 2016 nunc,
488 1940 572 2003 inter
588 1962 622 2004 se
638 1939 715 2024 quia
728 1959 833 2002 nexus
850 1936 1082 2021 principiorum

308 2041 493 2106 Dissimiles
509 2053 670 2119 constant,
687 2052 874 2125 aeternaque
890 2039 1040 2102 materies
1056 2046 1117 2113 est,

309 2142 466 2209 Incolumi
482 2155 649 2208 remanent
664 2167 717 2208 res
733 2164 882 2228 corpore,
899 2143 977 2206 dam
994 2140 1071 2204 satis
1086 2139 1169 2203 acris

307 2245 369 2309 Vis
385 2248 483 2311 obeat
498 2270 559 2331 pro
574 2257 706 2310 textura
722 2247 881 2330 cujusque
898 2254 1038 2328 reperta.

308 2347 411 2413 Haud
426 2350 525 2435 igitur
540 2351 626 2415 redit
640 2350 683 2413 ad
699 2348 847 2414 Nihilum
863 2370 916 2412 res
933 2346 1008 2423 ulla,
1026 2346 1084 2409 sed
1100 2366 1210 2408 omnes

244 2463 291 2508 250
310 2451 461 2516 Discidio
477 2453 615 2516 redeunt
630 2454 664 2515 in
679 2474 817 2535 corpora
831 2451 988 2514 materiai.

256 2626 310 2671 231.
324 2624 435 2687 lugeant]
448 2627 516 2679 Quos
528 2626 630 2683 Natura,
643 2641 692 2673 non
705 2626 761 2683 Ars,
795 2641 851 2675 curu
865 2622 987 2689 principia
1004 2624 1064 2688 ipsa,
1077 2622 1098 2670 si
1110 2620 1217 2669 modain
1229 2621 1339 2668 Nihilum

223 2699 268 2736 etc.
304 2689 344 2736 lta
359 2692 548 2751 ingenuuscalor,
562 2690 707 2753 pronativo,
720 2690 762 2752 qui
795 2700 956 2745 revertantur,
990 2688 1028 2736 vel
1059 2686 1211 2735 levissimum
1243 2694 1341 2733 tactum

224 2752 292 2800 nulla
313 2763 372 2810 arte,
397 2753 464 2801 nullo
492 2753 617 2817 pigmento
640 2763 761 2802 evocatur.
795 2755 859 2802 ferre
871 2769 920 2801 non
930 2754 1041 2802 valeant?
1060 2750 1184 2800 Admittas
1195 2762 1253 2798 vero
1264 2748 1337 2812 prin·

224 2819 309 2865 Faber.
336 2816 449 2865 Juvenal.
463 2818 512 2866 Sat
525 2819 577 2866 111.
589 2835 612 2866 v.
626 2820 664 2866 20.
692 2821 760 2881 lnge·
795 2818 981 2881 cipiaquedam
998 2827 1089 2865 aeterm
1106 2832 1166 2873 esse,
1179 2824 1204 2863 et
1220 2813 1341 2863 exdisai·

224 2898 293 2929 nurum
304 2884 415 2929 violarent
426 2899 538 2930 marmora
550 2887 648 2944 tophum.
796 2882 934 2931 militudine
945 2888 1075 2931 contextas
1086 2896 1170 2930 eorum
1182 2880 1246 2928 inter
1257 2894 1285 2927 se
1296 2894 1339 2928 rs-

259 2946 321 2994 Ibid.
337 2945 448 3009 Ingenui]
466 2949 587 3005 Perennes,
600 2948 719 2996 Gassend.
731 2947 762 2995 al
796 2948 831 2995 tio
842 2948 966 2996 reddenda
977 2957 1021 3004 est,
1031 2963 1105 3009 quare
1116 2961 1166 2994 non
1176 2960 1225 2993 una
1236 2943 1342 2993 eadem·

224 3015 329 3073 ingeniti.
797 3029 843 3075 que
852 3013 889 3061 vis
901 3013 931 3060 ad
941 3013 1023 3061 omnia
1032 3010 1214 3060 dissolvendum
1222 3008 1339 3058 sufficiat.

258 3078 313 3124 232.
333 3075 500 3139 Suppeditant]
520 3077 654 3125 Lambinus
674 3086 699 3125 et
716 3076 762 3124 Pa·
831 3077 892 3125 lbid.
905 3076 985 3141 Volgo]
997 3076 1179 3140 Vulgnpassim.
1201 3075 1241 3122 sie
1254 3074 1341 3123 cesar

224 3155 288 3198 reus,
301 3149 431 3203 suppetunt,
443 3141 482 3189 vel
492 3151 578 3203 parata
588 3150 655 3191 sunt:
672 3140 764 3190 rectius
796 3143 826 3190 de
840 3143 909 3190 Bello
918 3144 970 3191 Cir.
981 3143 1022 3190 lib.
1036 3143 1055 3189 l.
1068 3157 1092 3204 p.
1106 3141 1127 3191 7.
1144 3143 1218 3202 Vulgo
1227 3156 1255 3187 es
1267 3143 1339 3188 tectis

225 3215 306 3254 autern
318 3209 424 3267 supplent
436 3206 475 3254 vel
486 3209 668 3255 subministrant.
796 3211 963 3271 significabant.

258 3273 313 3319 233.
325 3270 413 3334 Debet]
425 3274 522 3329 Debent,
535 3271 584 3319 Gis.
597 3272 651 3319 Par.
831 3274 885 3320 241.
904 3275 983 3320 Nesus
994 3270 1141 3332 esrdopedite]
1158 3273 1227 3318 Neau
1238 3271 1337 3328 endops-

258 3339 312 3385 234.
349 3336 481 3399 Consanus]
516 3338 689 3399 consumpsisse.
725 3335 765 3384 Sic
798 3340 852 3395 dito,
868 3338 983 3385 Nardius.
1018 3339 1098 3384 Neuus
1112 3337 1255 3396 endopedita,
1272 3334 1338 3383 Gus-

224 3418 312 3462 sumpse
329 3417 374 3465 pro
388 3405 510 3463 sumpsisse
524 3402 590 3465 apud
608 3401 721 3449 Naevium
738 3401 764 3449 in
797 3404 894 3460 sendus,
907 3402 955 3450 Gif.
971 3403 1025 3450 Par.
1038 3417 1094 3449 cum
1104 3410 1151 3449 vet.
1165 3399 1241 3448 Codd.
1276 3397 1339 3457 Alii,

224 3465 365 3528 Tryphallo.
399 3467 455 3515 Vid.
468 3468 499 3515 Α.
512 3467 627 3524 Gellium,
637 3466 678 3514 lib.
693 3467 728 3515 11.
743 3483 763 3515 c.
797 3485 868 3516 nereus
883 3471 1042 3530 endopeditas:
1066 3466 1130 3528 quod
1147 3465 1229 3529 placet
1247 3463 1340 3512 Lector

227 3530 264 3578 19.
298 3530 393 3579 Eodem
409 3533 482 3580 modo
498 3549 559 3580 cesse
575 3542 599 3580 et
619 3548 698 3589 cresse,
719 3548 765 3596 pro
797 3532 878 3596 eligat.

225 3598 318 3643 cessim
335 3606 360 3643 et
378 3600 481 3654 crevisse,
499 3600 582 3645 divisse
599 3611 644 3660 pro
660 3600 765 3645 divisisse
830 3601 885 3646 242.
896 3601 959 3647 Satis
966 3604 1024 3646 esset
1034 3595 1116 3657 causa]
1127 3595 1187 3643 Tale
1196 3592 1340 3643 Latinitatis

225 3660 290 3722 apud
312 3660 450 3709 Horatium.
485 3664 598 3710 Prnnisse
618 3677 662 3725 pro
678 3666 764 3723 prom-
797 3663 937 3726 exemplum
954 3661 996 3710 vix
1014 3661 1072 3708 alibi
1089 3660 1209 3724 reperies;
1232 3658 1339 3721 ideoque

225 3728 281 3772 sisse
292 3725 357 3787 apud
370 3725 507 3781 Catullum3
525 3737 597 3789 atque
608 3726 643 3773 ita
656 3742 734 3790 porro.
798 3727 896 3789 quidam
920 3726 1062 3774 existimant
1087 3725 1224 3788 legendum,
1252 3725 1341 3773 Tactus

259 3789 313 3839 237.
326 3790 444 3853 Pradu'ta]
458 3793 566 3847 Reddita,
580 3792 653 3839 MSS.
797 3795 857 3840 eninr
869 3795 925 3839 lethi
936 3794 1037 3838 omnibus
1048 3799 1107 3838 esset
1117 3807 1186 3838 causa
1195 3786 1305 3850 praeca.

259 3855 314 3901 239.
335 3856 445 3916 Denique,
462 3855 519 3917 etc]
538 3855 662 3919 Deinceps
678 3857 766 3920 probat
831 3859 886 3904 24³.
904 3854 1002 3917 Eorum]
1021 3857 1083 3903 Cum
1099 3856 1125 3903 in
1145 3853 1215 3902 libris
1231 3853 1341 3916 vulgatis

228 3935 249 3966 v.
264 3920 300 3966 12.
320 3919 370 3966 Res
380 3919 406 3967 in
417 3923 523 3969 Nihilum
532 3936 582 3969 non
593 3920 691 3978 reverti,
701 3920 765 3983 quod
798 3921 930 3982 multisque
937 3920 1010 3968 MSS.
1018 3920 1108 3984 legitur
1114 3936 1216 3982 quarum,
1224 3918 1341 3969 eduobus

226 3999 276 4031 non
299 3998 349 4031 una
369 3984 406 4032 vis
426 3986 457 4033 ad
479 3985 661 4034 dissolvendum
684 3985 767 4033 omnia
800 3986 873 4033 MSS.
886 3986 1100 4047 quibusadderem
1112 3986 1140 4032 B.
1168 3987 1254 4032 Eorum
1264 3998 1293 4031 re

227 4047 344 4104 sufficiat;
361 4048 451 4097 frustra
467 4050 533 4098 enim
547 4050 635 4114 aliquis
650 4050 767 4098 obtendat
799 4050 848 4099 suit
859 4050 1000 4098 Lambinus
1037 4054 1143 4107 Quorum,
1157 4049 1203 4096 Na.
1214 4049 1242 4096 C.
1255 4047 1288 4096 Gi

227 4128 301 4161 unam
318 4113 468 4176 eandemque
489 4115 538 4163 vim
556 4119 638 4163 omnia
658 4117 767 4178 Corpora
800 4117 854 4164 Par.
868 4115 909 4164 alii
927 4125 1041 4164 tuenturs
1059 4130 1136 4179 penes
1153 4115 1282 4162 Lectorem
1298 4113 1341 4164 sit.

227 4177 421 4226 dissolverenoa
436 4195 516 4254 posse,
529 4180 586 4242 quia
597 4180 688 4244 dispari
700 4195 766 4228 nexu
832 4184 886 4229 244.
916 4181 1018 4229 Codices
1046 4178 1189 4236 Florentini,
1217 4181 1344 4230 dissolvere

227 4258 355 4307 corporum
363 4243 485 4308 principia
493 4247 680 4308 conjunguntur.
700 4245 766 4300 Quid
799 4264 932 4308 quenquam,
945 4245 990 4293 viz.
1004 4253 1138 4294 contextam.

228 4307 295 4356 enim
311 4308 359 4357 ista
375 4324 483 4358 nexuum
502 4309 631 4374 disparitas
652 4310 765 4368 efficeret,
832 4314 886 4362 247.
900 4309 958 4373 lies]
974 4314 1007 4368 ln,
1018 4309 1166 4358 Gassendus.
