2872 4852
448 276 618 341 LIBER
649 277 958 342 SECUNDUS.
1194 277 1255 341 109

237 433 400 506 Quatinus
416 433 448 496 in
465 433 576 497 Pullos
593 433 757 498 animaleis
772 434 892 497 vertier
909 433 983 497 Ova

236 534 406 600 Cernimus
422 534 580 614 Alituum,
596 537 811 622 Vermeisque
825 535 994 613 effervere,
1011 546 1132 600 terram

235 637 483 723 Intempestivos
499 660 572 701 cum
588 649 704 721 putror
719 640 807 722 cepit
822 640 865 702 ob
880 638 1033 702 imbreist

236 742 327 806 Scire
341 740 417 806 licet
432 741 522 825 gigni
537 763 634 824 posse
649 763 692 804 ex
708 763 772 803 non
789 740 939 804 Sensibu'
956 740 1092 803 Sensus.

171 854 219 900 ⁹³0
277 843 378 916 Quod
396 844 422 906 si
436 842 520 906 forte
535 841 650 925 aliquis
666 843 764 919 dicet,
781 843 942 905 duntaxat
956 842 1034 905 oriri

237 945 342 1010 Posse
357 969 398 1010 ex
413 944 602 1008 non-Sensu
618 944 753 1021 Sensim,
771 945 829 1008 sed
845 942 1022 1007 mobilitate

235 1046 324 1113 Ante
340 1047 448 1132 aliqua
463 1058 616 1132 tanquam
631 1056 771 1130 partum,
789 1068 885 1130 quam
901 1046 1051 1129 proditur
1066 1055 1178 1109 extra:

236 1151 325 1215 Huic
341 1152 418 1214 satis
434 1148 514 1213 illud
529 1151 591 1212 erit
605 1146 737 1232 planum
752 1147 870 1225 facere,
887 1159 985 1231 atque
1002 1149 1153 1231 probare,

235 1253 315 1317 Non
328 1253 401 1317 fieri
416 1263 555 1337 partum,
573 1252 634 1315 nisi
649 1250 784 1316 concilio
800 1261 874 1314 ante
890 1260 1017 1314 coacto:

171 1367 218 1414 935
233 1355 307 1421 Nec
323 1355 512 1420 commutari
526 1355 699 1437 quicquam
714 1354 782 1416 sine
799 1351 971 1417 conciliatu

236 1458 429 1536 Primorum,
445 1469 483 1522 ut
496 1467 665 1542 nequeunt
679 1455 775 1520 ullius
791 1456 936 1538 corporis
952 1476 1024 1518 esse

236 1561 360 1626 Sensus
375 1571 449 1625 ante
464 1561 569 1645 ipsam
583 1561 724 1645 genitam
739 1570 887 1622 naturam
903 1556 1098 1621 Animantis.

236 1663 399 1728 Nimirum
413 1665 489 1749 quia
504 1663 662 1727 Materies
678 1662 814 1746 disjecta
830 1670 960 1724 tenetur

235 1766 336 1843 Aere,
354 1764 567 1842 Fluminibus,
584 1764 710 1840 Terris,
727 1761 937 1845 Flammaque
952 1761 1089 1826 creatis:

172 1880 220 1927 940
236 1867 309 1933 Nec
324 1891 498 1953 congressa
511 1868 608 1951 modo
623 1865 747 1930 vitaleis
764 1864 967 1930 convenienti

239 1970 383 2035 Contulit
397 1973 482 2050 inter
497 1993 532 2035 se
547 1980 665 2047 motus,
682 1969 801 2052 quibus
817 1967 1032 2031 omnituentes

237 2070 380 2138 Accensi
394 2073 517 2138 Sensus
534 2073 727 2136 animantem
742 2091 903 2154 quamque
920 2079 1063 2132 tuentur.

1144 1431 1158 1456 S

151 2272 155 2280 ’
185 2273 309 2332 927,928.
327 2278 689 2340 Vermeisqueeffcrsere,terram
721 2284 794 2322 cent:
819 2274 949 2337 legendum
968 2283 1057 2329 autem,
1080 2275 1146 2325 Quod
1162 2274 1183 2320 si
1194 2269 1259 2332 forte

153 2339 324 2399 Intempestivos
347 2358 404 2398 cum,
432 2341 489 2404 eta]
518 2341 570 2389 Alii
596 2341 688 2403 legunt,
722 2343 806 2401 aliquis
817 2342 884 2397 dicet,
897 2342 1011 2386 duntaxat
1022 2341 1079 2385 oriri
1095 2340 1165 2386 Posse
1177 2352 1205 2384 ec
1215 2353 1259 2384 aon

157 2403 290 2464 Vermesque
299 2407 406 2466 effervere
417 2413 509 2463 terram,
519 2408 690 2467 intempestivos
722 2421 788 2452 sensu
810 2421 888 2452 seusus
911 2401 1072 2452 mutabilitate
1091 2405 1153 2450 Ante
1172 2404 1258 2463 aliquo,

154 2482 228 2527 quom,
241 2476 282 2516 etc.
724 2478 800 2517 totum
813 2477 986 2531 partumquam
999 2471 1191 2528 proditorestrs.
1226 2466 1260 2513 Et

188 2532 241 2579 930.
261 2536 355 2585 Quodsi
366 2531 430 2595 forte
441 2538 533 2597 aliquis,
546 2532 601 2596 eta]
621 2535 690 2582 Duos
722 2550 767 2598 pro
778 2535 880 2582 obscura
892 2543 917 2581 et
928 2533 1028 2589 difficili,
1040 2533 1114 2596 plana
1124 2531 1205 2579 subito
1214 2531 1261 2578 erit

152 2607 281 2658 sequentes
288 2614 373 2648 versus
381 2599 481 2663 italegit
488 2599 607 2648 Gifanius.
620 2603 690 2649 Posse
721 2598 835 2647 etfacilis
848 2598 977 2647 sententia.
1011 2597 1109 2660 Aliquis
1125 2596 1191 2644 enim
1208 2594 1258 2643 for·

148 2677 180 2709 eo
202 2679 246 2710 uon
264 2681 338 2723 sensu,
358 2682 437 2714 sensus
456 2667 619 2723 mutabilitate,
640 2668 691 2713 Aut
722 2664 849 2723 candicat,
866 2663 987 2728 principia
1000 2679 1081 2711 rerum
1093 2661 1191 2724 quidem
1207 2676 1260 2708 esse

151 2729 228 2788 aliquo
236 2736 425 2792 tunquamportu,
436 2733 607 2793 quodproditut·
615 2738 688 2778 ostra
721 2728 855 2786 insensilia,
868 2738 893 2776 at
904 2729 928 2777 vi
937 2737 962 2776 et
973 2728 1064 2777 virtute
1072 2727 1109 2774 rei
1120 2724 1261 2790 generantis

152 2791 267 2853 Nardius,
280 2797 349 2844 Posse
360 2813 388 2843 ea
399 2813 442 2844 nan
457 2813 523 2844 sensu
530 2815 539 2850 ‚·
556 2799 597 2844 sed
611 2811 689 2844 sensus
721 2792 763 2840 illa
776 2793 897 2856 principia
909 2794 996 2842 mutari
1009 2792 1035 2840 in
1047 2792 1154 2848 sensilia,
1167 2801 1192 2839 et
1202 2805 1259 2839 sen·

136 2847 277 2908 'mobilitate
286 2864 613 2924 Auieaiiquataagiportum,
621 2877 689 2921 quom
721 2873 749 2905 su
764 2858 870 2920 gaudere
881 2868 1011 2920 antequam
1028 2857 1053 2904 in
1064 2856 1154 2905 animal
1166 2855 1258 2904 coales-

150 2925 257 2982 proditur
272 2933 345 2973 estro.
380 2925 455 2974 Hunc
472 2926 552 2974 locum
564 2925 688 2973 difficilem
721 2933 793 2970 cunt:
811 2923 875 2981 huic,
888 2939 910 2971 v.
925 2925 962 2970 13.
980 2922 1109 2970 Lucretius
1120 2920 1259 2984 respondet,

151 2995 176 3034 et
186 2988 314 3037 obscurum
323 3006 376 3038 esse
385 2991 533 3048 Gassendus,
547 2990 689 3048 Lambinus,
721 2987 841 3052 principia
848 2989 949 3036 seorsim
956 2997 1055 3050 sumpta
1060 2985 1202 3035 mutationis
1207 3001 1260 3034 ease

152 3067 236 3101 omnes
249 3053 370 3103 fatentur:
392 3056 519 3104 Gassendo
532 3054 615 3117 judice
633 3070 689 3102 seu·
722 3068 821 3116 prorsus
838 3052 970 3116 incapacia,
982 3068 1027 3100 nec
1044 3068 1143 3100 sensum
1157 3049 1260 3112 uliquus

152 3131 194 3165 sus
211 3118 308 3167 videtur
329 3135 395 3175 esset
420 3137 468 3168 non
489 3123 551 3169 bene
569 3119 618 3168 dici
636 3135 689 3167 rem
721 3117 833 3165 animalis
844 3117 944 3180 produci
957 3133 1029 3182 pose
1037 3127 1167 3179 autequam
1178 3116 1260 3178 ipsum

151 3182 265 3232 sensilem
277 3200 308 3232 ex
319 3185 441 3248 principio
452 3184 563 3233 insensili
579 3183 655 3247 gigni,
668 3184 689 3232 si
722 3182 812 3230 animal
821 3183 973 3246 perficiatur;
991 3182 1048 3243 quia
1056 3197 1142 3229 sensus
1151 3181 1260 3244 postulat

151 3245 316 3311 intelligamus
333 3250 395 3297 illud
416 3250 547 3307 immutari,
570 3259 595 3297 et
614 3248 689 3297 variis
721 3262 777 3295 eum
787 3247 897 3296 vitalium
904 3256 1260 3308 motuumconsensum,quem

151 3309 362 3362 immutationibus
373 3314 399 3362 in
411 3330 508 3363 sensum
521 3315 619 3362 tandem
631 3329 687 3376 per·
721 3312 747 3359 in
769 3328 852 3360 rerum
872 3311 1008 3377 principiis,
1031 3325 1085 3373 quae
1104 3325 1149 3374 per
1169 3313 1258 3368 aerem,

152 3376 209 3431 fici;
227 3376 354 3439 simileque
366 3393 426 3436 esse,
438 3388 465 3426 ut
477 3380 535 3427 dum
551 3377 625 3426 foetus
641 3377 689 3425 ini·
722 3391 817 3437 aquam,
833 3386 929 3435 terram,
947 3377 1077 3440 ignemque
1090 3375 1162 3434 (istos
1178 3373 1258 3438 philo·

153 3439 188 3487 tio
199 3440 315 3489 minimus
325 3442 441 3504 paulatim
451 3441 597 3505 grandescit,
607 3457 635 3488 ac
645 3457 689 3505 pa·
722 3441 812 3503 sophos
829 3441 907 3505 tangit
919 3441 960 3504 qui
972 3439 1054 3489 omnia
1065 3456 1079 3488 e
1091 3448 1194 3502 quatuor
1209 3438 1259 3488 ele·

152 3503 215 3551 ritur
232 3521 342 3566 magnus.
386 3506 520 3568 Siquidem,
536 3505 624 3568 inquit,
641 3522 690 3554 non
722 3505 812 3553 mentis
837 3506 950 3570 componi
978 3505 1126 3567 docuerunt)
1149 3505 1259 3569 dispersa

114 3609 116 3611 .
153 3582 230 3617 uuum
246 3569 404 3634 principium,
416 3587 465 3619 non
476 3571 573 3634 singula
588 3571 690 3619 seorsim
721 3570 832 3628 volitant,
844 3571 933 3620 frustra
944 3570 1060 3632 requiras.

152 3643 257 3697 sumpta,
275 3635 416 3684 mutationis
433 3635 531 3701 capacia
548 3646 620 3692 sunt;
646 3636 689 3684 sed
754 3636 810 3684 935.
820 3635 971 3698 Commutari]
982 3638 1149 3698 Ooagmentari,
1159 3635 1199 3683 vel
1206 3652 1259 3684 coo·

150 3708 240 3747 ustura
248 3700 327 3748 solum
335 3710 448 3750 concreta
456 3717 487 3750 ex
496 3701 624 3766 principiis
632 3701 687 3764 plu·
721 3705 827 3758 mentori,
837 3702 961 3756 Muretns;
977 3701 1020 3748 sed
1029 3703 1162 3748 commutari
1171 3701 1259 3765 placet,

151 3762 226 3823 ribus,
241 3766 344 3814 undeet
359 3766 406 3815 ista
423 3766 489 3815 varie
505 3766 616 3830 dispersa
631 3782 688 3830 pos·
721 3775 750 3815 ut
758 3770 978 3830 etprinciptumpro
983 3769 1109 3828 primorum
1117 3765 1260 3828 insequenti

151 3839 210 3877 sunt
232 3847 307 3879 sensu
325 3831 432 3890 destitui,
452 3840 476 3880 et
499 3831 587 3880 idonea
607 3840 688 3880 tamen
722 3830 1260 3894 versu,quauquamprimaaliquotlocisapud

152 3894 247 3944 ratione
260 3897 373 3945 coeuntia
389 3897 487 3945 contexi
504 3896 529 3944 in
542 3913 594 3945 rem
610 3896 689 3945 sensi·
723 3895 864 3944 Lucretium
876 3910 921 3959 pro
930 3899 1054 3957 principiis
1064 3905 1198 3944 sumantur.

151 3958 213 4007 lem:
230 3977 276 4009 uec
285 3962 350 4010 valet
358 3962 431 4010 fretus
442 3960 584 4018 imilitudo,
593 3961 690 4024 quando
755 3961 810 4009 939.
839 3963 989 4023 Flammaque
1012 3959 1110 4022 creatis]
1138 3959 1260 4016 Gitanius,

152 4024 174 4072 is
193 4041 288 4088 quoque
306 4028 336 4075 ab
354 4027 425 4075 initio
445 4042 477 4074 ex
495 4025 578 4074 multis
595 4035 691 4074 constat
723 4034 830 4087 terraque
847 4029 948 4073 creatu.-
965 4025 1034 4088 quasi
1050 4034 1114 4073 terra
1128 4033 1210 4072 creata
1221 4024 1258 4071 di·

152 4091 270 4154 partibus,
286 4108 332 4167 pro
344 4107 445 4154 quarum
462 4091 556 4139 ratione
568 4100 605 4140 est
621 4107 689 4154 mag·
723 4105 819 4139 versum
829 4089 927 4153 aliquod
936 4091 967 4138 ab
977 4091 1030 4154 ipsa
1038 4100 1103 4138 terra
1112 4089 1261 4136 elementum

153 4155 691 4220 nuscumsingulareprincipiummutationi
723 4154 889 4205 constitueret.

154 4219 353 4282 nullisubjaceat.
381 4223 442 4270 Haec
454 4220 609 4269 Gassendus:
629 4220 690 4269 Tres
756 4221 811 4269 941.
827 4223 917 4272 Quibus
932 4216 1096 4281 omnituentes]
1108 4214 1167 4272 alii,
1180 4217 1261 4277 quibu*

154 4283 263 4333 diversas
273 4286 390 4335 lectiones
402 4296 426 4334 et
437 4285 652 4350 interpretationes
663 4285 690 4334 iu
723 4289 885 4333 eonsenieuter.
1322 4279 1331 4294 ‘

155 4348 274 4398 Lambino
292 4367 392 4412 quaeras,
414 4366 498 4400 omnes
516 4350 582 4399 enim
603 4350 688 4415 displi·
756 4351 811 4398 942.
824 4352 921 4398 Accessi
933 4347 1030 4409 Sensus]
1046 4345 1113 4394 Infra
1124 4344 1262 4404 Lucretius,
