2872 4852
227 252 289 316 106
609 248 653 314 Τ.
683 246 952 314 LUCRETII

311 406 366 470 Ex
382 404 607 483 lnsensilibus,
623 407 712 491 quod
728 406 813 482 dico,
830 404 992 470 Animalia
1006 406 1106 490 gigni.

246 519 293 572 870
355 509 489 593 Quippe
501 509 612 574 videre
627 507 714 586 licet,
731 510 820 574 vivos
834 509 977 574 existere
990 508 1141 574 Vermeis

312 611 464 676 Stercore
480 612 522 675 de
537 621 635 689 tetro,
651 621 820 696 putrorem
835 633 908 676 cum
924 611 986 675 sibi
999 621 1095 676 nacta
1109 611 1150 676 'st

313 713 553 797 Intempestivis
568 737 610 778 ex
626 715 784 779 imbribus
798 714 932 779 humida
946 713 1063 797 tellus:

354 815 520 881 Praeterea
534 827 667 882 cunctas
682 818 794 881 itidem
809 839 862 881 res
877 827 1004 882 vertere
1021 839 1104 882 sese.

311 918 456 984 Vertunt
471 941 506 983 se
522 917 637 997 Fluvii,
654 919 815 996 Frondes,
831 930 865 984 et
880 919 1008 985 Pabula
1022 918 1098 983 laeta

246 1033 293 1083 875
312 1022 351 1086 In
367 1022 535 1086 Pecudes:
559 1031 691 1087 vertunt
705 1023 851 1106 pecudes
865 1023 898 1085 in
913 1022 1063 1106 Corpora
1076 1031 1189 1086 nostra

310 1126 485 1201 Naturam,
501 1135 535 1190 et
549 1135 663 1190 nostro
678 1126 720 1189 de
736 1125 882 1209 Corpore
899 1146 987 1208 saepe
1002 1123 1159 1188 Ferarum

310 1230 504 1312 Augescunt
519 1228 615 1304 vires,
631 1238 664 1293 et
677 1249 817 1311 corpora
832 1226 1118 1310 Pennipotentum.

310 1332 403 1415 Ergo
418 1331 539 1418 omneis
556 1338 673 1393 natura
688 1330 778 1393 cibos
794 1329 827 1392 in
843 1350 982 1412 corpora
996 1329 1068 1392 viva

309 1434 431 1510 Vertit,
446 1442 479 1497 et
493 1431 569 1496 hinc
586 1431 710 1496 Sensus
726 1432 922 1495 animantum
936 1440 1088 1515 procreat
1102 1432 1245 1496 omneis:

248 1550 295 1598 ⁸80
313 1536 393 1600 Non
407 1535 469 1598 alia
484 1534 582 1618 longe
597 1534 733 1611 ratione,
751 1544 850 1619 atque
864 1534 956 1598 arida
970 1533 1058 1618 ligna

313 1638 468 1722 Explicat
482 1639 515 1701 in
529 1637 685 1713 flammas,
699 1646 732 1700 et
746 1637 780 1699 in
795 1636 899 1720 igneis
915 1637 1022 1700 omnia
1036 1646 1155 1700 versat.

282 1784 284 1789 ·
354 1741 471 1806 Jamne
486 1741 577 1804 vides
593 1740 703 1824 igitur,
717 1739 827 1824 magni
842 1738 1026 1804 Primordia
1040 1760 1149 1804 rerum

312 1843 452 1908 Referre
467 1844 501 1907 in
516 1841 603 1927 quali
619 1843 682 1905 sint
698 1842 811 1907 ordine
827 1862 966 1927 quaeque
980 1841 1099 1919 locata,

312 1946 359 2011 Et
375 1946 541 2011 commista
556 1946 675 2029 quibus
690 1945 771 2009 dent
785 1956 905 2024 motus,
922 1945 1171 2029 accipiantque?

247 2061 294 2107 885
353 2049 440 2113 Tum
455 2070 555 2132 porro
570 2048 649 2133 quid
664 2047 698 2111 id
713 2057 775 2125 est,
786 2047 927 2111 animum
942 2048 1033 2132 quod
1048 2047 1190 2132 percutit
1205 2046 1342 2131 ipsum?

312 2151 414 2224 Quod
428 2153 558 2214 movet?
581 2159 614 2214 et
629 2150 735 2214 varios
752 2171 867 2213 sensus
882 2172 1075 2234 expromere
1090 2150 1190 2235 cogit,

313 2253 368 2317 Ex
384 2252 597 2317 Insensilibus
612 2275 654 2317 ne
669 2252 785 2319 credas
802 2251 929 2318 Sensile
944 2253 1056 2338 gigni?

311 2357 485 2432 Nimirum,
503 2353 660 2440 Lapides,
677 2366 710 2420 et
726 2355 844 2441 Ligna,
861 2365 895 2421 et
910 2354 1018 2420 Terra
1032 2356 1122 2440 quod
1136 2377 1202 2419 una

312 2460 426 2537 Mista,
443 2471 551 2523 tamen
566 2469 734 2544 nequeunt
748 2458 877 2523 vitalem
892 2459 1032 2522 reddere
1049 2457 1200 2522 Sensum.

248 2575 296 2622 890
354 2561 439 2625 Illud
455 2561 489 2624 in
503 2561 554 2624 his
571 2560 671 2644 igitur
685 2561 795 2625 foedus
811 2561 993 2626 meminisse
1009 2560 1152 2638 decebit,

246 2715 313 2766 1173.
331 2717 449 2762 Preterea
471 2721 572 2770 cunctas,
595 2711 651 2775 eta]
676 2712 764 2774 Neque
796 2711 967 2774 magnitudini,
991 2712 1083 2775 figura,
1103 2709 1228 2775 positioni,
1247 2711 1342 2772 ordini,

224 2779 364 2842 exemplum
374 2787 469 2826 tantum
477 2777 594 2841 proponit
603 2777 630 2824 in
642 2776 762 2826 vermicu·
797 2785 822 2825 et
833 2777 917 2824 motui.

223 2845 255 2893 lis
266 2854 292 2892 et
302 2842 448 2892 animalibus
459 2842 517 2889 dnm
528 2841 670 2904 gignuntur,
682 2840 764 2889 sedin
830 2842 884 2888 885.
905 2843 963 2888 Tum
971 2857 1040 2903 porro
1052 2843 1109 2902 quid
1120 2844 1147 2889 td
1162 2850 1204 2899 est,
1221 2840 1280 2904 eta]
1297 2842 1342 2892 Ne

224 2908 370 2958 animalibus
390 2905 464 2957 etiam
484 2905 582 2969 genitis,
602 2921 625 2954 v.
649 2908 685 2953 12.
707 2921 763 2954 cum
796 2904 1234 2970 argumentisabexperientiaductis
1244 2921 1340 2971 repug-

223 2973 292 3023 cibus
310 2978 449 3035 assumptus
466 2987 499 3019 ex
518 2969 622 3018 inanimi
642 2970 763 3019 animatus
796 2969 1340 3034 narevideaturipsaexperientia,caretum

224 3037 320 3087 evadit:
335 3035 458 3085 alimentis
469 3034 635 3093 insensilibus,
644 3035 763 3098 gramine,
797 3035 894 3098 Negare
906 3050 955 3083 non
964 3035 1046 3099 potuit
1053 3035 1121 3099 ligna
1129 3035 1223 3100 lapides
1231 3043 1339 3086 terrant·

224 3103 358 3159 frondibus,
382 3111 427 3150 etc.
451 3101 564 3164 pecudes,
589 3107 614 3148 et
635 3115 700 3158 aves,
723 3114 764 3148 res
796 3115 844 3163 que
855 3099 983 3149 commista
994 3100 1124 3163 aliquando
1140 3100 1268 3150 insensilia
1283 3116 1339 3151 ma-

224 3177 282 3217 totoe
292 3166 401 3224 sensiles,
419 3166 568 3223 nutriuntur,
586 3165 640 3213 istis
656 3163 764 3214 vescitur
796 3180 862 3223 nere,
880 3164 952 3213 aliter
971 3165 1083 3214 viventes
1100 3164 1193 3224 domos,
1212 3174 1238 3214 et
1255 3173 1343 3216 turres

224 3235 359 3284 humanum
376 3247 461 3295 genus,
480 3231 615 3292 ideoquee
637 3229 763 3305 particulis
796 3229 899 3304 sensiles
921 3229 1035 3305 efficeret.
1070 3230 1173 3278 Fatetur
1191 3229 1269 3294 igitur
1295 3244 1342 3281 res

223 3298 382 3348 insensilibus
393 3296 510 3360 graminis
527 3305 552 3343 et
567 3295 691 3343 frondium
708 3303 763 3342 tan-
795 3294 925 3343 insensiles
946 3310 995 3342 msr
1017 3303 1084 3343 certa
1108 3295 1194 3359 figura,
1218 3303 1244 3344 et
1266 3310 1338 3360 mag·

224 3365 280 3413 dem
301 3362 464 3412 constituitur.
499 3361 562 3410 Haec
582 3359 664 3409 omnia
686 3375 762 3425 appo·
795 3359 907 3409 nitudine
919 3358 1048 3418 donentur,
1061 3359 1143 3409 debito
1154 3368 1223 3408 motu
1238 3359 1339 3424 agiten-

223 3429 271 3477 sita
287 3427 448 3476 similitudine
459 3426 581 3475 illustrat:
603 3425 697 3490 lignum
713 3426 762 3474 ari-
795 3431 843 3483 tu'r,
854 3433 969 3487 certoque
983 3425 1069 3473 ordine
1086 3424 1111 3473 di
1142 3433 1254 3483 orantur,
1272 3440 1344 3474 nunt·

224 3493 282 3541 dum
301 3493 328 3540 in
346 3493 429 3555 ignem
446 3501 470 3540 et
485 3491 608 3540 flammam
623 3489 761 3549 resolvitur,
795 3506 869 3554 quam
887 3489 983 3538 efficere
1003 3505 1043 3538 res
1061 3488 1125 3539 sensi
1137 3504 1178 3547 err
1206 3498 1233 3538 at
1252 3489 1341 3540 debita

224 3566 250 3606 at
258 3572 307 3605 non
319 3557 397 3620 magis
408 3557 482 3604 distat
492 3556 609 3604 insensile
620 3556 764 3604 alimentum
796 3554 878 3604 omnia
900 3564 926 3603 et
936 3554 1054 3618 requisita
1064 3554 1232 3612 adhibeantur,
1244 3554 1342 3605 animur

225 3637 324 3670 acarne
336 3621 392 3670 viva
402 3630 428 3669 et
438 3621 567 3678 sentiente,
580 3636 652 3684 quam
668 3621 763 3684 lignum
795 3620 905 3668 nascitur
925 3634 940 3667 e
958 3635 985 3668 re
1004 3620 1111 3668 maxime
1129 3618 1248 3669 insensili.
1285 3619 1339 3670 Pu-

153 3698 155 3702 ’
224 3686 348 3735 allamma
357 3686 455 3734 lucente
467 3694 492 3733 et
502 3685 582 3740 clara;
605 3695 631 3732 et
646 3685 762 3747 quemad·
796 3683 962 3732 trescatenim
978 3682 1079 3747 lignum,
1097 3695 1140 3734 aut
1155 3684 1236 3748 gleba
1249 3683 1343 3735 imbrs-

225 3750 324 3798 modum
336 3759 432 3812 oportet
444 3765 475 3797 ex
490 3749 558 3812 ligno
574 3749 689 3798 extricari
705 3763 762 3813 par-
795 3748 1005 3807 buaresolvantur,
1012 3759 1038 3798 et
1044 3750 1186 3798 animalium
1194 3749 1343 3801 hncetilluc

225 3814 319 3872 ticulas,
338 3828 391 3876 qnae
409 3827 463 3861 sese
482 3813 583 3871 cientes,
603 3813 761 3876 explicantes,
794 3813 944 3878 reptantium
956 3813 1053 3876 agmina
1064 3814 1146 3864 subito
1159 3814 1339 3866 admirabere.-

225 3893 336 3941 novaque
368 3878 464 3925 ratione
498 3877 663 3940 disponentes,
699 3893 764 3926 nova
829 3877 884 3928 8⁸7.
898 3881 937 3926 Es
945 3877 1107 3941 Imensilr‘bm]
1118 3879 1259 3929 Priscianus
1267 3879 1342 3946 legit,
1413 3930 1414 3933 ,

224 3941 597 4003 illalucendicalefaciendique
608 3942 633 3990 vi
648 3941 762 4017 polleant,
796 3946 834 3991 Er
842 3945 989 3992 insensibili:
1006 3947 1086 3994 credat
1098 3960 1143 4008 pro
1159 3947 1248 4005 mdat,
1259 3946 1344 3996 lam-

225 4009 259 4057 ita
272 4024 303 4057 ex
314 4007 368 4056 cibo
380 4007 475 4055 secerni
491 4015 603 4069 oporteat
619 4006 763 4070 spirituosas
795 4007 874 4057 binus
905 4009 939 4057 Et
949 4013 974 4057 at
985 4025 1030 4073 pro
1040 4027 1076 4068 ne,
1089 4009 1210 4059 Gifanius.

225 4070 762 4141 particulas,quaecertarationediductoe,no-
829 4074 883 4122 889.
899 4075 997 4122 Vitatem
1005 4077 1102 4124 reddere
1110 4074 1342 4139 Semmliimen·

225 4155 304 4202 voque
323 4137 395 4186 modo
415 4135 540 4198 disposita
560 4135 683 4198 energiam
700 4137 763 4185 hanc
796 4138 849 4197 dus,
861 4142 968 4186 virtatem
979 4142 1075 4187 reddere
1085 4142 1176 4190 Semne

225 4201 486 4254 sentiendiobtineant
511 4199 761 4249 Sensusenirnsensi-
829 4202 1348 4269 890.roedm]1aLambtnuseqoeruor

224 4269 287 4318 lisve
295 4268 332 4317 rei
341 4265 476 4332 procreatio
485 4280 517 4314 ex
525 4263 683 4314 insensilibus
693 4265 762 4329 prin-
797 4268 870 4316 Mss.
909 4267 944 4316 Et
960 4267 1043 4330 fadar
1069 4269 1246 4334 interpretanrr
1268 4271 1344 4326 illm

225 4333 297 4398 cipiis
314 4333 416 4382 debetur
428 4339 502 4380 certe
518 4339 544 4378 et
560 4328 661 4394 speciali
679 4345 762 4379 eorum
795 4332 983 4382 conventionem
996 4341 1022 4382 et
1037 4334 1185 4398 pactionem,
1200 4348 1247 4400 per
1262 4350 1346 4402 qm
