2872 4852
209 230 270 294 148
294 241 298 250 “
586 223 628 288 Τ.
662 221 933 286 LUCRETII
996 209 999 214 ’

229 398 275 445 ³95
296 382 343 446 Et
357 402 454 466 quarn
466 378 643 443 interuallis
658 378 758 442 tantis
773 377 947 442 tuditantia
962 376 1089 460 possint

292 486 508 559 Concursum,
522 482 622 559 coire,
638 490 672 545 et
686 479 861 544 dissultare
875 479 1025 544 vicissim.

336 587 383 650 Et
397 585 499 668 magis
513 593 565 648 est
580 582 718 647 Animus
734 584 812 647 vitai
826 581 967 646 claustra
983 600 1148 655 coercens,

293 689 340 752 Et
356 688 571 752 dominantior
586 687 628 750 ad
643 687 753 761 vitam,
768 707 866 769 quarn
880 685 928 746 vis
944 681 1085 745 Animal.

292 791 380 854 Nam
395 792 463 854 sine
479 789 605 867 Mente,
623 790 807 871 Animoque
823 787 936 870 nequit
950 785 1095 848 residere
1110 804 1170 866 per
1185 793 1275 846 artus

228 906 276 952 400
293 892 466 976 Temporis
481 892 632 976 exiguam
646 900 773 974 partem
787 912 864 973 pars
879 886 944 952 ulla
961 887 1091 951 Animal
1099 913 1108 964 ;

293 995 360 1059 Sed
376 1015 484 1059 comes
498 993 680 1077 insequitur
695 991 800 1069 facile,
815 1002 848 1055 et
864 991 1003 1054 discedit
1017 991 1050 1053 in
1065 1010 1173 1067 auras,

292 1097 340 1160 Et
354 1095 479 1180 gelidos
493 1104 584 1158 artus
598 1095 631 1158 in
646 1093 727 1158 lethi
741 1092 862 1178 frigore
876 1092 1004 1176 linquit.
1093 1087 1096 1092 ’

291 1199 340 1262 At
354 1209 463 1262 manet
474 1198 507 1260 in
521 1198 598 1274 vita,
610 1197 664 1260 cui
678 1195 776 1260 Mens
792 1195 997 1279 Animusque
1011 1195 1176 1271 remansit,

293 1301 449 1374 Quamvis
464 1310 515 1364 est
529 1300 760 1364 circum-cacis
774 1298 862 1363 lacer
876 1299 1021 1382 undique
1036 1297 1186 1361 membris
1197 1318 1209 1360 :i

227 1413 275 1460 405
292 1402 458 1480 Truncus,
474 1402 603 1466 ademta
617 1399 736 1465 Anima
751 1402 883 1478 circum,
899 1399 1116 1483 membrisque
1132 1399 1274 1476 remotis,

292 1504 394 1582 Vivit,
409 1516 443 1568 et
457 1503 608 1568 aetherias
623 1503 748 1568 vitaleis
765 1505 902 1588 suscipit
917 1525 1033 1566 auras:

293 1606 408 1670 Sinon
424 1606 625 1682 omnimodis,
640 1616 675 1669 at
688 1628 805 1690 magna
820 1615 914 1689 parte
929 1602 1060 1668 Animai

294 1707 457 1781 Privatus,
472 1718 580 1771 tamen
595 1708 629 1769 in
643 1708 710 1769 vita
722 1715 906 1783 cunctatur,
922 1716 956 1770 et
970 1705 1084 1770 haeret.

295 1808 343 1872 Ut
356 1808 500 1873 lacerato
516 1807 624 1872 Oculo
638 1809 759 1872 circum
774 1809 801 1871 si
817 1807 946 1892 Pupula
959 1809 1079 1872 mansit

229 1923 277 1970 410
296 1909 481 1987 Incolumis,
498 1921 563 1974 stat
576 1911 731 1975 cernendi
744 1911 850 1975 vivata
864 1920 1031 1994 potestas3

296 2012 484 2077 Dummodo
498 2035 540 2077 ne
555 2022 660 2077 totum
677 2034 866 2097 corrumpas
880 2012 1008 2076 luminis
1024 2014 1148 2088 orbern,

294 2115 362 2178 Sed
378 2115 588 2179 circumcidas
605 2116 716 2191 aciem,
730 2113 895 2199 solamque
909 2114 1092 2198 relinquas3

294 2215 334 2280 Id
351 2239 480 2301 quoque
497 2217 581 2280 enim
596 2217 665 2280 sine
680 2217 823 2301 pernicie
839 2216 959 2280 confiet
974 2239 1104 2280 eorum:

294 2315 341 2382 At
357 2320 383 2381 si
398 2317 523 2382 tantula
537 2340 615 2401 pars
632 2317 731 2382 Oculi
745 2319 852 2382 media
866 2318 921 2382 illa
935 2339 1052 2402 peresa
1067 2319 1120 2394 'st,

230 2432 277 2478 41⁵
296 2419 470 2484 Incolumis
487 2419 632 2504 quamvis
646 2419 768 2503 alioqui
784 2418 975 2504 splendidus
991 2419 1091 2496 orbis,

295 2521 427 2586 Occidit
441 2520 605 2606 extemplo
619 2521 738 2598 lumen,
756 2523 965 2604 tenebraeque
981 2532 1181 2604 sequuntur:

295 2622 370 2687 Hoc
385 2621 504 2686 Anima
519 2633 617 2707 atque
632 2621 771 2686 Animus
785 2623 884 2687 vincti
901 2634 977 2686 sunt
992 2621 1116 2687 foedere
1133 2643 1272 2707 semper.

338 2724 439 2788 Nunc
453 2746 525 2808 age,
540 2725 665 2791 nativos
681 2724 908 2802 animantibus,
924 2736 958 2788 et
971 2723 1134 2788 mortaleis

243 2924 298 2971 395.
322 2925 356 2970 Et
371 2940 439 2984 quam
455 2926 584 2971 intervallis
600 2923 685 2986 tantu]
702 2923 746 2971 Gi·
780 2923 881 2987 pupille
893 2923 971 2972 vicem
982 2925 1109 2982 sustineat,
1122 2923 1213 2973 Anima
1230 2922 1318 2985 reliqui

210 2987 309 3042 lanium
326 2990 360 3035 131
369 2991 461 3050 quantia
470 2991 606 3046 intervallis,
616 3004 648 3036 ex
657 3004 680 3036 v.
692 2988 747 3039 567.
780 2987 860 3036 orbisr
884 2987 1002 3053 pupillam
1019 2990 1118 3047 laceres,
1135 2987 1231 3037 cecitas
1250 2987 1316 3036 inse·

211 3051 345 3101 Lambinus
366 3051 444 3116 magis
465 3054 559 3116 probat,
582 3061 606 3101 et
627 3070 694 3115 quam
716 3056 749 3101 aia
781 3053 877 3116 quirun
904 3053 964 3101 alias
982 3054 1047 3102 oculi
1066 3064 1156 3118 partes,
1176 3061 1260 3101 manet
1280 3051 1316 3100 ri·

211 3120 355 3172 intervallirr
371 3116 454 3176 idest,
465 3125 489 3166 et
499 3135 567 3180 quam
578 3121 632 3165 ruia.
780 3117 855 3166 dandi
866 3126 981 3181 potestas.

243 3180 300 3232 ³97.
317 3185 350 3230 Et
366 3186 440 3245 magis
456 3186 605 3240 ertAnimur,
619 3181 677 3244 etc]
692 3182 747 3230 Ver.
813 3184 869 3230 410.
893 3183 990 3246 Visam]
1015 3182 1089 3242 1111111,
1107 3199 1130 3231 v.
1148 3180 1204 3233 557.
1222 3181 1319 3230 vivatur

212 3247 266 3299 137.
278 3246 405 3306 Animum,
416 3247 443 3296 in
458 3263 506 3309 quo
521 3247 585 3295 ratio
602 3257 627 3295 et
638 3246 675 3295 vis
692 3262 747 3295 sen·
780 3256 807 3296 et
828 3247 924 3296 vividus
949 3263 965 3296 a
993 3248 1077 3296 Poetis
1101 3246 1225 3304 dicuntur,
1248 3262 1263 3295 a
1290 3245 1317 3294 ri

210 3311 288 3360 tiendi
299 3312 347 3360 sita
358 3323 402 3370 est,
414 3313 440 3361 in
457 3320 556 3376 pectore
572 3310 667 3375 posuit;
685 3311 747 3359 Aui-
781 3328 876 3375 magna
905 3315 995 3361 Festus.

210 3391 275 3425 marn
293 3392 358 3434 vero,
375 3377 401 3425 in
418 3393 466 3440 qua
483 3377 628 3426 locornctiva
647 3376 749 3425 facultas
815 3379 869 3426 411.
893 3380 1019 3426 1111111114)
1035 3394 1063 3426 ue
1080 3384 1158 3434 totum,
1174 3374 1231 3438 eta]
1248 3374 1318 3423 Gilu-

211 3440 259 3490 sita
275 3450 312 3487 est
329 3441 374 3489 toti
391 3442 495 3506 Corpori
511 3442 636 3503 adjunxit:
657 3444 709 3504 jam
725 3458 749 3489 v.
781 3441 845 3501 nius,
858 3452 883 3491 et
893 3442 935 3505 qui
946 3442 1015 3491 illum
1025 3451 1168 3504 sequuntur,
1179 3441 1224 3488 hos
1235 3455 1320 3488 vemas

212 3506 251 3553 21.
269 3504 310 3552 isti
326 3505 416 3554 Animo
433 3507 569 3570 precipuas
584 3506 673 3555 invita
690 3522 748 3555 con·
781 3507 816 3556 ita
826 3507 912 3570 legunt
924 3523 954 3555 ex
966 3508 1035 3556 codd.
1065 3509 1230 3555 Mundam
1247 3512 1319 3553 totam

211 3569 330 3617 servanda
348 3579 430 3633 partes
447 3571 574 3626 attribuit3
597 3587 643 3618 nec
663 3572 747 3619 absur-
780 3588 913 3634 corrumpar
924 3575 1016 3620 luminis
1026 3574 1109 3629 orben,
1120 3573 1154 3619 m
1169 3571 1320 3618 circanam

212 3633 270 3680 dum
293 3632 346 3690 hoc,
367 3635 483 3696 quicquid
505 3635 546 3682 alii
569 3634 684 3692 sentiant,
707 3644 750 3683 aut
782 3639 862 3685 Acten
888 3639 1001 3696 solamque
1028 3639 1152 3697 relinquas,
1177 3637 1207 3682 Id
1233 3650 1320 3696 quoque

212 3695 376 3759 Philosophia
388 3698 516 3761 Epicureae
526 3699 658 3746 dissonum.
685 3699 748 3755 Ani-
781 3704 840 3748 enim
856 3704 905 3748 rinc
918 3703 1021 3760 pernicie
1038 3715 1088 3747 uon
1104 3699 1148 3748 fiet
1163 3715 1246 3748 eorum.
1275 3697 1320 3746 Ait

211 3776 300 3810 musv.
313 3759 368 3811 274.
385 3761 426 3822 qui
444 3777 556 3822 magnam
575 3771 669 3826 partem
690 3778 747 3810 cou-
782 3763 981 3812 Poitaacienon
993 3764 1049 3812 lasa
1062 3763 1140 3812 visum
1152 3778 1319 3822 manerenou

212 3834 261 3875 stat
272 3840 304 3872 ex
315 3835 401 3886 quarto
411 3825 455 3872 illo
469 3826 572 3888 Epicuri
589 3825 749 3884 innominata,
782 3828 897 3878 tamensi
914 3827 1018 3876 Oculum
1034 3828 1070 3876 ita
1086 3829 1248 3891 undecunque
1265 3842 1319 3876 cor-

211 3889 276 3954 quod
297 3889 376 3937 solum
395 3889 517 3938 sentiendi
538 3889 677 3938 facultatem
699 3890 748 3937 lar-
781 3907 890 3956 rumpas,
899 3901 924 3941 et
932 3891 1099 3951 circumcidas,
1107 3902 1136 3942 ut
1144 3902 1233 3956 praeter
1241 3891 1319 3941 aciem

212 3954 285 4020 gitur,
295 3953 330 4001 ita
341 3953 450 4001 Animali
462 3953 626 4016 conjungitur,
637 3963 665 4001 ut
682 3955 749 4003 nullu
781 3956 1170 4021 rsupupillamuihilrelinquas.
1200 3959 1262 4007 Hac
1273 3957 1318 4005 Gi-

212 4035 252 4070 res
269 4017 346 4082 magis
364 4017 449 4075 subsit,
468 4017 518 4088 imo
535 4027 573 4066 est
593 4018 668 4066 totius
685 4019 749 4067 Ani-
780 4020 869 4080 1111111111,
881 4020 921 4070 cui
932 4036 1005 4070 nemo
1016 4023 1100 4070 credet
1110 4023 1154 4086 qui
1165 4038 1262 4072 versum
1279 4037 1318 4070 re·

212 4083 290 4142 malis,
303 4092 327 4131 et
342 4081 420 4147 ipsius
435 4082 533 4130 Anime
549 4082 748 4139 fundamentum
781 4095 897 4148 quantem
908 4085 974 4149 legit,
987 4090 1021 4134 At
1036 4090 1058 4135 η’
1074 4090 1165 4136 tantulo
1178 4089 1319 4149 peramisit,

212 4151 348 4198 substracto
356 4157 438 4196 autem
446 4147 606 4196 fundamento
614 4155 665 4194 tota
672 4148 750 4198 moles
780 4159 807 4198 et
814 4149 1021 4216 comparationem
1033 4151 1169 4200 accuratius
1179 4150 1318 4216 perpendit.

214 4222 311 4262 corruat
323 4227 424 4262 necne
441 4220 485 4260 est
514 4211 631 4260 Animum
649 4220 675 4260 et
686 4212 748 4260 Ani·
814 4215 869 4266 417.
891 4214 980 4278 Vincit]
993 4216 1100 4271 Quidam
1110 4217 1180 4264 codd.
1186 4217 1274 4279 juncti
1311 4253 1313 4258 .

214 4293 278 4327 mam
288 4277 366 4326 Oculo
374 4286 440 4326 recte
448 4291 583 4342 compares,
592 4275 634 4324 ubi
644 4275 749 4324 Animus
814 4280 870 4326 418.
888 4282 957 4328 Nunc
973 4297 1024 4343 age,
1036 4285 1132 4338 1111111111,
1145 4281 1202 4344 ete]
1216 4280 1321 4330 Animas
