2872 4852
220 232 262 295 70
601 222 644 290 T.
676 218 949 289 LUCRETII

305 384 380 448 Nec
396 381 578 466 singillatim
595 377 790 465 corpuscula
806 399 946 462 quaeque
961 377 1117 462 Vaporis,

306 486 373 550 Sed
389 482 558 568 complexa
572 493 681 547 meant
695 484 780 546 inter
796 504 842 557 se,
858 502 985 564 conque
1000 478 1151 563 globata:

306 590 518 672 Quapropter
535 585 629 649 simul
641 586 726 649 inter
742 606 777 648 se
792 582 1017 659 retrahuntur,
1033 592 1067 646 et
1080 593 1175 646 extra

243 703 289 749 155
308 690 517 765 Officiuntur,
534 690 582 752 uti
597 697 756 772 cogantur
771 686 897 750 tardius
912 685 970 748 ire.

306 791 364 869 At,
382 813 454 875 quae
470 800 546 854 sunt
562 789 665 854 solida
679 789 863 853 Primordia
878 786 1094 871 simplicitate,

307 893 390 958 Cum
405 914 465 976 per
480 891 581 955 Inane
596 893 704 954 meant
718 889 880 966 Vacuum,
897 910 957 953 nec
973 910 1026 953 res
1042 899 1224 953 remoratur

306 994 383 1058 Ulla
398 994 488 1070 foris,
505 1003 603 1077 atque
616 993 690 1076 ipsa
704 992 771 1056 suis
787 1014 805 1056 e
821 992 969 1075 partibus
984 1013 1096 1068 unum,

307 1096 418 1160 Unum
432 1096 466 1159 in
480 1117 577 1178 quem
592 1117 722 1178 coepere
737 1093 845 1159 locum
859 1094 998 1158 connixa
1011 1092 1179 1171 feruntur3

243 1209 289 1256 160
307 1198 443 1262 Debent
458 1197 606 1260 nimirum
620 1195 806 1280 praecellere
823 1194 1020 1272 Mobilitate,

306 1300 353 1363 Et
368 1299 469 1364 multo
484 1300 578 1363 citius
594 1298 683 1376 ferri,
700 1320 796 1383 quam
810 1297 931 1361 lumina
946 1295 1049 1360 Solis:

305 1400 548 1486 Multiplexque
563 1400 626 1465 loci
642 1401 782 1484 spatium
796 1411 1018 1465 transcurrere
1034 1399 1157 1463 eodem*

306 1503 481 1588 Tempore,
499 1526 564 1587 quo
578 1503 663 1566 Solis
678 1501 870 1587 pervolgant
884 1500 1014 1586 fulgura
1028 1500 1164 1566 coelum:

305 1605 392 1670 Nam
408 1628 513 1689 neque
529 1602 661 1669 consilio
676 1604 799 1668 debent
813 1603 942 1667 tardata
956 1604 1086 1680 morari,

243 1719 288 1769 165
307 1707 381 1772 Nec
395 1709 594 1792 perscrutari
609 1705 793 1770 Primordia
808 1704 935 1789 singula
949 1727 1100 1789 quaeque,

307 1811 356 1874 Ut
372 1810 512 1885 videant,
528 1831 593 1892 qua
607 1808 751 1892 quidque
767 1818 901 1892 geratur
915 1830 989 1872 cum
1004 1809 1140 1871 ratione.

350 1909 398 1975 At
413 1911 544 1994 quidam
559 1921 672 1975 contra
685 1910 769 1988 haec,
785 1910 924 1988 leuant,
941 1909 1095 1974 Materiai'

255 2106 308 2152 154.
326 2107 400 2153 Simrd
409 2109 470 2154 iuter
485 2123 509 2154 se
526 2105 688 2168 retruduntur]
708 2107 758 2154 Re·
827 2104 880 2156 167.
892 2107 926 2153 Ar
935 2106 1120 2167 quidamceutru,
1130 2100 1185 2165 eta]
1196 2100 1333 2150 Providen-

220 2168 380 2218 clamantibus
400 2170 512 2219 omnibus
530 2171 606 2229 libris,
624 2170 759 2219 Lambinus
792 2169 832 2217 tiae
843 2169 1063 2232 impotentissimus
1071 2167 1227 2232 impugnator
1238 2166 1333 2215 Lucre-

220 2233 282 2297 legit
293 2237 435 2282 tardantur:
454 2235 533 2283 Faber
548 2234 624 2284 libros
641 2235 758 2297 sequitur,
792 2234 841 2283 tius
852 2243 984 2282 scommata
996 2233 1113 2295 quedam,
1131 2249 1153 2281 v.
1174 2232 1210 2279 ld.
1228 2229 1334 2278 effundit

220 2309 245 2347 et
257 2298 331 2357 addit,
344 2315 468 2362 nunquam
479 2300 566 2348 melius
578 2300 708 2349 Lucretius
722 2299 758 2346 lo·
792 2308 876 2347 contra
885 2313 926 2346 eos
936 2297 977 2360 qui
986 2296 1113 2346 materiam
1122 2296 1226 2345 inertem
1238 2295 1332 2353 dicum,

139 2387 140 2391 ¹
221 2373 292 2412 cutus
305 2373 354 2412 est:
381 2363 430 2420 Qui
447 2363 473 2412 in
490 2374 594 2429 angusto
610 2365 686 2423 aditu,
703 2380 759 2412 cum
793 2371 819 2411 et
829 2362 965 2411 nonvisua
974 2371 1016 2410 aut
1024 2361 1169 2410 necessitate
1178 2370 1280 2418 naturae,
1290 2359 1336 2408 sed

222 2444 311 2492 magna
317 2430 445 2478 bominum
452 2428 583 2478 multitudo
592 2439 635 2487 111,
645 2428 759 2478 συνωθίσ-
793 2436 876 2476 mente
884 2427 968 2475 divina
976 2434 1068 2475 motam
1077 2441 1130 2475 esse
1142 2434 1167 2474 et
1175 2424 1334 2488 dispositamr

222 2497 307 2551 θησαν,
329 2493 365 2541 1111
385 2495 454 2542 facile
474 2495 557 2543 vident
577 2495 671 2542 nullum
691 2493 760 2542 dubi·
793 2492 879 2540 rudem
893 2491 981 2539 deinde
994 2491 1122 2540 materiam
1140 2491 1193 2539 sine
1212 2489 1262 2538 ulla
1280 2498 1334 2538 arte

222 2557 476 2606 tandilocumfuisse.
511 2559 573 2606 Haec
584 2558 633 2616 ille,
650 2558 693 2606 sed
709 2573 762 2605 rem
794 2565 836 2606 aut
844 2556 946 2604 consilio
955 2557 1020 2604 bunc
1028 2556 1147 2604 mundum
1157 2570 1229 2619 posse
1240 2553 1334 2602 consti·

220 2621 299 2685 ipsam
312 2638 361 2669 non
373 2623 469 2685 attigit:
488 2623 581 2671 semina
593 2639 647 2685 quae
658 2637 761 2685 corpora
793 2631 869 2679 tuere,
879 2636 955 2683 eaque
964 2621 1082 2685 perficere
1091 2635 1173 2685 opera,
1182 2635 1236 2682 quse
1245 2618 1334 2682 vulgus

220 2701 283 2744 rara,
295 2686 376 2747 qualia
387 2696 445 2734 sunt
452 2687 515 2735 radii
525 2686 589 2744 solis,
600 2685 759 2743 constituunt,
792 2686 919 2733 bominum
935 2685 1025 2733 rationi
1042 2695 1067 2733 et
1082 2683 1244 2748 providentiae
1262 2683 1334 2731 attri-

221 2750 270 2798 cita
282 2749 396 2808 dissilire,
409 2759 434 2799 et
444 2750 515 2813 longe
532 2766 657 2798 recursare
674 2749 761 2799 asserit
793 2750 853 2808 buit,
865 2750 1016 2814 voluptatem
1026 2765 1079 2799 esse
1089 2749 1175 2798 ducem
1185 2747 1333 2798 11111111οω1-

223 2813 366 2862 Lucretius:
399 2815 488 2862 horum
509 2830 567 2863 vero
588 2814 761 2863 dissilientium
793 2815 1111 2872 1111111,1111111111111101111111
1128 2813 1182 2878 regi
1199 2822 1225 2862 et
1241 2813 1334 2877 guber-

221 2878 341 2940 longeque
352 2878 530 2926 recursantium
542 2894 695 2927 communem
707 2895 759 2926 mo·
792 2879 853 2936 nari,
863 2894 909 2927 nec
918 2879 1044 2927 bominum
1051 2894 1124 2927 causa
1130 2877 1249 2927 mundum
1257 2877 1333 2935 bunc,

221 2952 274 2990 tum
292 2942 422 2990 tardiorem
440 2943 491 2990 fore
511 2943 565 3006 quis
580 2959 629 2992 non
647 2943 759 3008 percipit,
793 2953 835 2991 ant
845 2943 941 3006 quidvis
952 2943 1019 2992 aliud
1028 2960 1043 2992 a
1052 2945 1107 2993 Deo
1119 2943 1172 2991 fieri
1181 2942 1297 2991 audacter
1307 2951 1334 2991 et

220 3006 324 3067 ideoque
336 3007 429 3054 semina
440 3007 505 3055 inter
516 3023 542 3056 se
553 3012 663 3056 retrudi?
792 3008 868 3072 impie
888 3009 1005 3056 affirmat:
1032 3008 1137 3071 denique
1160 3006 1283 3072 promittit
1305 3022 1333 3055 11

256 3072 309 3121 157.
333 3074 380 3119 Res
398 3071 538 3134 remoratur]
562 3075 667 3121 Crescere
684 3089 759 3130 ruore,
793 3073 852 3120 olim
864 3081 1017 3121 ostensurum
1030 3088 1172 3137 compagem
1184 3071 1269 3120 mundi
1281 3079 1333 3119 tam

223 3136 262 3184 B.:
278 3134 373 3194 vitiose,
386 3145 413 3184 ut
425 3147 450 3185 11
461 3153 484 3185 se
497 3145 628 3186 remoretur.
791 3137 908 3201 ineptam,
919 3137 1099 3196 inconcinnam,
1110 3146 1136 3185 et
1145 3131 1258 3185 v'itiosam
1269 3151 1333 3194 esse,

256 3203 309 3249 158.
332 3204 409 3264 Atque
429 3199 492 3263 ipsa]
517 3205 578 3253 Qur'u
600 3205 658 3263 ipsa,
680 3202 759 3250 Faber
791 3210 819 3250 ut
831 3202 914 3251 divina
926 3201 1046 3266 sapientia
1058 3203 1090 3250 sit
1106 3217 1206 3266 prorsus
1221 3199 1332 3263 indigna.

221 3265 288 3330 legit,
301 3275 326 3315 et
336 3266 363 3314 in
380 3267 492 3329 sequenti
504 3281 576 3315 versu
586 3266 698 3329 serantur
714 3281 759 3330 pro
791 3267 858 3322 Quid
869 3267 954 3315 fecerit
968 3267 1008 3315 bic
1024 3267 1158 3330 promissor
1176 3273 1244 3314 tanto
1262 3264 1333 3314 biatu

213 3329 344 3392 seruntur:
367 3331 398 3380 de
415 3333 460 3380 bac
477 3331 653 3390 emendatione,
671 3331 758 3393 inquit,
791 3329 1333 3395 dignumlib.V.videbimus,interimquanto

216 3396 329 3456 judicent
348 3397 427 3453 doctir
452 3407 477 3445 et
495 3405 561 3445 certe
579 3397 645 3445 docti
660 3397 756 3458 judica·
791 3397 925 3461 sapientior
947 3397 988 3445 ille
1011 3396 1053 3459 qui
1075 3399 1143 3445 coelos
1163 3398 1209 3444 Der'
1232 3397 1332 3458 glorior»

220 3460 282 3507 bunt
292 3460 334 3507 illa
346 3462 515 3510 emendatione
527 3477 589 3527 opus
600 3478 650 3510 non
660 3477 720 3510 1111.
790 3479 900 3510 enarrare
918 3461 994 3510 dixit!
1019 3463 1133 3510 Ancum
1151 3454 1332 3508 machinatione

255 3525 308 3571 159.
328 3525 442 3589 Gouutra]
454 3527 546 3582 Recte3
565 3537 590 3575 et
598 3527 688 3575 frustra
705 3543 757 3575 cou-
791 3527 896 3589 quadam
923 3525 1017 3575 moveri
1045 3525 1136 3588 aliquid
1158 3525 1278 3581 videmus,
1304 3530 1333 3572 ut

219 3603 278 3634 neec
289 3587 384 3651 legitur.
791 3592 919 3655 spbaeram,
938 3600 966 3638 ut
983 3591 1063 3648 horas,
1087 3601 1115 3639 ut
1137 3588 1185 3637 alia
1201 3587 1332 3653 permulta,

255 3652 308 3698 162.
326 3652 505 3717 Multiplexque]
529 3655 607 3716 Legat
628 3653 670 3717 qui
691 3654 757 3713 velit,
791 3671 841 3703 non
853 3655 992 3704 dubitamus
1003 3655 1063 3717 quin
1072 3654 1115 3702 illa
1126 3669 1200 3718 opera
1208 3653 1260 3702 sint
1269 3652 1331 3702 rsti-

219 3716 410 3777 Multiplicisque.
792 3719 852 3777 onis,
865 3734 921 3766 cum
933 3727 1015 3766 autem
1026 3719 1146 3783 impetum
1157 3718 1213 3767 coeli
1224 3716 1331 3766 admira·

254 3778 307 3826 164.
325 3782 388 3827 Nam
404 3798 474 3842 neque
490 3785 590 3840 consilio,
607 3781 663 3844 eta]
684 3783 758 3830 Hunc
791 3783 901 3831 bilicum
913 3782 1037 3831 celeritate
1051 3783 1144 3832 moveri
1161 3782 1273 3844 vertique
1292 3781 1331 3830 vi·

219 3858 317 3891 versum
328 3843 426 3906 quidam
438 3845 507 3892 codd.
520 3861 569 3893 non
579 3855 721 3908 agnoscunt,
735 3855 759 3894 et
792 3848 900 3904 deamus,
931 3847 1126 3896 constantissime
1159 3847 1334 3896 conficientem

219 3907 367 3970 insequenti
379 3923 451 3957 versu
467 3924 513 3972 pro
528 3914 672 3970 perscrutari
689 3910 759 3958 exhi·
792 3911 973 3961 vicissitudines
983 3913 1162 3961 anniversarias
1172 3928 1228 3961 cum
1236 3926 1334 3961 summa

218 3974 417 4034 bentpersectarr'.
435 3973 484 4028 Qui
491 3973 588 4031 retinet,
598 3974 671 4022 Fabri
680 3974 758 4038 expli·
792 3977 870 4024 salute
882 3985 907 4024 et
917 3977 1102 4027 conservatione
1113 3993 1197 4025 rerum
1213 3975 1333 4032 omnium,

218 4036 313 4085 catione
320 4037 426 4085 fruatur:
438 4038 589 4100 nequeenim
597 4038 759 4100 dixeritquis-
792 4041 931 4090 dubitamus
949 4042 1008 4103 quin
1026 4058 1054 4090 ea
1072 4057 1122 4089 non
1139 4042 1218 4090 solum
1236 4040 1333 4090 ratione

217 4101 291 4165 piam,
304 4101 425 4166 principia
437 4102 495 4150 dum
508 4101 572 4150 inter
583 4118 610 4150 se
623 4102 761 4150 deliberent
792 4105 862 4163 fiunt,
874 4105 917 4154 sed
934 4105 1008 4155 etiam
1024 4106 1155 4155 excellenti
1171 4105 1275 4168 quadam
1293 4105 1332 4154 di·

218 4182 272 4229 quae
283 4166 369 4230 prima,
382 4182 436 4229 quae
447 4167 554 4215 secunda
571 4167 687 4224 ferantur,
704 4182 757 4215 ces·
791 4170 896 4234 unaque
907 4169 1020 4220 ratione?
1038 4171 1135 4220 Tullius
1143 4170 1174 4219 de
1186 4171 1245 4220 Nat.
1255 4171 1332 4220 Deor.

219 4234 292 4290 stsse,
306 4231 412 4280 morari:
430 4231 472 4294 qui
483 4231 570 4295 rejicit,
583 4247 612 4280 eo
623 4232 694 4280 modo
711 4247 759 4293 quo
792 4235 807 4282 1.
823 4235 858 4282 ΙΙ.

219 4306 309 4360 potest,
322 4295 434 4360 explicet.
