2872 4852
213 236 255 300 78
594 225 636 290 T.
670 220 939 294 LUCRETII

339 386 414 451 Nec
430 385 550 468 stipata
564 382 666 465 magis
683 378 744 443 fuit
756 400 900 461 unquam
915 376 1070 442 Materiai

225 503 273 551 295
291 489 407 573 Copia,
423 509 484 552 nec
500 507 599 570 porro
614 483 791 567 majoribus
808 478 983 545 intervallis
998 505 1006 556 3

299 590 388 655 Nam
403 611 510 672 neque
525 586 715 670 adaugescit
730 584 913 669 quicquam,
930 602 1037 664 neque
1053 581 1182 664 deperit
1196 579 1285 645 inde.

301 693 514 776 Quapropter
528 712 594 773 quo
609 709 694 751 nunc
710 688 743 750 in
756 695 846 749 motu
862 683 1099 767 Principiorum

303 794 453 877 Corpora
468 801 555 867 sunt,
570 791 604 853 in
619 789 733 853 eodem
749 797 898 852 anteacta
913 796 1009 850 aetate
1025 785 1128 862 fuere,

301 895 349 959 Et
364 893 505 979 posthac
521 913 648 976 semper
664 889 757 954 simili
771 892 896 954 ratione
912 889 1080 965 ferentur3

237 1010 284 1057 300
303 996 351 1061 Et
366 1019 440 1080 quae
455 1004 653 1059 consuerunt
667 994 767 1077 gigni,
785 994 959 1077 gignentur
973 991 1088 1055 eadem

301 1098 517 1174 Conditione3
541 1106 574 1160 et
589 1107 695 1172 erunt,
713 1105 746 1160 et
762 1104 921 1168 crescent,
937 1095 1035 1175 inque
1051 1090 1216 1167 valebunt,

302 1199 470 1272 Quantum
485 1198 601 1281 cuique
617 1198 729 1262 datum
744 1198 784 1262 ’st
799 1219 858 1281 per
873 1196 999 1260 foedera
1014 1194 1168 1270 Naturai,

301 1301 376 1365 Nec
391 1323 500 1365 rerum
516 1299 679 1363 Summam
695 1309 891 1364 commutare
906 1297 972 1360 ulla
987 1306 1097 1381 potest
1111 1295 1169 1358 vis.

301 1403 390 1467 Nam
404 1425 511 1487 neque
526 1425 592 1486 quo
607 1403 711 1487 possit
726 1424 829 1485 genus
844 1399 945 1464 ullum
960 1398 1115 1462 Materiai

239 1518 286 1565 305
305 1505 464 1589 Effirgere
480 1527 522 1568 ex
538 1504 648 1580 Omni,
665 1505 838 1588 quicquam
852 1503 902 1578 ’st,
920 1522 1026 1584 neque
1042 1521 1155 1563 rursus
1170 1499 1203 1561 in
1218 1498 1329 1564 Omne

214 1611 216 1615 ’
307 1608 403 1672 Unde
419 1616 530 1670 coorta
545 1615 644 1688 queat
659 1627 743 1671 nova
757 1607 804 1669 vis
819 1605 1010 1687 irrumpere,
1026 1612 1060 1666 et
1075 1601 1215 1665 Omnem

303 1708 466 1772 Naturam
482 1728 591 1769 rerum
605 1716 742 1783 mutare,
759 1715 792 1769 et
807 1715 934 1770 vertere
950 1714 1067 1768 motus.

348 1810 433 1874 Illud
448 1811 482 1873 in
496 1808 547 1871 his
563 1809 662 1871 rebus
678 1831 744 1872 non
759 1818 810 1873 est
824 1806 981 1884 mirabile,
999 1827 1100 1890 quare

305 1911 425 1976 Omnia
440 1932 513 1974 cum
528 1931 636 1973 rerum
651 1908 835 1974 Primordia
851 1909 962 1972 sintin
976 1918 1078 1984 motu,

241 2027 288 2073 310
307 2013 433 2076 Summa
448 2022 556 2075 tamen
573 2033 695 2074 summa
709 2012 858 2075 videatur
875 2021 961 2074 stare
977 2010 1098 2093 quiete,

307 2115 532 2197 Praeterquam
549 2114 575 2176 si
591 2114 670 2197 quid
685 2115 818 2198 proprio
833 2115 891 2177 dat
906 2135 1043 2197 corpore
1058 2120 1176 2175 motus

307 2216 422 2281 Omnis
438 2216 522 2279 enim
536 2213 633 2298 longe
649 2217 768 2279 nostris
784 2217 826 2280 ab
842 2216 990 2280 sensibus
1005 2213 1090 2277 infra

306 2317 499 2382 Parnoaun
514 2326 630 2380 natura
637 2316 745 2400 jacet3
769 2326 970 2401 quapropter
984 2317 1042 2379 ubi
1057 2315 1111 2378 illa

224 2442 226 2447 ·
306 2418 447 2482 Cernere
459 2418 527 2502 jam
542 2439 696 2501 nequeas,
712 2428 819 2482 motus
835 2439 964 2502 quoque
981 2438 1116 2501 surpere
1133 2417 1275 2481 debent:

242 2533 289 2580 315
311 2521 498 2585 Praesertim
512 2542 596 2596 cum,
613 2542 688 2602 quae
703 2520 865 2604 possimus
882 2540 1026 2592 cernere,
1042 2517 1147 2582 celent

307 2624 404 2707 Saepe
418 2633 526 2686 tamen
540 2632 647 2685 motus
663 2623 768 2706 spatio
784 2622 918 2685 diducta
932 2621 1086 2686 locorum.
1163 2671 1165 2675 ,

307 2723 396 2787 Nam
411 2745 498 2807 saepe
513 2723 547 2786 in
562 2721 635 2787 colli
651 2723 824 2787 tondentes
840 2721 961 2806 pabula
974 2721 1050 2786 laeta

308 2823 480 2906 Lanigerae
495 2833 626 2907 reptant
642 2823 804 2901 Pecudes,
820 2846 886 2907 quo
902 2845 1063 2908 quamque
1081 2831 1233 2887 vocantes

255 3066 309 3114 294.
328 3067 379 3114 Nee
389 3068 477 3127 stipata
488 3069 568 3130 magis,
585 3065 642 3129 cto]
661 3064 760 3114 Semina
793 3066 934 3115 Lucretium
946 3066 1027 3115 forsan
1039 3066 1127 3129 aliquis
1142 3064 1247 3127 oinciat,
1264 3063 1335 3128 ipsos

221 3130 310 3178 mutari
322 3146 372 3178 non
381 3147 453 3194 posse
462 3131 519 3178 olim
530 3131 612 3179 docuit
621 3131 759 3189 Lucretius,
792 3148 878 3180 seusus
890 3132 952 3180 hanc
963 3132 993 3180 de
1002 3142 1121 3195 perpetuo
1132 3129 1253 3179 seminum
1263 3137 1334 3177 motu

218 3195 481 3256 Jam,v.14.asserit.
519 3195 666 3244 Universam
681 3207 758 3244 mate·
792 3196 933 3260 opinionem
951 3206 1068 3253 evertere,
1092 3210 1149 3243 nam
1169 3193 1190 3242 si
1209 3192 1335 3242 Universa

221 3260 283 3309 riam
298 3276 344 3309 nec
360 3260 494 3309 minoribus
514 3275 629 3322 unquam,
647 3275 692 3308 nec
712 3275 758 3308 un·
792 3260 895 3309 materia
906 3261 1046 3324 agitaretur,
1057 3261 1122 3308 unde
1138 3274 1220 3307 rerum
1236 3273 1336 3306 summa
1422 3282 1427 3291 ·

221 3341 294 3387 quam
309 3325 441 3387 majoribus
458 3325 593 3373 intervallis
612 3323 759 3382 distinctam,
793 3323 834 3436 qrb
844 3326 903 3386 πᾶν)
917 3334 965 3373 tarn
977 3325 1026 3372 alta
1042 3325 1123 3387 quiete
1140 3332 1279 3386 torpescere
1294 3323 1334 3370 vi·

222 3390 313 3453 quippe
325 3390 418 3438 nullum
430 3406 514 3439 semen
525 3390 596 3455 perit,
604 3388 639 3438 ita
645 3398 673 3438 ut
680 3389 761 3437 hiatus
810 3392 896 3437 eaturl
916 3390 1059 3453 Respondet
1070 3391 1149 3452 potita,
1160 3404 1183 3437 v.
1196 3390 1234 3436 25.
1247 3386 1335 3450 inepte

222 3453 386 3516 relinquater;
404 3454 498 3502 nullum
514 3471 604 3503 novum
620 3469 704 3502 semen
720 3453 758 3502 in-
793 3455 819 3502 id
830 3454 910 3516 objici,
922 3470 1022 3503 necesse
1034 3454 1099 3502 enim
1112 3463 1149 3501 est
1160 3461 1188 3500 ut
1199 3460 1279 3499 motus
1292 3466 1334 3500 se-

222 3516 366 3574 troducitur‚
376 3519 441 3566 uude
453 3519 555 3583 spissius
566 3521 637 3567 fieret
653 3519 759 3567 Univer-
793 3518 887 3581 minum
910 3520 943 3568 sit
964 3517 1173 3582 imperceptibilis,
1195 3532 1251 3564 cum
1278 3515 1336 3579 ipsa

223 3594 292 3627 sum:
309 3581 397 3630 deinde
408 3591 489 3630 motus
505 3584 626 3632 seminum
644 3599 697 3632 esse
712 3583 759 3631 im·
793 3584 886 3631 semina
896 3583 973 3631 aciem
983 3582 1108 3631 oculorum
1117 3582 1225 3645 fugiant:
1243 3579 1335 3628 deiude

222 3644 359 3701 mutabiles,
372 3646 468 3693 eosdem
481 3646 539 3694 olim
550 3646 632 3704 fuisse,
642 3646 684 3709 qui
695 3662 761 3694 nuno
793 3648 926 3710 subjungit,
937 3663 1019 3695 rerum
1032 3647 1105 3695 etiam
1116 3645 1268 3695 sensibilium
1279 3658 1335 3693 mo-

222 3715 287 3764 sum,
307 3716 332 3754 et
350 3708 448 3756 eosdem
468 3709 494 3757 in
513 3720 631 3759 aeternum
650 3711 760 3765 futuros3
794 3720 833 3758 tus
846 3711 927 3759 oculos
939 3719 1034 3759 nostros
1046 3727 1059 3759 e
1070 3711 1204 3774 longinquo
1219 3717 1336 3772 spectan-

222 3769 325 3832 ideoque
335 3772 417 3832 quales
427 3787 467 3819 res
479 3773 537 3821 olim
548 3775 672 3836 productas
684 3783 761 3830 erant,
795 3783 831 3821 tes
857 3790 907 3822 non
934 3790 990 3822 raro
1018 3775 1102 3832 latere,
1126 3775 1191 3838 quod
1213 3773 1337 3837 exemplis

222 3835 284 3882 tales
295 3835 384 3883 iterum
395 3836 497 3898 produci
507 3853 592 3900 posse:
611 3837 701 3901 quippe
717 3838 760 3885 ubi
793 3838 876 3886 ovium
886 3854 931 3902 per
942 3854 1012 3901 agros
1021 3840 1178 3903 reptantium,
1190 3847 1215 3887 et
1226 3837 1336 3887 militum

223 3899 308 3946 eadem
320 3899 420 3956 semina,
432 3899 496 3947 idern
509 3916 605 3963 semper
617 3901 723 3959 Pondus,
736 3909 761 3949 et
792 3917 838 3966 per
849 3917 947 3966 campos
959 3903 1147 3952 discurrentium
1159 3904 1273 3951 illustrat
1393 3907 1395 3910 ⁴

222 3964 265 4011 ubi
278 3964 346 4010 nulla
361 3963 399 4011 ris
419 3973 521 4011 externa
538 3964 660 4012 introduci
676 3965 760 4026 possit,
827 3968 882 4014 312.
904 3966 984 4029 Infra]
1002 3973 1065 4030 Ipsa,
1082 3969 1124 4016 alii
1145 3968 1270 4026 exhibent,
1290 3967 1337 4017 sed

222 4026 256 4075 ibi
279 4028 345 4075 idem
365 4036 453 4086 motus,
473 4028 515 4090 qui
535 4044 567 4076 ex
587 4028 629 4076 illo
650 4029 761 4077 Pondere
794 4030 928 4079 Lambinus
939 4032 1001 4079 nihil
1012 4043 1107 4081 mutare
1119 4048 1192 4081 ausus
1204 4040 1248 4081 est.

222 4091 328 4156 profluit,
341 4091 373 4140 sit
384 4107 482 4140 necesse
494 4101 538 4140 est
827 4097 882 4143 314.
900 4095 1010 4158 Surpere]
1027 4097 1163 4161 Surripore‚
1180 4096 1334 4145 subducere:

256 4157 310 4230 299.
328 4155 477 4218 Etpasthoc]
492 4159 549 4205 Post
565 4159 612 4214 boc,
630 4155 760 4213 trifarium
794 4158 921 4218 Horatius,
935 4160 980 4208 Od
996 4164 1032 4208 13.
1050 4161 1091 4209 lib.
1112 4162 1156 4210 IV.
1187 4165 1236 4213 Quo
1252 4169 1337 4220 motas,

224 4230 249 4269 et
260 4236 285 4267 rn
296 4220 406 4282 sequenti
417 4235 497 4278 versu,
512 4224 563 4273 Qua
574 4228 716 4268 consuerant.
793 4227 850 4285 quid
870 4227 939 4272 taber
960 4228 1031 4282 illias,
1053 4229 1124 4284 itlius,
1150 4229 1206 4277 Quo
1227 4229 1339 4287 sperabat

257 4287 312 4334 308.
331 4287 394 4334 laud
408 4288 484 4334 ira-hia
500 4287 575 4343 rebor,
591 4283 649 4346 ato]
669 4285 762 4334 Contra
793 4304 886 4347 amores,
902 4293 958 4342 Qua
969 4305 1003 4337 me
1015 4299 1144 4354 surpuerat
1155 4292 1230 4337 mibi?
