2872 4852
447 190 619 255 LIBER
649 189 926 264 QUARTUS.
1175 191 1240 254 219

220 349 322 422 Quod
335 356 452 412 natura
467 347 584 411 Cibum
599 347 716 431 quaerit
730 347 912 431 quoiusque
927 346 1114 424 animantis3

218 451 353 534 Quippe
368 450 487 513 etenim
501 449 615 526 fluere,
631 460 729 534 atque
744 450 899 514 recedere
914 471 1052 533 corpora
1066 450 1165 514 rebus

220 552 329 616 Multa
342 552 447 616 modis
463 551 569 616 multis
585 552 693 628 docui,
711 553 769 616 sed
784 551 922 636 plurima
937 553 1062 616 debent

154 667 202 714 860
222 655 276 718 Ex
290 653 480 719 animalibus
495 655 546 732 iis,
562 677 635 739 quae
652 664 728 718 sunt
743 656 887 720 exercita
901 663 1008 732 motu3

219 755 392 841 Multaque
408 778 468 840 per
483 757 635 821 sudorem
649 773 692 821 ex
707 756 772 821 alto
787 779 903 842 pressa
917 757 1077 834 feruntur,

219 857 328 922 Multa
344 880 403 942 per
418 881 455 923 os
471 858 676 936 exhalantur,
693 881 791 943 quom
804 859 959 944 languida
972 858 1142 924 anhelant:

219 959 282 1023 His
298 961 397 1044 igitur
412 961 510 1024 rebus
525 962 661 1026 rarescit
676 960 823 1044 Corpus3
847 970 881 1024 et
893 963 995 1025 omnis

220 1063 397 1126 subruitur
411 1073 538 1139 natura,
555 1061 648 1126 dolor
663 1085 760 1147 quam
775 1053 985 1147 consequitur
998 1086 1076 1127 rem.

155 1175 202 1223 865
219 1163 400 1248 Propterea
416 1165 544 1248 capitur
559 1165 673 1242 Cibus,
689 1174 726 1227 ut
742 1163 905 1229 suffirlciat
920 1176 1022 1243 artus,

220 1266 267 1331 Et
280 1277 406 1331 recreet
420 1267 515 1330 vireis
529 1266 724 1343 interdatus,
740 1275 838 1350 atque
853 1276 1018 1351 patentem

220 1368 286 1433 Per
301 1369 446 1432 membra
458 1390 496 1432 ac
510 1390 609 1433 venas
624 1378 662 1432 ut
676 1389 817 1431 amorem
833 1369 965 1432 obturet
979 1368 1109 1432 edendi.

262 1469 392 1533 Humor
406 1470 485 1533 item
499 1469 639 1533 discedit
654 1471 688 1532 in
703 1469 808 1533 omnia
823 1492 897 1554 quae
911 1469 983 1534 loca
997 1491 1125 1554 cunque

220 1571 366 1636 Poscunt
381 1571 573 1648 Humorem,
590 1570 833 1656 glomerataque
848 1570 949 1635 multa
962 1571 1092 1655 vaporis

155 1684 203 1736 870
221 1673 378 1759 Corpora,
394 1696 468 1758 quoe
484 1673 651 1738 stomacho
665 1674 816 1758 praebent
828 1673 977 1738 incendia
992 1683 1115 1750 nostro,

220 1775 384 1860 Dissupat
398 1777 574 1840 adveniens
590 1775 712 1860 liquor;
737 1798 775 1840 ac
790 1777 974 1860 restinguit,
990 1786 1027 1840 ut
1041 1776 1166 1860 ignem:

221 1878 328 1942 Urere
342 1899 384 1941 ne
399 1879 504 1962 possit
519 1875 607 1942 calor
621 1874 758 1961 amplius
774 1878 885 1941 aridus
901 1889 1002 1942 artus.

221 1978 275 2043 Sic
290 1979 389 2063 igitur
404 1979 463 2042 tibi
478 1974 595 2041 anhela
611 1978 680 2040 sitis
696 1978 737 2041 de
753 1999 889 2062 corpore
904 1989 1017 2043 nostro

219 2077 387 2156 Abluitur,
404 2080 450 2142 sic
464 2076 616 2161 expletur
627 2078 741 2161 jejuna
756 2080 887 2163 cupido.

154 2187 201 2239 875
259 2179 360 2242 Nunc
374 2178 432 2262 qui
445 2178 514 2255 fiat,
529 2179 578 2242 uti
593 2178 716 2242 Passus
731 2179 879 2263 proferre
895 2202 1062 2264 queamus,

220 2279 303 2344 Cum
317 2279 475 2358 volumus,
488 2281 641 2362 varieque
656 2279 768 2343 datum
783 2281 824 2344 sit
839 2282 983 2344 membra
997 2303 1145 2358 movere;

220 2381 268 2445 Et
283 2404 357 2465 quae
372 2402 424 2445 res
440 2391 565 2444 tantum
578 2379 643 2444 hoc
659 2381 765 2445 oneris
781 2382 976 2466 protrudere
992 2383 1096 2446 nostri

221 2483 377 2567 Corporis
390 2483 537 2559 insuerit,
554 2482 677 2546 dicam:
701 2493 738 2547 tu
752 2484 884 2567 percipe
899 2483 996 2547 dicta.
1085 2559 1089 2566 Ι

264 2584 350 2648 Dico
367 2582 486 2647 Animo
500 2593 613 2647 nostro
628 2583 767 2667 primum
784 2583 954 2649 simulacra
967 2585 1097 2649 meandi

157 2700 204 2747 880
222 2685 395 2762 Accidere,
409 2696 507 2770 atque
523 2684 678 2749 Animum
692 2685 835 2770 pulsare,
850 2697 887 2751 ut
903 2687 1042 2750 diximus
1057 2697 1149 2751 ante:

135 2882 188 2940 bus,
199 2891 293 2931 caeterae
309 2883 391 2931 minus
407 2882 552 2942 cohaereant,
568 2882 672 2946 ideoque
705 2883 828 2939 animum
845 2883 903 2932 inde
915 2884 968 2932 8818
983 2883 1087 2940 animus,
1101 2890 1126 2930 et
1141 2890 1169 2929 ut
1185 2896 1242 2945 per·

135 2953 213 2993 totum
236 2963 324 3011 corpus
346 2947 484 3010 languidius
508 2947 552 2996 fiat
573 2963 672 2996 necesse
705 2947 771 2996 ficiat
794 2948 858 3011 quod
878 2947 962 3006 voluit,
986 2947 1091 2996 animam
1114 2945 1161 2994 sibi
1183 2960 1242 2994 con-

136 3019 187 3058 8888
206 3020 233 3059 88
244 3011 296 3059 haec
306 3011 435 3060 intervalla
446 3011 594 3075 repleantur,
604 3012 672 3060 cibus
702 3013 812 3073 junctam
829 3022 854 3060 et
870 3028 914 3076 per
932 3021 1010 3060 totum
1026 3027 1115 3087 eorpus
1130 3009 1244 3058 (1111188888

136 3074 247 3133 sumitur,
259 3075 399 3140 pariterque
411 3085 497 3140 potus;
515 3077 573 3124 inde
584 3076 673 3125 iterum
707 3076 767 3138 (vid.
785 3077 826 3124 lib.
847 3077 883 3124 11.
896 3093 918 3124 v.
933 3076 1001 3138 260.)
1019 3085 1122 3131 exortam
1144 3084 1170 3124 et
1184 3075 1243 3123 inde

135 3154 224 3202 corpus
241 3141 269 3188 fit
286 3139 416 3204 integrum,
435 3149 460 3188 et
474 3140 540 3188 vires
558 3140 672 3188 refieiun·
706 3141 859 3204 protruditur
875 3149 926 3188 tota
942 3142 1032 3188 moles:
1054 3139 1169 3203 quoniam
1185 3153 1244 3186 vero

136 3211 189 3259 tur;
207 3213 280 3267 potus
289 3205 390 3268 insuper
398 3204 511 3268 reprimit
522 3204 627 3252 calorem
638 3204 672 3252 is·
706 3213 774 3252 tanto
785 3208 855 3252 oneri
869 3204 990 3252 movendo
1006 3204 1088 3252 anima
1104 3201 1186 3250 tenuis
1201 3201 1244 3249 illa

136 3275 189 3315 tum
201 3268 242 3330 qui
256 3271 408 3317 stomachum
425 3277 449 3317 et
460 3268 553 3317 viscera
570 3268 673 3316 nimium
706 3276 732 3315 et
748 3267 844 3316 subtilis
862 3268 999 3316 substantia
1016 3267 1095 3331 impar
1111 3265 1244 3324 videretur,

136 3339 247 3380 torreret.
707 3334 748 3378 aer
769 3341 885 3379 externus
905 3331 1016 3379 venitin
1037 3329 1180 3388 subsidium,
1202 3329 1244 3392 qui

170 3398 224 3444 859.
243 3400 289 3445 Sed
294 3395 408 3459 plurimo]
421 3396 507 3454 Faber,
514 3399 600 3457 pluria.
626 3396 650 3443 N
653 3395 673 3442 i·
707 3395 816 3458 corporis
825 3395 971 3442 rarescentis
984 3395 1052 3457 (narn
1064 3410 1166 3458 corpora
1176 3403 1245 3442 motu

136 3458 172 3507 hil
184 3470 275 3509 mutuo.
707 3458 814 3507 exercita
821 3459 959 3520 rarescunt)
969 3475 1042 3522 poros
1049 3472 1073 3507 et
1081 3467 1176 3506 meatus
1185 3459 1243 3507 sub·

170 3525 225 3572 866.
252 3528 328 3587 Atque
345 3532 469 3586 patentem,
486 3521 542 3585 888]
565 3523 626 3570 Haec
649 3531 675 3570 et
708 3539 777 3582 enus,
795 3538 856 3571 onus
873 3522 966 3586 pariter
982 3523 1104 3586 propellit,
1121 3532 1194 3584 atque
1210 3522 1247 3572 ita

137 3602 191 3651 quae
203 3599 337 3652 sequuntur
348 3587 533 3637 venustissima:
552 3587 594 3635 ubi
609 3587 675 3636 enim
707 3603 796 3651 corpus
806 3588 836 3635 ab
845 3587 927 3635 anima
936 3587 1002 3636 intus
1010 3587 1143 3645 laborante,
1154 3595 1180 3634 et
1189 3588 1245 3636 aire

137 3652 213 3701 fames
226 3653 316 3718 patulis
333 3652 383 3701 suis
400 3653 509 3700 faucibus
525 3652 604 3710 hians,
616 3668 674 3700 eon·
708 3662 810 3700 externo
822 3653 948 3710 subeunte,
961 3661 988 3700 ut
999 3651 1075 3710 navis,
1088 3651 1149 3700 velis
1164 3661 1189 3701 et
1204 3667 1244 3700 re·

138 3716 277 3767 venientius
288 3733 361 3781 quam
372 3717 398 3765 in
412 3716 541 3765 exsiccatis
556 3731 620 3780 pene
632 3733 673 3765 ve·
707 3717 762 3774 mis,
774 3725 938 3780 promovetur.
967 3717 1063 3765 Tenuia
1078 3717 1177 3780 quidem
1192 3716 1245 3765 1888

138 3780 177 3829 nis
189 3782 343 3846 hospitetur?
362 3781 456 3844 etquid
470 3781 675 3831 accommodatius
708 3791 766 3829 eunt
782 3781 952 3840 instrumenta,
964 3782 1007 3830 sed
1024 3791 1049 3830 et
1060 3791 1147 3830 ventus
1164 3780 1247 3830 tenuis

138 3845 187 3894 dici
198 3847 276 3911 possit
287 3862 360 3909 quam
371 3845 484 3894 anhelam
496 3845 562 3893 sitim
575 3845 605 3894 de
620 3862 673 3894 cor·
709 3846 751 3908 qui
768 3861 881 3909 magnam
900 3846 982 3894 navim
1001 3846 1138 3910 protrudit:
1159 3859 1246 3895 manus

138 3926 198 3974 pore
210 3921 293 3960 nostro
304 3911 386 3959 infuso
397 3911 499 3958 humore
511 3909 594 3958 abluit
709 3909 802 3968 debilis,
816 3921 841 3958 at
850 3910 932 3959 navim
944 3910 1008 3974 regit
1019 3919 1044 3958 et
1054 3910 1247 3974 gubernaculum

172 3974 227 4026 tto.
245 3979 314 4024 Nune
325 3975 423 4037 quistet,
434 3978 476 4033 uti,
489 3973 545 4036 eta]
559 3974 597 4022 De
608 3983 677 4023 motu
709 3984 867 4037 contorquet3
884 3984 908 4032 et
916 3975 1035 4023 machine
1044 3976 1153 4038 quedam
1162 3973 1187 4023 vi
1197 3988 1248 4022 non

139 4039 277 4088 voluntario
297 4039 446 4099 animalium,
465 4054 488 4086 v.
511 4041 549 4086 30.
570 4039 677 4087 breviter
709 4055 797 4102 magna
814 4039 919 4104 agitata,
931 4039 1051 4088 immensa
1067 4039 1176 4104 pondera
1192 4051 1246 4085 sus·

139 4103 248 4166 inquirit,
266 4114 291 4152 et
307 4104 352 4152 hoc
369 4104 442 4152 modo
459 4103 577 4167 explicat:
602 4102 677 4152 simu·
711 4103 806 4152 tollunt.

138 4168 223 4217 lachra
245 4169 355 4231 quaedam
378 4167 465 4230 quibus
485 4168 597 4216 voluntas
625 4183 676 4215 mo·
744 4167 798 4218 876.
820 4167 945 4230 Varioque]
957 4167 1048 4215 Melius
1060 4181 1131 4228 quam
1143 4179 1248 4227 carew,

140 4232 215 4280 vendi
226 4232 252 4280 in
264 4233 345 4281 animo
363 4231 464 4281 excitari
480 4241 568 4295 potest,
580 4232 679 4295 pulsant
711 4232 884 4294 quodquidam
897 4231 965 4280 codd.
979 4230 1101 4278 exhibent.
1180 4227 1184 4234 '
