2872 4852
413 213 585 281 arnan*
611 177 918 282 sucunuus.
1178 216 1222 280 aa

116 371 356 456 ,43500rporis
372 383 423 436 est
438 392 566 449 sensus,
582 370 634 437 vel
648 395 722 437 cum
736 394 790 439 res
806 373 934 437 Extera
948 395 1021 437 sese

198 474 358 551 Insinuat,
374 473 425 539 vel
440 497 513 540 cum
527 474 629 553 laedit,
645 498 720 559 quae
733 476 766 539 in
781 497 918 560 corpore
934 485 1011 539 nata
1026 475 1077 552 ’st,

196 575 268 641 Aut
278 577 373 661 juvat
387 578 560 662 egrediens
575 578 746 662 genitaleis
760 599 822 662 per
835 577 977 643 Veneris
993 600 1045 642 res
1058 605 1066 655 ;

197 678 269 748 Aut
284 702 326 744 ex
341 678 482 744 Offensu
499 702 571 744 cum
587 682 722 745 turbant
738 680 885 765 Corpore
900 682 934 744 in
949 682 1021 765 ipso

197 782 338 858 Semina,
355 781 624 866 confunduntque
639 783 723 847 inter
739 805 774 847 se
790 784 917 848 concita
933 805 1082 847 sensum:

133 895 181 941 440
196 883 246 948 Ut
261 884 288 946 si
302 882 387 947 forte
399 906 496 948 manu
511 885 656 969 quamvis
667 885 736 969 jam
751 884 908 968 Corporis
923 885 995 969 ipse

198 987 287 1050 Tute
303 988 363 1053 tibi
376 997 504 1071 partem
519 986 628 1064 ferias,
644 1010 738 1072 aeque
753 988 936 1071 experiare.

134 1147 137 1175 ,Ἴ
199 1089 413 1173 Quapropter
425 1089 522 1173 longe
539 1090 658 1154 formas
675 1091 797 1155 distare
813 1111 947 1154 necesse
963 1090 1013 1167 'st,

199 1190 383 1275 Principiis,
400 1193 505 1255 varios
520 1215 594 1275 quae
608 1193 736 1277 possint
750 1193 849 1257 edere
867 1214 992 1256 sensus.

243 1292 408 1376 Denique,
425 1315 499 1377 quae
513 1294 608 1356 nobis
625 1293 756 1357 Durata
771 1316 809 1358 ac
825 1294 940 1378 Spissa
952 1295 1115 1372 videntur,
1159 1340 1161 1343 ·
1198 1327 1200 1333 ⁴

135 1406 182 1452 44⁵
202 1394 287 1459 Haec
301 1395 403 1478 magis
417 1394 556 1458 hamatis
571 1395 656 1458 inter
668 1417 740 1458 sese
755 1417 828 1459 esse
844 1417 977 1460 necesse
993 1397 1045 1472 ἐι,

200 1496 248 1561 Et
262 1497 356 1581 quasi
370 1497 505 1560 ramosis
521 1496 585 1561 alte
600 1508 768 1581 compacta
783 1498 906 1560 teneri:

199 1600 240 1663 Iu
254 1622 320 1682 quo
330 1600 399 1684 jam
413 1621 534 1684 genere
548 1599 581 1662 in
597 1599 708 1684 primis
725 1598 944 1663 Adamantina
959 1621 1049 1676 saxa,

201 1703 310 1767 Prima
325 1703 393 1766 acie
408 1711 569 1778 constant,
586 1702 669 1764 ictus
686 1710 892 1765 contemnere
908 1711 1011 1777 sueta,

199 1805 246 1869 Et
262 1805 360 1869 validi
374 1804 555 1881 Silices,'ac
571 1803 646 1866 duri
661 1804 781 1867 robora
795 1801 900 1878 Ferri,

135 1921 183 1967 450
200 1908 360 1992 AEraque,
377 1931 450 1993 quae
467 1907 616 1971 claustris
631 1907 788 1970 restantia
803 1905 1032 1970 vociferantur.

242 2010 302 2075 Illa
316 2022 425 2076 autem
440 2011 562 2074 debent
576 2032 619 2072 ex
636 2006 788 2072 Laevibus
804 2018 903 2091 atque
919 2006 1086 2071 Rotundis

200 2113 286 2177 Esse
302 2115 416 2196 magis,
433 2111 534 2175 fluido
550 2133 624 2194 quae
638 2131 775 2193 corpore
793 2108 935 2193 Liquida
948 2119 1116 2174 constant:

199 2215 274 2280 Nec
290 2216 471 2278 retinentur
486 2215 570 2277 enim
585 2214 670 2276 inter
687 2233 721 2273 se
736 2210 966 2294 glomeramina
981 2234 1132 2295 quaeque,

201 2316 248 2380 Et
263 2338 440 2398 procursus
455 2316 532 2378 item
547 2315 580 2376 in
594 2312 736 2397 proclive
752 2310 901 2374 volubilis
917 2316 1019 2376 extat.

136 2431 183 2508 455
244 2418 363 2481 Omnia
378 2428 544 2505 postremo
559 2437 632 2506 quae
647 2424 770 2499 puncto
787 2423 932 2496 tempore
947 2414 1052 2478 cernis

147 2569 203 2615 435.
234 2566 353 2629 Corporis]
382 2566 428 2614 Vir
452 2567 541 2616 summi
566 2566 654 2629 judicii
687 2581 834 2631 componas:
864 2581 920 2616 nam
943 2566 1070 2631 particulae
1091 2567 1179 2615 lavore
1202 2574 1228 2614 et

117 2633 198 2696 Fayus
221 2632 346 2681 existimat
367 2648 456 2695 corpus
480 2632 526 2680 hoc
551 2632 578 2680 in
601 2631 654 2680 loco
688 2632 817 2680 orbiculari
837 2632 916 2696 figura
935 2632 1044 2696 preditae
1061 2631 1227 2680 dissociabiles

113 2698 181 2746 idem
204 2697 342 2761 significare
360 2713 388 2744 ac
406 2698 433 2744 in
452 2697 495 2745 lib.
515 2698 535 2744 Ι.
556 2712 579 2744 v.
599 2698 653 2744 305.
687 2707 752 2754 sunt,
770 2697 893 2755 emobilee,
911 2697 1026 2760 impulsui
1043 2696 1114 2745 facile
1127 2696 1225 2754 cedunt,

117 2765 221 2826 Tangere
232 2766 291 2810 enim
303 2770 326 2810 et
340 2766 413 2825 tangi,
426 2766 472 2810 nisi
483 2777 578 2826 corpus,
591 2764 655 2809 nulla
688 2771 713 2809 et
724 2761 751 2809 in
762 2761 869 2825 proclive
881 2762 992 2825 provolvi
1004 2771 1112 2826 possunt.

112 2835 189 2890 potest
199 2845 243 2876 res.
719 2827 774 2873 446.
787 2825 904 2889 Ramosie]
917 2829 964 2875 Per
975 2843 1057 2884 ramos,
1069 2826 1118 2874 alii.

148 2894 203 2940 439.
215 2890 417 2954 Confundantqrre]
427 2893 465 2938 De
472 2906 530 2938 voce
538 2890 585 2938 ista
592 2890 653 2939 nihil
686 2917 688 2921 .
719 2892 774 2938 450.
787 2895 898 2953 AEraqae,
910 2908 960 2953 que
976 2895 1085 2939 claustris
1097 2889 1224 2952 restantia]

116 2957 274 3020 interpretem
287 2956 652 3005 seminainterseconcitacon-
686 2955 726 3003 De
758 2955 864 3003 cardinis
894 2956 998 3004 stridore
1030 2955 1225 3018 intelligendum,

116 3022 221 3070 fundunt
243 3037 349 3078 sensum,
373 3022 430 3083 quia
458 3021 652 3076 tumultuantur3
687 3020 828 3079 Lambinus,
841 3021 965 3082 quialiter
976 3020 1104 3077 sentiebat,
1116 3020 1174 3068 alibi
1186 3035 1226 3068 er·

116 3087 164 3134 nisi
181 3086 235 3149 quis
252 3087 345 3135 mavult
361 3093 519 3149 compungant,
537 3097 565 3134 ut
583 3085 610 3132 in
630 3101 652 3134 v.
686 3094 731 3142 rat,
751 3091 793 3133 aut
804 3096 870 3133 certe
880 3085 915 3133 ibi
926 3084 1085 3148 indiligenter
1095 3085 1149 3132 fuir.
1178 3087 1225 3150 Re„-

116 3153 172 3200 420.
313 3163 315 3167 ·
686 3154 775 3197 stantia
786 3149 855 3212 quasi
866 3149 1027 3205 sustinentia;
1042 3150 1126 3197 Faber.

130 3256 131 3259 ,
149 3218 216 3264 443..
226 3215 315 3279 Edere]
328 3217 380 3264 Alii
396 3215 482 3278 legunt
498 3217 601 3271 reddere,
615 3213 653 3261 ni·
720 3216 775 3262 452.
789 3217 873 3262 Fluido
888 3232 945 3276 qaoe,
958 3212 1014 3276 etc]
1031 3215 1139 3268 Quidam
1156 3213 1226 3267 codd.

116 3280 152 3329 hil
164 3291 238 3338 muto,
248 3291 274 3329 at
285 3284 373 3339 ledere,
383 3280 448 3342 quod
457 3288 522 3327 amat
533 3278 654 3336 Gifanius,
688 3282 774 3340 liquido
785 3295 835 3340 qaoe
846 3295 937 3340 corpore
943 3281 1034 3338 fluvida
1045 3286 1165 3326 constant.

117 3345 185 3395 nullo
196 3346 269 3393 modo
280 3346 338 3393 ferri
348 3355 436 3408 potest.
720 3345 775 3389 453.
791 3342 970 3404 Glameramina]
982 3343 1060 3390 Faber
1069 3341 1111 3389 vix
1122 3341 1228 3404 ignoscit

150 3412 206 3457 444.
218 3412 330 3472 Denique,
343 3426 393 3471 pace
407 3412 477 3465 nolis,
490 3407 547 3470 etc]
562 3408 653 3454 Harte-
688 3406 787 3454 Gifanio
799 3407 916 3454 scribenti
928 3406 1069 3453 Lucretium
1078 3421 1165 3455 vocare
1174 3416 1226 3454 ato-

118 3490 165 3522 nus
176 3473 342 3521 diversitatem
354 3473 486 3536 figurarum
500 3472 613 3534 probavit
625 3487 656 3518 ex
688 3486 741 3518 mor
753 3469 900 3518 orbiculares
909 3473 1087 3532 glomerantem
1102 3486 1228 3533 nunquam

118 3538 332 3586 dirersismotibus
337 3553 397 3600 quos
404 3537 428 3584 in
437 3536 534 3599 organis
541 3551 656 3583 sensuum
689 3535 755 3582 enim
767 3535 897 3583 Lucretius
908 3545 1001 3583 atomos
1009 3535 1106 3584 vocavit
1113 3539 1227 3598 glomera-

119 3601 655 3666 objectaexcitanttjamaliaargumentacon·
689 3603 758 3656 mina,
781 3615 860 3663 neque
883 3600 943 3648 adeo
965 3599 1058 3663 potuit:
1087 3601 1131 3648 sed
1154 3601 1228 3649 Fabri

118 3669 188 3732 gerit,
198 3684 218 3717 v.
226 3670 264 3715 34.
274 3683 287 3715 e
298 3666 425 3714 Firmitate
438 3675 462 3713 et
472 3665 604 3713 Fluiditate
617 3680 655 3713 re·
689 3665 844 3712 clementiam
862 3680 910 3712 non
929 3665 1044 3728 implorat
1061 3664 1181 3723 Gifauius,
1203 3676 1229 3714 et

117 3734 257 3782 rumducta.
270 3732 388 3787 Quaedam
396 3730 559 3778 enimsemina
566 3731 658 3778 habent
688 3732 760 3794 poeta
771 3729 852 3793 potuit
860 3745 946 3778 vocare
955 3740 1047 3778 atomos
1055 3733 1227 3793 glomeramina,

117 3799 238 3856 hamulas,
260 3797 427 3853 uncinulosve,
450 3796 537 3858 quibus
562 3795 658 3859 possint
690 3794 785 3842 vocavit
794 3794 869 3842 euim.
894 3794 950 3842 Nisi
960 3794 1014 3856 quis
1025 3805 1124 3844 censeat
1134 3796 1228 3844 Lucre·

118 3880 172 3912 sese
184 3863 290 3911 invicem
302 3861 406 3918 irretire,
418 3860 551 3918 conarere,
564 3869 591 3907 et
601 3876 657 3923 spa·
688 3859 751 3907 tium
770 3861 800 3907 de
820 3859 905 3922 figuris
922 3859 1044 3907 seminum
1062 3859 1228 3923 disputantem

117 3928 184 3977 tiolis
206 3927 327 3984 inanibus,
351 3935 468 3989 quantum
492 3925 544 3972 fieri
568 3933 656 3988 potest,
689 3924 755 3972 aliud
767 3940 839 3986 quam
851 3924 945 3972 semina
956 3924 1094 3987 significare
1106 3925 1175 3973 velle.

119 3993 227 4049 seclusis,
248 3991 367 4055 impedire
388 3999 497 4038 mutuam
517 4005 571 4038 sese
590 3989 656 4038 evol·
722 3991 777 4037 455.
797 3992 879 4037 Omnia
894 3997 1014 4051 postrema,
1034 3988 1092 4052 eta]
1111 3990 1229 4044 Quaedam

119 4058 191 4106 vendi
215 4056 410 4117 dissociandique
433 4055 583 4109 libertatem
610 4054 658 4102 ista
690 4063 748 4102 sunt
764 4069 866 4118 corpora
883 4069 937 4116 quae
954 4053 1020 4102 inter
1037 4054 1125 4102 Fluida
1141 4068 1227 4101 nume·

120 4122 190 4170 firma
201 4110 309 4184 durabue
319 4135 420 4184 corpora
432 4119 591 4176 constituunt,
604 4117 657 4176 AEs,
690 4134 780 4176 remus,
794 4135 816 4167 v.
833 4120 855 4167 9.
873 4118 973 4176 Fumus,
991 4118 1095 4174 Nebula,
1110 4118 1228 4172 Flamma,

122 4186 232 4243 Ferrum,
250 4187 321 4242 Saxa,
339 4194 364 4233 et
379 4184 482 4232 similia:
509 4184 563 4231 aliae
579 4183 655 4246 parti·
690 4192 735 4232 etc.
753 4199 807 4246 quae
824 4183 862 4231 vel
878 4183 1002 4232 levissimo
1018 4182 1113 4245 impetu
1129 4180 1229 4229 dissolvi

122 4249 182 4297 eulae
195 4249 267 4297 leves
279 4258 336 4298 sunt
347 4250 413 4298 etad
423 4243 583 4297 orbicularem
595 4248 656 4311 ligu-
691 4256 793 4312 possunt
805 4257 830 4296 et
838 4247 959 4311 dissipari,
971 4247 1074 4307 ideoque
1083 4261 1114 4292 ex
1125 4244 1230 4292 hamatis

122 4328 174 4362 ram
184 4314 333 4371 accedentes,
344 4323 367 4362 et
378 4313 447 4363 exiis
461 4313 548 4362 Fluida
557 4328 658 4376 corpora
692 4323 716 4362 et
738 4313 804 4361 inter
824 4328 850 4373 se
876 4311 1001 4376 perplexis
1023 4308 1157 4367 seminibus
1180 4324 1230 4358 non
