2872 4852
189 231 254 295 339
575 224 617 289 T.
649 224 916 290 LUCRETII

277 386 492 462 Conveniunt,
509 393 565 447 aut
582 405 655 447 cum
670 384 758 447 tedai
773 383 903 468 corpori
918 381 1100 461 adhaerent,
1153 427 1158 435 ·
1181 460 1184 466 ¹

277 489 467 553 Ardescunt
482 485 575 552 facile
591 485 771 570 extempl0;
795 486 872 569 quia
886 483 988 549 multa
1003 507 1136 570 quoque
1150 485 1186 550 in
1203 507 1240 551 se

277 592 407 656 Semina
421 590 544 654 habent
559 590 643 673 ignis
659 599 764 672 stupae
779 589 930 672 tedaeque
946 597 1116 677 tenentes.)

213 709 262 754 900
320 695 440 758 Nonne
456 692 546 755 vides
562 691 670 769 etiam,
685 701 844 762 nocturna
859 691 901 754 ad
917 688 1038 755 lumina
1054 690 1233 775 Lychnum

279 797 397 880 Nuper
411 795 469 859 ubi
484 795 663 858 extinctum
678 794 862 871 admoveas,
879 794 1050 858 accendier
1065 803 1141 859 ante

280 898 388 971 Quam
403 897 510 980 tetigit
524 895 705 960 flammam?
728 895 903 980 tedamqne
918 895 991 980 pari
1004 896 1151 961 ratione?

278 999 450 1083 Multaque
465 1010 637 1083 praeterea,
652 998 744 1082 prius
759 997 832 1081 ipso
847 1007 935 1061 tacta
949 1012 1069 1081 vapore

280 1102 417 1165 Eminus
433 1102 620 1177 ardescunt,
636 1122 734 1183 quam
749 1099 893 1164 cominus
908 1099 1032 1164 imbuat
1045 1100 1146 1184 ignis:

214 1218 260 1264 905
277 1204 352 1268 Hoc
368 1205 467 1288 igitur
481 1202 554 1266 fieri
568 1224 698 1286 quoque
713 1203 746 1264 in
762 1199 817 1264 illo
831 1200 936 1265 Fonte
952 1202 1134 1285 putandum
1150 1203 1205 1267 ’st.

323 1305 423 1378 Quod
440 1316 602 1390 superest,
619 1326 716 1388 agere
731 1303 881 1387 incipiam
897 1325 963 1386 quo
979 1302 1103 1368 foedere
1119 1304 1183 1369 fiat

279 1408 428 1484 Naturae,
446 1407 547 1492 Lapis
562 1406 616 1470 hic
631 1416 667 1470 nt
683 1404 804 1469 serrum
817 1405 937 1468 ducere
953 1406 1068 1489 possit,

279 1509 387 1582 Quem
402 1509 561 1593 Magneta
577 1518 693 1572 vocant
708 1508 814 1592 patrio
826 1507 868 1570 de
884 1508 1012 1571 nomine
1028 1508 1134 1585 Graii,

280 1611 472 1694 Magnetum
488 1612 564 1695 quia
579 1612 620 1675 sit
632 1610 745 1694 patriis
761 1608 929 1673 infinibus
944 1620 1047 1673 ortus.

215 1728 262 1773 910
322 1713 421 1777 Hunc
437 1712 583 1776 homines
600 1712 761 1796 Lapidem
775 1711 943 1788 mirantur,
959 1713 1081 1797 quippe
1096 1724 1252 1781 catenam

281 1815 376 1898 Saepe
392 1837 432 1878 ex
448 1812 583 1877 annellis
595 1814 704 1877 reddit
719 1813 938 1897 pendentibus
955 1836 996 1878 ex
1012 1838 1065 1878 se:

282 1917 436 1999 Quinque
451 1917 570 1980 etenim
583 1914 659 1980 licet
674 1916 847 1992 interdum,
863 1915 1050 2001 pluteisque
1066 1919 1176 1984 videre

282 2019 408 2084 Ordine
424 2019 583 2084 demissos
599 2018 723 2082 levibus
736 2019 890 2102 jactarier
906 2019 1003 2096 auris,

227 2296 282 2343 899.
300 2297 528 2358 Habeat-tedaeque
546 2293 659 2357 tenentes]
677 2294 730 2343 viz.
764 2303 821 2342 nete
832 2296 983 2358 corpuscula,
992 2310 1023 2343 ex
1032 2311 1080 2357 quo
1089 2295 1139 2352 fiat,
1149 2300 1179 2343 ut
1186 2296 1231 2343 aiir
1242 2294 1312 2344 circa

194 2360 257 2408 tedae
268 2360 402 2418 continent,
414 2371 442 2409 ut
450 2361 492 2409 lib.
507 2361 527 2408 1.
540 2360 656 2424 Amplexi
667 2360 732 2422 quod
764 2369 902 2422 magnetem
930 2360 1082 2418 discutiatur,
1110 2368 1183 2422 atque
1211 2359 1310 2408 idcirco

194 2425 292 2483 liabent,
305 2425 330 2473 id
342 2434 386 2483 est,
397 2426 584 2490 amplectuntur.
764 2425 841 2472 multa
853 2425 936 2472 inania
946 2425 1048 2488 spatiola
1059 2434 1188 2481 creentur;
1205 2434 1233 2473 et
1241 2425 1310 2488 quia,

227 2490 282 2537 906.
308 2493 374 2542 Quod
392 2499 501 2551 superest,
525 2507 593 2552 cgere
615 2493 731 2550 incipiam,
764 2504 820 2537 cum
842 2488 934 2537 sermm
955 2489 1087 2538 collocatur
1112 2489 1178 2537 intra
1200 2489 1311 2538 discussi

195 2553 251 2616 etc]
269 2555 327 2602 Ver.
344 2557 397 2602 182.
414 2555 531 2618 praeclara
543 2554 677 2617 disputatio
693 2554 731 2600 in·
766 2553 829 2602 aeris
840 2555 967 2618 sphaeram,
979 2555 1082 2603 multum
1093 2553 1174 2602 inanis
1187 2552 1257 2602 inter
1268 2554 1309 2618 ip-

194 2619 304 2667 stituitur
313 2620 343 2667 de
354 2629 475 2682 magnete,·
492 2620 564 2683 huJ‘us
575 2628 656 2666 autem
668 2618 733 2666 idem
766 2629 853 2666 sumet
864 2629 1002 2682 magnetem
1013 2630 1050 2667 est
1061 2619 1234 2682 interceptum,
1248 2628 1309 2669 tuuc

194 2693 239 2740 est,
257 2684 320 2745 quod
336 2693 361 2732 et
376 2685 524 2746 reliquarum
541 2683 734 2747 disputationum
766 2683 856 2740 evenit,
879 2683 950 2731 utin
973 2699 1026 2732 eam
1045 2693 1140 2748 partem
1159 2684 1311 2746 corpuscula

195 2748 331 2804 consilium,
344 2749 409 2810 quod
426 2764 497 2797 nemo
514 2749 572 2796 olim
587 2748 732 2796 observavit
766 2748 824 2796 ierrl
840 2747 941 2796 liberius
957 2749 1093 2812 prosiliant,
1111 2750 1181 2810 (nam
1193 2748 1310 2796 omnium

196 2813 261 2860 Nam
281 2812 321 2859 hic
339 2813 401 2875 lapis
425 2812 528 2861 Herculi
548 2812 690 2862 attribuitur
708 2822 733 2860 et
765 2829 894 2876 corporum
914 2814 1008 2862 semina
1028 2814 1054 2861 in
1075 2828 1178 2861 vacuum
1196 2813 1309 2876 spatium

195 2876 245 2924 vim
264 2891 332 2924 suam
349 2877 415 2924 illius
433 2877 535 2924 Numini
552 2886 676 2941 acceptam
693 2893 731 2925 re·
765 2877 1310 2942 subitoprorumpunt,)ecversusmagnetem

195 2939 384 2988 lerrecreditur.
419 2941 475 2988 Jam
491 2940 571 2990 fontes
583 2958 640 2990 suos
651 2941 734 2989 amisit
765 2943 869 3006 proinde
880 2943 996 3000 ferantur,
1014 2959 1063 2991 non
1080 2951 1183 3007 possunt
1199 2957 1260 2990 vero
1277 2958 1309 2991 eo

195 3005 300 3068 Jupiter,
317 3004 411 3066 etquid
428 3005 479 3052 filio
495 3015 579 3068 parcat
596 3006 733 3063 Lucretius,
766 3008 921 3064 contendere,
932 3008 990 3070 quin
1002 3007 1127 3072 pelliciant
1138 3006 1211 3055 simul
1223 3008 1307 3055 cobae-

195 3070 237 3132 qui
256 3069 320 3134 patri
340 3085 389 3117 non
409 3070 536 3133 pepercit?
562 3071 597 3118 Ut
616 3070 730 3118 virtutem
764 3072 850 3130 rentia,
864 3070 1309 3136 (sarrientemseminasuntmaxime

195 3134 357 3184 attractricem
379 3135 498 3197 magnetis
518 3135 609 3183 rectius
626 3135 732 3198 explicet
764 3136 904 3200 implicita)
926 3146 998 3200 atque
1021 3137 1112 3185 idcirco
1140 3145 1216 3184 totam
1246 3133 1307 3185 ferri

196 3200 332 3258 Lucretius,
359 3210 462 3263 quatuor
489 3199 569 3263 capita
596 3200 731 3264 praemittit,
764 3217 876 3259 massam,
889 3218 910 3250 v.
926 3204 962 3250 19.
998 3203 1096 3250 interea
1108 3217 1173 3259 vero,
1185 3201 1245 3264 quia
1255 3201 1306 3250 ler-

195 3282 249 3329 quae
267 3265 364 3314 tametsi
384 3265 443 3314 alias
460 3266 616 3330 comprobata
633 3266 731 3325 luerint,
756 3267 819 3314 ‘rum
848 3267 927 3315 tendit
956 3266 1169 3315 indiscriminatim
1197 3282 1307 3326 sursum,

195 3331 235 3379 hic
254 3340 335 3380 tamen
355 3331 476 3379 inculcata
491 3330 543 3379 vult
561 3332 592 3379 ob
611 3330 733 3394 insignem
766 3332 1308 3394 deorsum,transversum,etinquamcunque

195 3396 375 3453 difficultatem
395 3396 478 3445 Unum
489 3406 564 3459 caput
578 3406 622 3454 est,
635 3397 733 3444 effluere
766 3396 940 3458 obliquitatem,
952 3406 1025 3460 prout
1034 3398 1064 3445 ad
1076 3405 1214 3460 magnetem
1227 3412 1306 3461 eppo-

196 3460 733 3524 continuocorpusculaquaedamexomnibus
766 3461 840 3509 situm
857 3461 939 3520 luerit,
957 3463 1029 3510 docet
1043 3478 1092 3510 non
1109 3477 1181 3527 posse
1197 3461 1225 3509 id
1241 3461 1306 3520 lieri,

196 3525 276 3581 rebus,
289 3542 311 3572 v.
326 3526 493 3583 tonberum,
506 3526 600 3573 nullum
613 3542 666 3574 esse
678 3541 731 3573 cor·
766 3526 814 3574 nisi
825 3525 919 3574 ratione
934 3527 1028 3575 inducti
1040 3527 1117 3584 vacui,
1134 3526 1160 3574 in
1172 3527 1238 3589 quod
1249 3543 1305 3575 cor·

195 3604 242 3651 pus
254 3589 314 3636 adeo
322 3589 434 3647 solidum,
444 3591 508 3652 quod
519 3606 568 3638 uon
580 3590 664 3638 inania
675 3606 731 3653 spa·
765 3606 831 3654 pora,
839 3591 947 3653 alioquin
957 3592 1070 3640 deorsum
1082 3592 1161 3640 solum
1172 3591 1306 3655 prolaben-

197 3653 256 3700 tiola
272 3652 408 3717 intercepta
424 3655 555 3712 contineat,
573 3671 595 3702 v.
614 3657 651 3701 23.
670 3655 731 3701 Ter·
765 3656 806 3714 tia,
824 3656 1037 3705 indiscriminatim
1049 3658 1079 3704 ab
1095 3656 1184 3704 ictibus
1198 3656 1307 3706 aliorum

197 3717 266 3773 tium,
287 3718 375 3765 emissa
392 3719 536 3781 corpuscula
553 3735 603 3766 non
620 3718 733 3766 omuibus
765 3736 894 3783 corporum
906 3722 1089 3783 protrudentur,
1102 3737 1124 3769 v.
1138 3723 1160 3768 5.

196 3782 269 3829 rebus
286 3781 369 3828 eadem
386 3783 481 3831 ratione
497 3799 638 3846 congruere,
652 3799 674 3830 v.
693 3784 731 3830 20.
798 3786 853 3832 908.
869 3788 940 3837 Quem
951 3789 1064 3850 Magneta
1074 3793 1161 3843 vocant,
1174 3784 1232 3848 eta]
1244 3785 1304 3836 Vid.

196 3847 324 3901 Quartum,
344 3845 427 3894 inania
449 3847 552 3910 spatiola
574 3863 623 3895 non
647 3846 731 3896 unius·
766 3849 882 3898 Bocbarti
902 3851 978 3914 Geog.
999 3853 1037 3899 Sa
1056 3867 1108 3914 par.
1131 3851 1197 3899 Post
1216 3851 1259 3900 lib.
1283 3852 1306 3901 1.

195 3910 261 3959 modi
279 3909 511 3973 circumscriptionis
527 3912 552 3959 in
564 3913 637 3959 rebus
653 3912 731 3959 omni·
765 3930 817 3978 cap.
831 3917 869 3962 38.

196 3973 242 4024 bus
259 3989 406 4035 essequam
424 3991 468 4023 nec
484 3976 569 4023 eadem
587 3976 734 4037 quibuslibet
799 3980 854 4027 91³.
878 3979 962 4041 Auris]
986 3981 1044 4036 Alii,
1067 3983 1156 4028 tramis:
1181 3979 1224 4028 isti
1245 3996 1307 4030 vero

195 4038 346 4104 corpusculis
355 4039 538 4097 accommodari,
551 4056 573 4088 v.
585 4039 621 4090 17.
642 4041 689 4089 His
699 4041 733 4089 ita
766 4042 862 4100 frustra,
872 4060 950 4106 neque
961 4045 1027 4093 enim
1035 4045 1083 4093 ista
1093 4061 1151 4094 voce
1160 4046 1206 4092 hoc
1215 4043 1308 4096 inloco

195 4104 327 4170 praemissis
339 4103 419 4151 dicere
429 4104 569 4166 aggreditur
580 4121 677 4153 causam
690 4122 732 4154 seu
766 4117 875 4156 uteretur
899 4108 1034 4165 Lucretius,
1058 4126 1105 4172 qua
1125 4119 1182 4158 ante
1206 4126 1308 4162 versum

196 4172 295 4220 modum
316 4185 362 4232 quo
391 4184 490 4231 magnes
513 4169 603 4216 ferrum
625 4171 731 4228 attrahit,
768 4172 836 4222 1087.
848 4172 883 4220 uti
895 4188 945 4219 non
956 4172 1055 4221 debuit:
1074 4190 1152 4237 neque
1164 4175 1306 4237 bamisjac·

196 4236 317 4285 ferrumve
333 4236 363 4283 ad
380 4244 518 4297 magnetem
534 4233 617 4282 fertur.
654 4236 679 4282 ls
689 4252 732 4283 au·
766 4246 854 4293 tantur¹
868 4236 960 4293 annuli,
978 4249 1003 4285 at
1021 4239 1116 4287 levibus
1133 4239 1199 4288 auris
1215 4241 1309 4303 agitari

197 4313 245 4349 tem
262 4302 288 4350 in
300 4317 328 4348 eo
340 4299 459 4355 consistit,
471 4310 498 4347 ut
510 4300 610 4348 effluant
622 4315 652 4347 ex
664 4316 730 4362 mag·
766 4301 819 4364 quis
831 4300 916 4356 nescit,
924 4300 965 4363 qui
974 4301 1033 4350 vidit
1043 4304 1145 4352 annulos
1155 4307 1306 4370 suspensos?
