2872 4852
437 234 608 300 LIBER
636 233 897 307 QUINTUS.
1158 230 1223 294 975

138 406 184 457 975
204 393 236 455 A
252 393 358 477 parvis
374 392 463 476 quod
477 390 561 455 enim
577 407 772 454 consuerant
786 411 919 453 cernere
937 409 1064 471 semper

200 495 339 558 Alterno
354 495 516 570 tenebras,
533 504 567 557 et
581 492 686 557 lucem
701 502 846 575 tempore
862 490 962 574 gigni,

202 597 279 660 Non
294 605 375 670 erat,
391 605 428 658 ut
443 594 516 656 fieri
530 605 654 677 posset,
671 593 817 657 mirarier
831 613 984 675 unquam,

203 696 278 761 Nec
294 695 453 772 diffidere,
469 717 510 758 ne
526 695 648 759 Terras
663 706 785 758 aeterna
800 703 925 757 teneret

200 799 291 876 Nox,
307 800 549 882 inperpetuum
565 799 711 862 detracto
725 797 843 860 lumine
858 795 954 859 Solis
988 851 992 856 .

139 914 186 960 980
246 901 313 964 Sed
328 902 430 983 magis
446 900 523 963 illud
541 911 724 974 eratenim,
742 899 830 981 quod
847 896 942 960 saecla
957 896 1113 961 Ferarum

199 1001 355 1065 Infestam
370 1003 495 1065 miseris
513 1001 675 1066 faciebant
691 1023 778 1083 saepe
794 1001 952 1082 quietem:

125 1149 126 1153 ,
200 1104 375 1188 Ejectique
390 1104 486 1167 domo
501 1103 671 1187 fugiebant
687 1124 786 1166 saxea
801 1112 888 1166 tecta

201 1205 343 1288 Setigeri
358 1205 433 1269 Suis
450 1206 609 1282 adventu,
620 1203 781 1288 validique
799 1204 931 1280 Leonis,

200 1304 312 1389 Atque
329 1308 523 1390 intempesta
538 1307 699 1370 cedebant
714 1316 809 1369 nocte
825 1318 981 1389 paventes

136 1421 183 1466 985
204 1409 400 1491 Hospitibus
418 1409 515 1472 saevis⁴
526 1408 663 1471 instrata
678 1407 795 1471 cubilia
811 1406 937 1471 fronde.

245 1510 319 1574 Nec
335 1509 432 1572 nimio
447 1520 515 1573 tum
530 1509 615 1592 pluS,
632 1533 729 1594 quam
744 1532 840 1586 nunc,
857 1507 1003 1572 mortalia
1019 1509 1115 1573 saecla

204 1610 323 1675 Dulcia
339 1610 529 1693 linquebant
544 1610 682 1674 labentis
698 1611 818 1675 lumina
833 1611 918 1675 vitae.

202 1712 297 1777 Unus
313 1713 397 1776 enim
413 1721 479 1776 tum
497 1713 634 1797 quisque
648 1714 749 1797 magis
765 1714 948 1798 deprensus
965 1735 1075 1778 eorum

202 1816 327 1880 Pabula
343 1819 414 1878 viva
429 1814 505 1879 feris
520 1816 690 1903 praebebat
706 1817 858 1881 dentibus
874 1816 1030 1880 haustus:

137 1932 185 1978 990
202 1919 247 1982 Et
261 1941 393 1983 nemora
408 1941 445 1982 ac
461 1919 597 1981 monteis
613 1920 745 2002 gemitu,
763 1918 934 2002 sylvasque
949 1918 1108 2003 replebat,

200 2021 286 2085 Viva
301 2021 413 2084 videns
430 2021 501 2082 vivo
517 2019 647 2102 sepeliri
659 2021 782 2084 viscera
797 2021 916 2083 busto„

202 2122 250 2185 At
265 2145 346 2204 quos
362 2120 520 2202 effugium
537 2118 691 2196 servairat,
708 2143 844 2203 corpore
862 2121 972 2196 adeso,
1041 2134 1043 2140 “

202 2223 371 2285 Posterius
387 2220 539 2284 tremulas
555 2242 654 2303 super
670 2220 779 2284 ulcera
794 2232 879 2284 tetra
894 2232 1042 2284 tenentes
1126 2288 1128 2292 7

204 2322 344 2399 PalmaS,
360 2321 528 2384 horriferis
544 2322 692 2385 accibant
707 2324 840 2385 vocibus
857 2323 992 2398 Orcum,
1032 2383 1037 2386 ,

133 2438 181 2484 995
198 2426 361 2488 Donicum
370 2445 432 2489 eos
449 2423 514 2486 vita
530 2419 698 2507 privbrunt
714 2422 868 2487 Vermina
884 2446 980 2499 saeva,

200 2526 379 2609 Experteis
395 2525 479 2608 opis,
495 2526 625 2608 ignaros
641 2525 720 2608 quid
736 2523 867 2588 volnera
883 2524 1010 2590 vellent.

244 2627 292 2691 At
306 2650 371 2690 non
386 2625 486 2689 multa
502 2624 618 2691 Virrim
634 2627 695 2690 sub
712 2627 811 2710 signis
827 2626 924 2691 millia
939 2629 1039 2691 ducta

198 2729 273 2793 Una
289 2729 357 2792 dies
374 2728 473 2792 dabat
489 2727 589 2791 exitio
600 2751 607 2790 :
617 2793 621 2796 ,
632 2749 691 2791 nec
707 2729 840 2792 turbida
853 2730 945 2813 ponti

200 2831 351 2915 AEquora
366 2829 529 2894 laedebant
544 2852 643 2892 naves
659 2830 701 2893 ad
717 2853 807 2908 saxa,
825 2831 985 2915 virosque.

125 2949 191 2994 x1000
204 2935 271 2998 Sed
287 2945 420 3009 temere,
436 2935 598 2997 incassum
614 2932 709 2996 Mare
725 2933 870 2997 fluctibu’
888 2957 975 3018 saepe
990 2936 1119 2999 coortis.

202 3036 355 3113 Saevibat,
372 3034 550 3119 leviterque
566 3036 667 3098 minas
684 3037 827 3119 ponebat
841 3037 963 3099 inaneis
978 3063 984 3112 ;

199 3139 273 3202 Nec
289 3148 418 3222 poterat
434 3159 630 3221 quemquam
646 3136 765 3221 placidi
780 3137 916 3221 pellacia
932 3137 1029 3201 Ponti

200 3238 347 3303 Subdola
363 3237 513 3322 pellicere
530 3239 561 3300 in
578 3237 726 3301 fraudem
742 3239 922 3302 ridentibus
939 3238 1052 3301 undis:

153 3523 207 3573 997.
221 3524 332 3570 Labeatis
349 3521 513 3585 luminanda]
527 3523 561 3570 Ut
573 3539 654 3587 supra,
688 3525 734 3571 Sed
745 3531 833 3580 temere,
846 3525 959 3570 incassum
972 3516 1076 3581 Flustro,
1089 3525 1157 3572 Mars
1165 3541 1225 3586 sapa

119 3586 234 3650 Fugienti
245 3589 356 3648 languida
366 3590 422 3635 nito.
450 3588 501 3635 Ista
512 3598 550 3636 est
562 3587 656 3636 Mureti
688 3595 786 3635 comtum
798 3587 911 3635 Saevibat.
933 3587 1152 3636 Flustrumantem
1163 3589 1223 3638 Tar·

118 3651 257 3699 emendatio
264 3670 270 3707 ;
289 3651 357 3699 codd.
371 3655 481 3700 lomentis.
645 3687 648 3693 .
688 3651 804 3699 tullianus
814 3651 844 3699 de
855 3651 1119 3716 Pallio-interpretatur
1131 3662 1224 3718 tempe·

151 3717 205 3763 995.
234 3718 340 3764 Vermina
362 3715 435 3778 sava]
459 3715 523 3764 Vide
546 3715 654 3774 Festum,
687 3724 767 3764 ratum
782 3715 860 3764 maris
877 3714 978 3774 motula,
996 3727 1020 3764 et
1036 3717 1143 3765 medium
1160 3717 1226 3768 inter

117 3780 159 3842 qui
170 3781 216 3828 hac
227 3797 287 3829 voce
297 3780 392 3828 dolores
402 3796 434 3828 ex
444 3780 568 3830 vermibus
579 3795 656 3828 mern·
689 3780 847 3843 tranquillum
864 3796 939 3839 mare,
957 3789 982 3829 et
1000 3782 1065 3843 quod
1084 3782 1226 3832 decumanis

117 3846 160 3899 bra
173 3845 277 3893 interius
289 3845 431 3894 rodentibus
442 3856 513 3894 natos
523 3844 657 3908 significari
689 3845 794 3908 assurgit
805 3845 918 3894 fluctibus
931 3845 991 3908 (vid.
1004 3846 1183 3896 Tertullianum
1194 3849 1225 3896 de

117 3909 167 3957 ait:
182 3909 262 3958 forsan
275 3913 375 3957 vermina
385 3920 411 3957 et
422 3925 517 3958 vermes
528 3909 595 3974 ipsos
606 3909 655 3972 sig·
689 3909 774 3968 Pallio,
790 3926 842 3975 cap.
861 3913 883 3958 2.
896 3920 921 3958 ct
938 3910 1050 3959 Salmasii
1066 3911 1163 3973 notas):
1181 3911 1226 3961 sed

117 3973 234 4028 nificabit.
254 3976 335 4022 Faber.
688 3975 739 4022 haec
767 3975 914 4023 Tertulliani
946 3975 1115 4040 interpretatio
1135 3977 1225 4026 Vossii

152 4040 221 4086 1000.
240 4041 357 4088 Incassum
368 4041 436 4087 Mare
448 4038 568 4100 fluctibn’]
581 4038 654 4087 codi-
688 4041 851 4101 conjeoturam
874 4039 971 4097 refutat,
995 4050 1047 4088 tum
1069 4041 1135 4088 enirn
1156 4039 1245 4089 saevit

117 4117 166 4159 ces,
178 4105 225 4150 Sed
241 4111 330 4159 temere,
342 4108 462 4161 incassum,
473 4103 576 4167 frastra,
593 4120 656 4152 mare
688 4119 762 4160 mare,
772 4120 828 4152 cum
837 4104 978 4152 decumanis
987 4104 1100 4153 fluctibus
1111 4103 1224 4166 assurgit.

118 4183 178 4227 sape
189 4175 294 4215 coortum.
313 4168 354 4215 Sic
369 4169 409 4216 lib.
425 4169 461 4216 11.
475 4185 496 4216 v.
507 4170 576 4216 1059.
589 4171 653 4215 Mul·
723 4170 791 4216 1001.
804 4168 1001 4231 Minaspmrebat]
1014 4169 1073 4226 Alii,
1086 4171 1200 4216 miscebat.
1215 4199 1218 4202 ‹

118 4234 217 4291 timoniis,
241 4241 339 4290 temere,
358 4232 489 4289 incassum,
509 4233 654 4295 frustraque,
722 4235 792 4281 1003.
813 4235 952 4282 bidentibus
970 4231 1051 4295 andis]
1071 4232 1141 4280 Nihil
1158 4231 1247 4280 enim«¹

119 4304 163 4342 etc.
199 4296 301 4344 Vossius
322 4298 352 4344 ad
370 4297 500 4355 Catullum,
522 4313 576 4361 pag.
599 4299 654 4345 230.
688 4297 800 4346 blandius
812 4298 943 4360 tranquillo
952 4296 1020 4345 mari.
