2872 4852
369 651 501 734 ΤΙΤΙ
536 649 846 737 LUCRETII
882 649 1036 733 CARI

674 872 730 930 DE

223 1061 623 1167 RERUM
698 1059 1182 1166 NATURA

434 1343 614 1414 LIBER
653 1342 979 1415 SECUNDUS.

553 1768 856 1818 ARGUMENTUM.

149 1877 168 1924 Ι.
193 1878 234 1926 Ad
250 1879 359 1928 studium
376 1880 548 1946 Philosophiae,
566 1899 619 1946 quae
637 1883 689 1932 sola
708 1881 786 1931 lenire
804 1897 883 1941 curas,
902 1891 928 1930 et
944 1881 1053 1929 animum
1070 1891 1138 1929 metu
1157 1878 1262 1928 liberare

178 1968 267 2023 potest,
285 1961 432 2010 Memmium
448 1979 520 2012 suum
537 1980 551 2012 a
568 1981 591 2012 v.
611 1967 632 2012 1.
650 1964 681 2012 ad
699 1979 720 2012 v.
739 1965 778 2011 61.
797 1962 926 2011 Lucretius
942 1963 1060 2010 hortatur.
1096 1961 1159 2009 Inde
1177 1960 1213 2009 Il.
1232 1960 1263 2007 de

180 2040 307 2090 Seminum
328 2059 372 2092 seu
395 2045 541 2093 Atomorum
561 2045 730 2094 affectionibus
751 2045 869 2108 disputat,
891 2058 993 2106 quarum
1013 2042 1093 2106 prima
1111 2051 1149 2090 est
1167 2043 1262 2090 Motus.-

180 2122 271 2170 moveri
281 2123 376 2171 semina
382 2139 414 2172 ex
421 2140 503 2173 rerum
511 2125 669 2188 generatione
677 2125 869 2180 demonstratum
889 2123 974 2172 Motus
983 2138 1040 2171 vero
1046 2122 1086 2170 hic
1095 2131 1132 2170 est
1140 2122 1262 2180 deorsum,

181 2201 263 2250 omnia
274 2203 340 2252 enim
353 2204 452 2252 Semina
463 2214 522 2253 sunt
532 2204 623 2267 gravia.
648 2204 710 2252 Cum
718 2213 800 2252 autem
809 2212 956 2251 concurrant
964 2202 1064 2250 Semina
1075 2201 1153 2250 solida
1162 2216 1262 2250 necesse

182 2291 219 2330 est
229 2297 325 2345 quoquo
337 2299 434 2332 versum
446 2301 461 2332 a
472 2301 498 2333 se
510 2284 616 2333 invicem
627 2283 763 2332 dissiliant:
782 2284 817 2331 ita
828 2282 939 2345 quaedam
952 2282 1051 2331 Semina
1063 2282 1118 2330 aliis
1133 2282 1262 2346 implican-

183 2372 238 2419 tur3
255 2379 309 2426 quae
320 2364 411 2413 arctius
422 2368 612 2429 conjunguntur,
624 2381 663 2414 res
673 2365 746 2413 duras
757 2373 783 2412 et
791 2365 879 2412 densas
890 2363 1050 2422 constituunt,
1060 2379 1114 2427 quae
1125 2363 1213 2422 laxius,
1225 2379 1265 2413 res

183 2444 268 2492 molles
279 2454 305 2492 et
315 2461 397 2494 raras:
417 2446 527 2509 quaedam
539 2455 621 2497 autem
632 2447 731 2495 Semina
740 2462 865 2509 nunquam
874 2445 1028 2503 coalescunt;
1046 2445 1097 2504 sed,
1106 2445 1143 2493 uti
1154 2454 1266 2494 ramenta

182 2525 291 2589 pulveris
308 2525 334 2574 in
351 2526 426 2575 radiis
444 2527 502 2576 solis
523 2528 641 2588 videmus,
663 2538 783 2592 perpetuo
800 2537 868 2576 motu
887 2543 932 2591 per
948 2526 1022 2575 inane
1038 2526 1157 2583 feruntur,
1176 2536 1201 2575 et
1217 2527 1265 2576 alia

182 2622 285 2672 corpora
302 2608 406 2657 subinde
426 2611 568 2674 percutiunt
585 2620 610 2659 et
630 2610 731 2674 agitant,
753 2609 784 2658 ad
804 2625 826 2656 v.
850 2610 903 2656 140.
940 2609 992 2656 111.
1008 2608 1166 2656 Celeritatem
1184 2612 1265 2657 motus

182 2688 310 2737 Seminum
326 2690 439 2739 deorsum
457 2691 610 2740 tendentium
627 2690 741 2755 explicat,
758 2691 789 2739 ad
806 2706 828 2738 v.
844 2690 897 2738 166.
933 2691 977 2739 1v.
1001 2691 1062 2738 Inde
1079 2704 1124 2754 pro
1140 2704 1208 2737 more
1220 2704 1265 2737 suo

183 2769 293 2832 quedam
305 2781 437 2821 scommata
448 2783 534 2822 contra
544 2773 599 2822 illos
611 2773 653 2837 qui
670 2771 852 2822 Providentiam
864 2781 1000 2836 agnoscunt
1015 2771 1113 2830 intexit,
1126 2772 1157 2820 ad
1168 2788 1190 2820 v.
1210 2773 1264 2819 182.

183 2850 214 2898 V.
227 2850 291 2899 Tum
302 2864 474 2916 argumentum
486 2855 583 2919 repetit,
596 2855 731 2916 asseritque
743 2852 825 2902 omnia
836 2868 939 2917 corpora
951 2854 1065 2902 deorsum
1077 2854 1185 2910 tendere,
1198 2853 1229 2901 ad
1241 2869 1263 2901 v.

184 2932 239 2980 216.
266 2933 312 2982 vl.
323 2934 421 2984 Deinde
433 2936 533 2985 Semina
544 2937 659 2985 deorsum
672 2934 796 2983 tendentia
806 2950 820 2982 a
831 2944 898 2982 recta
914 2933 980 2983 linea
994 2935 1122 3000 paululum
1134 2933 1265 2991 declinare,

183 3012 232 3061 nisi
248 3013 314 3062 enim
331 3015 482 3065 declinarent
499 3016 604 3076 Semina,
622 3015 685 3064 nihil
697 3031 811 3078 unquam,
830 3015 916 3064 saltem
933 3013 1028 3064 nullum
1045 3015 1162 3063 Liberum
1179 3015 1266 3078 Agens

184 3094 296 3154 oriretur,
307 3097 339 3144 ad
351 3113 372 3147 v.
385 3099 440 3146 293.
469 3099 531 3147 Vll.
545 3098 653 3148 Demum
664 3097 736 3146 docet
749 3096 844 3145 Eodem
854 3106 922 3144 motu
934 3096 1035 3145 Semina
1042 3097 1094 3157 J'am
1105 3095 1162 3144 ferri
1176 3112 1224 3158 quo
1235 3096 1265 3144 ab

185 3185 276 3225 eterno
281 3176 429 3237 ferebantur,
438 3194 483 3226 nec
493 3193 639 3241 quemquam
647 3177 705 3226 huic
715 3175 826 3241 opinioni
835 3176 945 3224 diffidere
957 3176 1053 3234 debere,
1062 3174 1119 3237 quia
1127 3184 1208 3224 motus
1216 3191 1266 3224 non

185 3256 259 3315 videt,
276 3272 331 3305 cum
348 3257 403 3320 ipsa
419 3257 519 3306 Semina
535 3258 630 3322 percipi
647 3273 696 3305 non
713 3265 824 3321 possunt,
841 3257 873 3304 ad
890 3272 911 3304 v.
925 3257 980 3302 882.
1016 3255 1127 3304 Secunda
1139 3256 1266 3306 Seminum

185 3336 280 3384 affectio
303 3345 341 3385 est
359 3340 464 3400 Figura:
489 3338 560 3386 docet
582 3347 672 3396 autem,
691 3338 769 3386 Vlll.
789 3336 880 3385 Omnia
901 3336 996 3385 semina
1015 3352 1065 3386 non
1083 3352 1137 3387 esse
1157 3337 1266 3401 ejusdem

187 3416 291 3480 Figurae,
314 3417 425 3479 quaedam
443 3433 501 3466 vero
517 3419 630 3477 rotunda,
650 3417 761 3480 quaedam
779 3421 907 3482 quadratu
936 3418 1046 3479 quaedam
1069 3416 1146 3477 laevia,
1171 3428 1197 3467 et
1218 3419 1267 3468 alia

186 3511 280 3560 aspera,
301 3497 405 3556 hamata,
426 3507 471 3546 etc.
491 3498 592 3561 fuseque
610 3498 718 3547 ostendit
735 3514 789 3562 quae
810 3498 907 3562 Figurae
925 3513 1013 3558 amara,
1033 3513 1087 3561 quae
1102 3499 1190 3558 dulcia,
1212 3513 1266 3562 quae

186 3578 254 3637 dura,
278 3594 331 3642 quae
353 3577 438 3626 mollia
458 3595 561 3644 corpora
583 3588 740 3643 componunt,
764 3580 795 3628 ad
818 3596 840 3629 v.
859 3579 914 3631 476.
954 3580 1002 3628 lx.
1024 3580 1098 3629 Hanc
1120 3580 1267 3643 Figuratum

187 3659 329 3709 varietatem
349 3675 399 3708 non
420 3676 473 3709 esse
492 3661 627 3720 Infinitam,
647 3660 746 3710 Semina
763 3670 845 3710 tamen
858 3661 967 3722 ejusdem
983 3660 1081 3724 Figurae
1099 3660 1203 3720 infinita,
1220 3661 1267 3710 viz.

186 3742 298 3800 rotunda,
310 3741 408 3790 infinita
419 3742 543 3804 quadrata,
556 3751 601 3790 etc.
614 3743 646 3790 ad
656 3758 679 3791 v.
693 3743 747 3791 580.
782 3741 814 3790 X.
833 3742 941 3790 Demum
953 3742 1061 3790 ostendit
1076 3758 1182 3792 resnou
1199 3758 1265 3790 com-

185 3822 244 3887 poni
257 3838 271 3870 e
284 3821 423 3871 Seminibus
435 3824 544 3885 ejusdem
556 3823 661 3887 Figura,
674 3831 699 3870 et
710 3822 784 3872 variis
795 3822 947 3886 argumentis
962 3824 1050 3887 probat
1060 3833 1174 3872 concreta
1185 3822 1268 3871 omnia

187 3904 287 3953 Semina
299 3905 420 3953 variarum
433 3903 579 3968 Figuratum
591 3903 724 3963 continere,
737 3905 768 3952 ad
780 3920 802 3952 v.
815 3904 871 3956 728.
905 3903 953 3952 XI.
972 3904 1070 3952 Deinde
1081 3905 1152 3952 docet
1168 3902 1269 3951 Semina

187 3984 267 4033 nullas
275 3984 365 4032 habere
374 3984 510 4046 qualitates,
520 4000 579 4048 quas
591 3984 719 4033 sensibiles
725 4000 847 4042 vocamus,
857 3984 970 4033 Colorem
979 3983 1024 4032 viz.
1038 3984 1162 4047 Saporem,
1171 3981 1267 4044 Frigus,

188 4066 307 4125 Calorem,
322 4074 368 4114 etc.
404 4066 469 4114 Item
485 4081 559 4114 sensu
575 4081 626 4114 nou
638 4065 731 4124 donari,
743 4065 854 4129 quamvis
871 4080 911 4114 res
926 4064 1046 4122 coloratae,
1064 4063 1162 4127 sapidae,
1175 4061 1268 4120 calidae,

189 4145 289 4207 frigidae,
318 4155 343 4194 et
368 4146 496 4195 sensibiles
520 4162 552 4194 ex
579 4146 610 4194 iis
637 4156 822 4210 componantur,
849 4146 880 4194 ad
908 4162 930 4195 v.
949 4147 1018 4193 1021.
1063 4142 1142 4191 Xlll.
1161 4141 1269 4189 Demum

192 4225 293 4274 Infinita
305 4226 403 4277 Semina
414 4243 458 4291 per
477 4226 606 4277 Infinitum
626 4229 702 4278 Inane
714 4225 841 4278 volitantia
859 4225 974 4276 Infinitos
992 4221 1100 4272 Mundos
1111 4219 1267 4280 constituere,
