2872 4852
437 235 608 301 LIBER
636 236 891 302 TERTIUS.
1160 240 1217 303 131

199 391 274 457 Nec
287 414 437 476 prorsum
450 393 624 478 quicquam
638 404 758 459 nostrae
774 393 925 457 Rationis
941 414 1056 477 egere:

151 508 183 553 45
202 495 289 560 Hinc
303 495 378 560 licet
393 495 543 559 advertas
558 496 709 572 animum,
727 495 827 580 magis
843 495 949 558 omnia
964 494 1101 572 Laudis,

200 595 269 661 Aut
282 598 378 661 etiam
394 595 506 674 Venti,
522 597 550 660 si
565 596 629 661 fert
643 597 688 661 ita
703 595 787 660 forte
802 594 963 673 voluutas,

197 699 322 764 Jactari
336 721 446 775 causa,
462 721 558 782 quam
574 699 664 782 quod
679 721 731 762 res
747 698 819 782 ipsa
832 699 1008 783 probetur:

199 800 359 865 Exterres
374 801 471 864 iidem
486 801 602 885 patria,
618 799 780 884 longeque
795 799 899 885 fugati

178 924 181 930 ·
199 901 388 988 Conspectu
401 925 444 967 ex
459 902 635 980 hominum,
648 900 767 966 'foedati
782 903 913 967 crimine
928 904 1027 987 turpi,

148 1018 181 1064 sc
199 1004 361 1069 Omnibus
376 1005 527 1069 aerumnis
543 1003 653 1068 affecti
667 1003 808 1087 denique
823 1004 951 1082 vivunt,

198 1108 245 1172 Et
259 1130 454 1192 quocunque
469 1118 577 1171 tamen
591 1107 700 1170 miseri
715 1127 843 1181 venere,
860 1116 1042 1188 parentant,

199 1211 245 1274 Et
260 1211 369 1294 nigras
384 1220 526 1274 mactant
541 1209 697 1292 pecudes,
714 1217 748 1271 et
764 1205 911 1271 Manibu’
927 1207 1008 1270 divis

198 1311 336 1375 Inferias
350 1311 499 1373 mittunt:
523 1308 689 1392 multoque
705 1309 738 1372 in
753 1310 851 1372 rebus
869 1309 994 1373 acerbis

197 1410 318 1475 Acrius
333 1411 506 1474 advertunt
521 1410 643 1474 animos
659 1409 702 1473 ad
717 1407 944 1492 Relligionem.

149 1526 180 1571 ιι
243 1511 320 1585 Quo
336 1513 437 1594 magis
452 1512 608 1577 indubiis
623 1511 786 1576 hominem
800 1521 947 1594 spectare
962 1510 1090 1596 periclis

198 1614 367 1690 Convenit,
384 1614 592 1697 adversisque
608 1615 640 1676 in
655 1615 755 1678 rebus
770 1634 905 1678 noscere
920 1613 976 1697 qui
992 1615 1047 1678 sit:

197 1716 286 1780 Nam
300 1737 385 1779 verae
399 1737 494 1779 voces
509 1725 579 1779 tum
592 1715 722 1779 demum
737 1727 870 1798 pectore
886 1716 928 1780 ab
942 1717 1006 1780 imo
1030 1760 1032 1764 ,

197 1818 393 1902 Ejiciuntur,
409 1827 442 1879 et
455 1817 591 1900 eripitur
608 1815 764 1894 Persona,
781 1827 888 1881 manet
902 1816 983 1883 Res.

238 1919 390 2002 Denique
406 1916 581 1995 Avarities,
598 1930 632 1983 et
647 1919 820 1984 Honorum
834 1943 920 1984 caeca
934 1921 1065 2004 cupido,

145 2034 178 2079 60
197 2022 282 2094 Quae
297 2022 431 2085 miseros
446 2020 593 2085 homines
609 2032 731 2106 cogunt
746 2023 976 2087 transcendere
991 2023 1084 2087 fineis

193 2125 295 2201 Juris,
312 2133 345 2187 et
359 2123 523 2187 interdurn
539 2123 643 2187 socios
661 2123 827 2202 scelerum,
845 2137 943 2208 atque
957 2126 1119 2190 ministros

108 2370 192 2406 autem
213 2373 304 2415 versus,
329 2360 379 2406 Nec
399 2374 504 2419 prorsam
527 2361 648 2420 quicquam
680 2358 796 2406 credunt:
824 2358 905 2420 itaque
922 2374 1000 2421 nugae,
1017 2358 1086 2415 fumi,
1103 2358 1218 2420 quicquid

110 2431 193 2470 norma
204 2426 302 2470 rationis
311 2439 391 2484 egem
408 2421 467 2484 quid
480 2422 538 2470 boni
550 2421 647 2469 tandem
680 2422 721 2469 isti
742 2421 868 2486 gloriosuli
891 2422 964 2485 vulgo
985 2422 1132 2486 praedicant3
1158 2423 1217 2485 quid

109 2486 199 2535 habeti
231 2486 297 2534 Hinc
324 2486 439 2534 discimus
461 2501 514 2533 rem
538 2485 648 2549 profecto
681 2485 746 2534 enim
763 2487 838 2534 verba
854 2486 966 2535 audimus
982 2503 1038 2534 cum
1055 2487 1118 2534 facta
1134 2486 1216 2536 videa-

109 2551 253 2608 mirabilem,
265 2550 361 2608 bellam,
375 2560 399 2599 et
410 2550 537 2613 elegantia
554 2551 646 2599 Lucre·
679 2553 751 2598 must

109 2616 196 2664 tianae!
214 2616 259 2663 vir„
270 2616 387 2664 Animum
396 2624 506 2663 nostrum
516 2630 564 2662 non
575 2630 646 2678 egere
712 2617 750 2664 52.
773 2618 806 2664 Et
824 2614 943 2678 Manibu’]
967 2615 1026 2674 Alii,
1052 2620 1115 2669 Quas
1135 2619 1214 2666 Mani-

109 2690 193 2728 nostra
208 2680 310 2729 ratione.
345 2679 521 2728 Admirabilem
537 2679 646 2743 prolecto
681 2682 727 2728 bus.
1069 2676 1072 2685 '

109 2748 175 2793 rem!
200 2745 268 2807 quasi
284 2749 346 2793 ratio
355 2745 420 2809 apud
437 2744 579 2792 Lucretium
596 2760 645 2792 non
711 2746 750 2792 55.
762 2744 832 2793 Alios
845 2744 1013 2810 Philosophos,
1025 2761 1085 2808 quos
1100 2755 1216 2809 tanquam

109 2810 142 2858 sit
155 2813 305 2872 philosophia,
326 2820 351 2857 et
362 2825 410 2858 vox
425 2809 474 2858 ista
487 2826 511 2858 se
526 2808 553 2857 iu
569 2809 646 2873 priori
679 2808 782 2873 Epicuri
793 2810 893 2859 aemulos
904 2820 1037 2859 sectatores
1048 2811 1087 2859 sui
1097 2811 1215 2875 praedica-

110 2890 182 2923 versu
200 2891 256 2923 cum
275 2892 340 2937 egere
360 2874 386 2922 in
405 2874 451 2922 hoc
470 2890 542 2922 versu
564 2873 646 2923 minus
678 2875 744 2931 baut,
758 2874 849 2937 reJ'ecit,
862 2877 977 2938 quoniam
993 2875 1091 2924 illorum
1102 2876 1216 2940 dogmata

109 2940 245 2988 conveniat.
264 2940 322 3002 Leg.
332 2947 422 2997 autem,
434 2941 468 2988 Et
476 2943 566 2987 sarcire
575 2942 646 2988 animi
678 2948 771 2988 metum
782 2939 868 2988 mortis
883 2956 933 2988 non
946 2940 1045 3005 penitus
1057 2941 1214 2991 abstulerant

109 3012 216 3052 acturam
228 3003 341 3068 sanguini
358 3004 445 3052 inesse.
480 3004 514 3051 Et
525 3013 576 3052 tum
588 3019 644 3052 sen·
680 3003 783 3063 Deinde,
796 3006 819 3052 4.
830 3021 853 3054 v.
865 3005 934 3053 addit
949 3004 1050 3054 minime
1066 3006 1215 3054 credendum

109 3069 211 3118 tentiam
241 3068 403 3132 Empedoclis,
430 3068 472 3132 qui
500 3068 564 3116 dixit
590 3068 643 3117 ani·
677 3084 731 3117 esse
742 3069 804 3127 istis,
816 3069 857 3132 qui
867 3069 930 3118 laetis
939 3072 1012 3118 rebus
1023 3069 1138 3120 florentes
1146 3086 1214 3134 mag·

109 3149 176 3181 mum
197 3149 249 3182 esse
268 3133 335 3181 cordi
355 3133 473 3181 suffusum
493 3132 644 3196 sanguinem,
678 3133 750 3182 nilioe
767 3133 907 3199 loquuntur,
921 3134 1048 3198 spectandi
1059 3144 1141 3183 autem
1157 3145 1215 3184 sunt

109 3197 202 3255 Cicero,
227 3199 248 3246 I.
274 3198 345 3246 Tusc.
369 3198 461 3253 Quaest
484 3213 534 3245 non
560 3197 645 3262 inepte
677 3198 790 3246 homines
805 3198 921 3261 periculis
932 3198 1006 3247 cincti
1018 3207 1043 3246 et
1054 3199 1159 3246 miseriis
1170 3215 1214 3263 op-

109 3263 276 3311 adumbratam
287 3277 375 3311 assero.
406 3262 468 3316 Quis
482 3262 555 3310 etiam
568 3261 646 3310 nescit
695 3262 768 3318 ressi3
787 3263 809 3310 si
825 3271 876 3310 tum
889 3278 915 3310 se
929 3263 1004 3310 fortes
1020 3271 1144 3324 praestent,
1162 3271 1214 3310 tum

109 3327 259 3384 Lucretium,
280 3326 337 3374 licet
357 3327 465 3374 carmina
488 3326 645 3390 Empedoclis
677 3279 802 3374 latendum
821 3336 857 3374 est
880 3326 928 3374 illis
951 3325 1134 3388 Philosophiam
1157 3342 1217 3390 pros

108 3391 242 3439 admiratus
264 3391 303 3448 sit,
325 3391 455 3454 opiniones
478 3400 558 3438 tamen
579 3389 645 3438 illius
677 3390 759 3438 fuisse.

108 3455 199 3518 ubique
211 3455 364 3504 convelleret
711 3455 749 3502 5⁸.
766 3453 915 3516 Ejr'riantur]
934 3454 974 3503 Sic
987 3456 1077 3516 jacere,
1089 3457 1213 3518 rejectare,

141 3522 180 3568 46.
194 3523 220 3568 Si
224 3519 276 3583 fert
287 3518 390 3582 itafortc
402 3516 518 3580 volontas]
530 3517 643 3575 Quidam,
678 3527 703 3566 et
714 3517 810 3565 mittere
821 3533 912 3575 vocem,
921 3519 1063 3567 Lucretius:
1081 3519 1123 3568 alii
1132 3530 1213 3571 tamen

102 3585 159 3648 sera
170 3589 289 3640 volantum·
307 3583 371 3632 unde
389 3582 532 3641 Palmerius‚
544 3599 595 3631 sera
606 3599 643 3632 vo·
678 3598 692 3630 e
703 3582 772 3631 codd.
784 3585 914 3630 eliciantur.

109 3653 193 3709 luntas,
210 3649 226 3699 i.
240 3665 260 3698 e.
273 3648 354 3706 stulta,
366 3647 472 3704 sinistra,
487 3647 580 3711 turpis:
599 3646 643 3696 Gi·
711 3649 748 3695 59.
762 3649 866 3709 Denique
875 3646 1165 3710 Avaritier,etc.]Versus
1174 3653 1213 3700 28.

108 3715 189 3764 lanius
205 3713 262 3776 sera
281 3712 378 3771 retinet,
396 3716 427 3762 de
445 3721 523 3761 metro
544 3711 644 3760 minime
677 3712 719 3774 qui
742 3728 800 3760 mox
822 3712 941 3776 legentur,
962 3715 992 3761 ab
1012 3714 1112 3763 homine
1131 3731 1214 3764 rerum

108 3779 232 3829 solicitus:
250 3782 313 3827 Dira
324 3777 408 3827 scribit
424 3777 515 3825 Faber:
533 3777 592 3825 dum
603 3775 645 3826 alii
678 3777 822 3826 Ethicarum
831 3777 910 3841 perito
919 3794 968 3826 nou
978 3789 1081 3842 possunt
1089 3780 1148 3829 satis
1156 3780 1213 3844 legi,

108 3847 175 3893 corde
195 3854 318 3908 reponunt
340 3859 371 3891 ex
393 3841 505 3904 Virgilio,
532 3842 574 3890 lib.
597 3842 644 3890 Vl.
677 3842 761 3906 relegi,
778 3852 846 3891 tanta
862 3842 889 3890 in
905 3843 936 3891 iis
947 3843 984 3891 vis
1001 3843 1059 3892 boni
1075 3845 1212 3909 reperitur:

110 3908 167 3957 AEn.
186 3907 269 3970 sisere
281 3913 316 3957 ita
325 3908 397 3956 corde
407 3911 516 3955 voluntas.
535 3908 576 3956 An
587 3922 645 3956 vero
677 3918 771 3956 certum
794 3907 860 3956 enim
878 3917 915 3955 est
938 3908 1028 3957 Mortis
1050 3909 1212 3969 formidinem,

109 3973 160 4021 brec
181 3974 255 4022 rerba
277 3973 331 4021 illos
354 3980 466 4036 spectant
484 3971 526 4034 qui
547 3972 645 4020 laudem
678 3972 803 4031 Avaritiae,
818 3972 937 4030 Perfidiae,
949 3972 1211 4032 Ambitionis,Crude-

109 4037 180 4086 istam
190 4049 232 4087 aut
241 4053 325 4086 auram
334 4037 477 4102 popularem
486 4035 603 4093 ambiunt.
613 4053 645 4085 an
677 4036 761 4095 litatis,
777 4037 886 4096 Invidiae,
900 4037 1093 4100 Desperationis,
1101 4049 1145 4086 etc.
1158 4038 1211 4085 fon-

109 4103 277 4166 subjungenda
299 4102 356 4159 sint,
379 4105 443 4150 Hine
465 4104 519 4150 licet
538 4104 645 4150 advertas
678 4110 727 4150 tem
736 4118 796 4151 esse.
813 4104 897 4150 Faber.
927 4102 961 4150 Et
970 4101 1028 4150 hinc
1038 4102 1116 4150 oritur
1125 4116 1213 4163 magna

108 4171 224 4220 ommam:
242 4166 282 4214 alii
294 4167 427 4230 disputent.
678 4166 780 4230 Epicuri
796 4165 881 4230 gloria,
893 4167 934 4229 qui
948 4166 1077 4231 preceptis
1094 4165 1144 4213 suis
1162 4179 1212 4210 me-

142 4233 180 4279 51.
194 4231 336 4294 Parentont]
350 4231 455 4280 Mortuis
466 4247 534 4279 sacra
545 4230 644 4287 faciunt,
678 4241 729 4279 tum
749 4231 841 4287 mortis,
862 4247 876 4278 e
896 4247 944 4293 quo
961 4240 997 4279 tot
1014 4229 1077 4278 mala
1092 4227 1171 4276 fluunt
1188 4237 1213 4277 et

109 4295 212 4358 ideoque
224 4296 317 4344 animas
334 4306 388 4360 post
400 4307 503 4344 mortem
518 4310 644 4359 superesse
678 4294 825 4352 derivantur,
838 4295 912 4357 lugat.
