2872 4852
466 242 637 312 LIBER
666 242 969 311 SECUNDUS.
1213 247 1269 312 101

250 398 430 482 (Praeterea
440 401 551 485 magni
564 402 653 485 quod
669 399 770 466 refert
785 400 915 466 Semina
930 421 1069 485 quaeque

184 509 233 560 760
252 500 335 565 Cum
350 502 479 585 quibus,
496 512 530 566 et
543 501 630 586 quali
644 503 792 587 positura
807 503 1044 580 contineantur,

249 602 297 667 Et
311 626 392 688 quos
407 604 492 668 inter
507 626 542 668 se
557 605 636 669 dent
650 615 769 684 motus,
785 605 1024 690 accipiantque)

248 704 407 771 Perfacile
423 704 587 790 extemplo
601 707 758 771 rationem
772 708 911 772 reddere
924 706 1045 791 possis,

248 805 316 871 Cur
331 829 380 885 ea,
396 830 470 892 quae
485 807 592 892 Nigro
607 807 728 873 fuerint
742 809 853 894 paullo
867 819 943 874 ante
958 807 1088 886 Colore,

248 908 436 974 Marmoreo
451 909 523 976 lieri
538 910 664 995 possint
678 911 830 976 Candore
844 921 998 997 repente:

183 1008 230 1059 7⁶⁵
250 1007 299 1073 Ut
314 1011 422 1091 Mare,
438 1035 511 1077 cum
526 1014 634 1097 magni
648 1013 850 1078 commdrunt
864 1012 1017 1096 AEquora
1031 1012 1130 1090 venti,

247 1110 397 1177 Vertitur
411 1114 444 1177 in
459 1136 556 1179 canos
571 1114 724 1178 candenti
738 1135 898 1178 marmore
913 1113 1052 1192 fluctus3

247 1211 369 1279 Dicere
383 1217 469 1280 enirn
484 1216 590 1299 possis
606 1216 758 1300 Nigrum,
775 1216 865 1300 quod
881 1237 969 1300 saepe
984 1216 1142 1294 videmus,

247 1313 407 1380 Materies
423 1319 480 1381 ubi
494 1318 648 1400 permista
662 1318 702 1382 ’st
716 1317 813 1395 illius,
829 1328 863 1382 et
878 1319 959 1383 ordo

249 1414 421 1502 Principiis
436 1428 590 1497 mutatus,
606 1429 640 1483 et
654 1419 776 1496 addita,
793 1420 991 1504 demptaque
1006 1418 1167 1504 quaedam,

184 1528 231 1582 770
247 1518 411 1584 Continuo
424 1520 459 1584 id
473 1519 546 1585 fieri
559 1532 597 1585 ut
611 1521 764 1586 Candena
778 1523 939 1601 videatur,
955 1532 989 1587 et
1003 1520 1140 1587 Album:

245 1623 347 1696 Quod
363 1622 390 1685 si
405 1621 561 1688 Caeruleis
576 1634 764 1689 constarent
778 1622 930 1708 AEquora
944 1625 1037 1710 ponti

243 1725 438 1801 Seminibus,
453 1724 542 1789 nullo
556 1727 682 1810 possint
697 1724 878 1791 Albescere
892 1738 1010 1811 pact03

242 1826 330 1890 Nam
345 1849 540 1913 quocunque
555 1830 652 1894 modo
667 1832 854 1914 perturbeS,
870 1828 1000 1894 Caerula
1015 1851 1089 1913 quae
1105 1829 1171 1894 sint

244 1929 422 2014 Nunquam
436 1932 470 1993 in
485 1929 707 1996 Marmoreum
721 1942 861 2016 possunt
876 1933 1015 2016 migrare
1029 1929 1192 1996 Colorem.

178 2041 225 2092 775
285 2030 343 2095 Sin
357 2030 431 2109 alio,
448 2042 545 2116 atque
561 2032 623 2097 alio
639 2044 715 2097 sunt
730 2033 860 2097 Semina
875 2035 976 2098 tincta
991 2031 1121 2110 Colore,

241 2133 328 2206 Quae
344 2131 449 2196 Maris
465 2133 607 2198 efficiunt
623 2157 723 2198 unum
737 2157 921 2220 purumque
937 2134 1110 2212 Nitorem;

242 2234 292 2298 Ut
307 2256 396 2318 saepe
412 2257 454 2298 ex
469 2234 538 2298 aliis
554 2235 692 2313 Formis,
709 2237 871 2320 variisque
888 2236 1018 2319 Figuris

245 2335 398 2400 Efficitur
412 2336 568 2418 quiddam
583 2336 802 2414 Quadratum,
818 2359 958 2421 unaeque
973 2335 1108 2422 figurae:

246 2436 480 2513 Conveniebat,
496 2437 544 2500 uti
559 2437 592 2500 in
608 2437 781 2510 Quadrato
796 2440 956 2504 cernimus
971 2460 1043 2502 esse

180 2548 228 2600 780
246 2539 440 2603 Dissimileis
455 2537 601 2616 Formas,
618 2539 662 2603 ita
679 2561 812 2605 cernere
827 2542 860 2606 in
875 2541 1026 2626 AEquore
1041 2540 1134 2625 ponti

243 2640 314 2706 Aut
328 2640 390 2705 alio
404 2641 436 2705 in
451 2640 566 2725 quovis
582 2663 648 2706 uno
661 2665 810 2728 puroque
824 2643 956 2721 Nitore,

243 2737 437 2807 Dissimileis
452 2742 550 2828 longe
564 2744 649 2808 inter
665 2767 711 2822 se,
727 2746 897 2829 variosque
912 2745 1048 2810 colores.

285 2845 462 2922 Praeterea,
479 2844 558 2909 nihil
573 2846 729 2924 officiunt,
746 2848 942 2932 obstantque
957 2843 1088 2932 Figurae

246 2947 440 3024 Dissimiles,
457 2970 523 3032 quo
539 2948 746 3021 Quadratum
759 2950 864 3012 minus
881 2971 974 3014 omne
991 2951 1032 3014 sit
1046 2959 1160 3015 extra:

179 3061 226 3112 785
245 3049 293 3115 At
308 3051 387 3114 varii
401 3073 510 3116 rerum
524 3052 715 3136 impediunt,
731 3050 971 3137 prohibentque
987 3052 1134 3130 Colores,

243 3152 321 3225 Quo
336 3155 441 3218 minus
456 3177 529 3218 esse
545 3177 610 3219 uno
624 3154 729 3238 possit
743 3175 796 3218 res
811 3164 880 3219 tota
894 3155 1024 3220 Nitore.

187 3334 242 3385 769.
261 3334 396 3400 Praeterea]
412 3340 547 3400 Propterea,
568 3336 695 3387 Gilaniua:
730 3338 875 3400 quadratum
887 3337 926 3400 (id
936 3345 974 3385 eat
983 3352 1043 3399 quas
1054 3336 1081 3385 in
1092 3351 1146 3386 sese
1157 3336 1237 3394 habet,
1245 3344 1271 3385 et

156 3408 230 3448 recte.
730 3401 841 3449 continet
861 3399 1035 3464 quadratum);
1064 3401 1091 3449 in
1109 3416 1171 3464 aqua
1187 3410 1269 3450 autem

188 3463 244 3513 766.
260 3465 374 3512 Gaudenti
385 3464 508 3528 marmore]
522 3466 617 3530 Corpus
633 3460 695 3528 poli-
730 3465 825 3513 marina
836 3465 898 3513 nihil
910 3465 959 3513 tale
970 3465 1061 3514 videas.
1080 3468 1161 3515 Fater.

155 3536 208 3577 tum
228 3543 336 3577 marmor
355 3528 452 3586 dicitur,
474 3529 570 3578 etiamsi
592 3529 697 3578 solidum
764 3529 819 3579 778.
837 3529 1039 3593 Unaeqaefiguroe]
1053 3530 1094 3579 Sic
1110 3534 1168 3588 ista,
1181 3533 1270 3589 alterm

155 3592 265 3641 nonsit:
284 3592 319 3642 ita
330 3592 417 3650 Graeci,
430 3593 465 3643 ita
482 3593 571 3653 Latini,
584 3594 615 3642 de
626 3594 696 3653 mari,
729 3597 790 3651 soler,
808 3597 870 3651 alla,
888 3598 974 3650 natm
998 3595 1108 3654 Plautus,
1130 3595 1270 3654 Terentius,

154 3658 185 3706 de
196 3657 303 3722 papillis,
317 3667 362 3706 etc.
383 3661 467 3706 Faber.
729 3658 824 3716 Cicero,
838 3659 974 3708 Lucretius.

188 3723 242 3775 775.
256 3726 299 3772 Sin
310 3726 364 3780 als'o,
376 3731 445 3785 atquc
456 3727 509 3781 cllo,
522 3722 578 3786 cto]
598 3722 697 3772 Dixerit
762 3723 817 3775 783.
826 3727 952 3781 Praeterea,
960 3727 1021 3772 nibil
1031 3724 1202 3788 qfficr'unt,etc.]
1210 3725 1269 3774 Ver.

153 3788 256 3837 fortasse
266 3787 388 3852 quispiam
398 3803 486 3850 aquam
497 3787 572 3837 maris
580 3804 612 3836 ex
621 3788 696 3837 variis
728 3790 751 3837 4.
761 3789 807 3836 hoc
814 3788 929 3852 effugium
940 3789 1034 3838 nullum
1046 3806 1099 3839 esse
1111 3790 1269 3847 demonstrat,

154 3862 180 3901 et
196 3853 410 3903 diversicoloribus
427 3853 515 3902 atomis
534 3853 696 3911 concrevisse,
729 3869 832 3917 corpora
844 3853 909 3903 euim
922 3853 1024 3903 diversa
1035 3855 1120 3918 figurae
1131 3854 1157 3903 in
1168 3855 1270 3903 alteram

154 3919 220 3967 unde
236 3918 278 3967 ille
296 3928 322 3967 et
337 3918 379 3966 ille
391 3917 464 3975 color,
481 3918 554 3966 modo
570 3917 695 3976 caeruleus,
729 3918 851 3967 diversam
876 3919 978 3982 figuram
999 3919 1137 3968 consentire
1159 3927 1270 3983 possunt,

153 3984 226 4031 modo
234 3983 304 4032 albus
316 3992 452 4041 enascatur,
461 3983 497 4031 uti
509 3984 653 4046 quadratum
665 3998 696 4031 ex
729 3992 758 4031 ut
767 3984 888 4046 triangula
896 3983 922 4032 in
931 3985 1083 4046 quadratum,
1093 3993 1175 4032 arnon
1185 3984 1271 4032 eadem

154 4046 248 4096 duobus
265 4058 308 4096 aut
324 4058 428 4111 quatuor
447 4048 575 4110 triangulis
595 4046 696 4096 inclusis
729 4058 768 4096 est
786 4048 895 4097 colorum
910 4049 980 4108 ratio,
1000 4065 1045 4098 nec
1065 4049 1156 4097 diversi
1176 4048 1272 4096 colores

154 4112 315 4175 componitur,
339 4129 393 4176 quoe
415 4112 470 4176 ipsa
493 4112 616 4175 triangula
635 4111 696 4160 alias
728 4128 835 4176 unquam
849 4128 924 4161 uuum
936 4113 1073 4177 simplicem
1085 4119 1242 4175 componunt.

154 4173 219 4223 inter
230 4192 284 4224 sese
295 4179 386 4241 figuras
398 4178 519 4233 habeant;
537 4178 580 4226 sed
591 4193 641 4225 non
653 4177 694 4235 ita,
761 4180 816 4229 784.
829 4181 909 4226 Minos
918 4196 981 4227 omne
989 4183 1021 4227 sr't
1029 4177 1109 4239 extra]
1121 4177 1160 4225 Ita
1170 4172 1269 4246 Lambi-

155 4237 242 4300 inquit,
255 4257 277 4288 v.
290 4245 312 4290 8.
325 4258 382 4291 nam
394 4242 420 4291 in
432 4242 550 4306 quadrato
564 4241 696 4291 dissimiles
728 4259 775 4291 nus
787 4259 802 4291 a
813 4243 882 4291 codd.
896 4244 953 4292 dum
967 4244 1097 4299 Marullus,
1109 4249 1134 4288 et
1146 4239 1269 4287 Nardrusz

157 4303 246 4352 formas
267 4321 366 4355 cernere
386 4316 464 4371 potes,
484 4317 555 4356 extra
575 4323 635 4370 quas
658 4317 696 4356 est
729 4312 803 4357 minas
815 4316 873 4357 saer
885 4311 909 4355 r'a
921 4310 975 4362 s‘lls's.
