2872 4852
219 254 284 317 242
603 254 646 318 T.
672 253 943 318 LUCRETII

306 410 380 474 Neo
391 411 502 494 jacere
518 410 598 473 indu
614 409 747 487 Manus,
763 411 814 473 via
830 432 895 492 qua
910 410 1033 474 munita
1047 409 1126 474 fidei

242 535 249 551 ¹·
305 510 460 577 Proxima
472 511 536 574 fert
551 512 727 575 humanum
741 513 774 574 in
789 522 916 595 pectus,
934 511 1119 598 templaque
1132 511 1270 577 mentiar

244 627 288 672 roa
308 614 376 679 Sed
392 625 499 678 tamen
515 613 660 693 effabor3
685 616 780 679 dictis
797 615 888 678 dabit
903 615 975 697 ipsa
989 614 1089 678 fidem
1103 637 1158 680 res

311 717 474 793 Forsitan,
491 726 525 779 et
539 716 681 799 graviter
696 727 857 780 terrarum
871 717 1012 780 motibus
1027 717 1115 779 orbis

306 818 426 882 Omnia
440 820 650 902 conquassari
663 819 696 883 in
712 841 813 903 parvo
828 828 975 902 tempore
989 838 1122 883 cernes:

307 920 409 994 Quod
425 920 574 1004 procula
589 921 682 985 nobis
698 921 809 985 flectat
824 921 970 986 Fortuna
984 922 1190 1005 gubernans,

307 1023 354 1087 Et
369 1023 469 1087 Ratio
484 1024 605 1107 potius,
622 1043 718 1108 quam
733 1023 804 1087 Res
819 1023 1017 1107 persuadeat
1031 1024 1115 1107 ipsa,

243 1136 289 1182 110
308 1126 484 1190 Succidere
499 1125 670 1190 horrisono
685 1133 783 1209 posse
799 1126 905 1189 omnia
919 1125 1004 1188 victa
1019 1124 1160 1209 fragore.

352 1229 428 1301 Qua
442 1229 533 1311 prius
550 1228 723 1312 aggrediar
738 1250 835 1311 quam
851 1228 893 1291 de
910 1248 945 1290 re
961 1226 1098 1290 fundere
1114 1226 1183 1290 fata
1213 1246 1216 1251 ·

309 1330 473 1407 SanctiuS,
489 1341 523 1394 et
537 1329 641 1394 multo
654 1339 744 1393 certa
758 1330 883 1393 ratione
898 1330 1001 1414 magis
1017 1352 1114 1413 quam

309 1431 440 1516 Pythia,
457 1455 531 1517 quae
546 1433 676 1516 tripode
691 1455 709 1496 e
725 1431 857 1509 Phoebi,
872 1430 1031 1515 lauroque
1047 1431 1216 1515 profatum

308 1533 416 1599 Multa
432 1536 490 1598 tibi
506 1535 678 1618 expediam
694 1535 798 1599 doctis
814 1532 928 1598 solatia
944 1535 1056 1599 dietis:

245 1645 291 1692 ¹15
309 1635 493 1720 Relligione
509 1635 700 1700 refraenatus
716 1659 757 1700 ne
773 1636 858 1701 forte
873 1637 987 1714 rearis,

262 1760 266 1802 ;
307 1736 442 1815 Terras,
458 1749 493 1801 et
507 1736 627 1814 Solem,
643 1736 782 1814 Coelum,
800 1737 907 1814 Mare,
924 1737 1053 1814 Sidera,
1070 1737 1211 1813 Lunam,

308 1839 455 1923 Corpore
472 1839 580 1902 divino
595 1838 716 1903 debere
732 1847 854 1903 aeterna
868 1861 1016 1904 manere:

310 1940 556 2024 Proptereaque
571 1950 668 2025 putes
684 1941 749 2004 ritu
763 1963 824 2026 par
839 1963 911 2005 esse
927 1941 1119 2025 Gigantum,

309 2042 460 2107 Pendere
475 2065 532 2108 eos
547 2066 662 2128 poenas
678 2044 807 2108 immani
820 2066 882 2129 pro
898 2043 1020 2109 scelere
1037 2044 1172 2120 omneis,

246 2156 295 2202 mo
307 2144 376 2218 Qui
389 2145 514 2210 ratione
530 2139 791 2211 sua’disturbent
805 2147 925 2210 moenia
940 2145 1071 2222 Mundi,

310 2245 573 2333 Praeolarumque
588 2247 687 2313 velint
699 2246 774 2312 coeli
787 2249 991 2333 restinguere
1008 2246 1128 2323 Solem,

309 2349 506 2416 Immortalis
518 2350 645 2415 mortali
660 2372 808 2415 sermone
823 2360 987 2414 notantes.

353 2453 439 2525 Quae
453 2452 569 2538 procul
583 2453 773 2537 usqueadeo
788 2453 897 2517 divino
911 2454 953 2516 ab
967 2451 1097 2515 numine
1112 2451 1248 2526 distent,

311 2555 415 2639 lnque
431 2554 529 2620 desim
544 2578 678 2619 numero
694 2557 739 2619 sic
755 2564 831 2619 sunt
844 2556 978 2639 indigna
992 2554 1107 2631 videri,

249 2667 294 2713 125
310 2656 470 2721 Notitiam
485 2659 594 2741 potius
611 2659 759 2742 praebere
774 2668 812 2722 ut
827 2679 924 2742 posse
939 2667 1107 2741 putentur,

314 2758 405 2831 Quid
423 2760 463 2823 sit
479 2758 566 2822 vitali
581 2770 682 2837 motu,
699 2781 862 2843 sensuque
876 2770 1046 2823 remotum.

310 2859 444 2943 Quippe
460 2861 579 2923 etenim
594 2871 724 2924 nonest
739 2883 813 2925 cum
827 2860 941 2945 quovis
956 2881 1093 2944 corpore
1109 2868 1145 2923 ut
1160 2880 1234 2923 esse

220 2975 235 3050 s
312 2959 415 3025 Posse
431 2960 542 3025 Animi
556 2973 673 3026 natura
687 2971 834 3046 putetur,
849 2961 1109 3046 Consiliumque:

310 3063 402 3128 Sicut
416 3063 448 3127 in
465 3062 587 3127 aethere
603 3085 668 3126 non
683 3062 807 3142 Arbor,
820 3086 880 3128 nec
895 3065 928 3128 in
944 3086 1075 3148 aequore
1090 3061 1176 3127 salso

257 3224 310 3281 103,
325 3225 379 3272 104.
400 3225 445 3273 Vsa
455 3240 501 3287 qua
509 3225 663 3284 muitaflder'
674 3225 758 3272 Praxi·
792 3221 928 3272 contemnit
940 3224 1022 3281 Porta,
1030 3232 1055 3270 et
1062 3221 1215 3285 indignatum
1228 3221 1333 3284 iujuria-

221 3304 266 3346 m,
286 3289 343 3352 ete]
365 3290 402 3338 Ea
422 3289 488 3338 enim
506 3288 613 3337 maxime
630 3288 759 3348 oredimus,
792 3288 1220 3349 rumforsanmemor,neonugarum
1245 3287 1334 3337 atiena

220 3365 277 3415 quae
287 3354 417 3413 cernimus,
430 3363 472 3403 aut
484 3353 613 3417 tangimus.
827 3355 881 3401 120.
899 3355 1037 3401 Disturbeut
1046 3355 1131 3400 moenio
1139 3303 1278 3414 Mundil'Id
1288 3361 1337 3412 est,

257 3419 310 3466 lll.
331 3423 382 3472 Quo
391 3424 458 3482 prius
469 3422 602 3483 aggredior,
618 3417 674 3480 ete]
691 3419 758 3473 Quo·
791 3419 897 3483 probant
906 3417 1024 3467 mundum
1032 3416 1196 3464 interiturum
1224 3417 1265 3464 lta
1274 3417 1333 3466 Vir·

221 3480 288 3528 niam
305 3498 364 3532 vero
383 3484 520 3533 Stoicorum
537 3484 639 3541 vanitas,
656 3483 760 3531 aliorum
791 3483 872 3546 gilius,
889 3487 992 3547 ingentes
1008 3485 1078 3545 erigit
1093 3485 1165 3539 alnos,
1181 3480 1208 3529 id
1225 3489 1270 3539 est,
1288 3481 1333 3529 de-

222 3543 367 3607 ignorantia,
389 3557 414 3596 et
433 3548 501 3611 vulgi
519 3548 662 3612 superstitio
684 3548 761 3597 multa
792 3547 877 3596 scribit
894 3563 943 3611 quo
958 3558 1031 3612 pacto
1048 3562 1080 3594 ex
1103 3545 1250 3594 Heliadibus
1272 3546 1335 3594 Alni

220 3610 364 3722 tullii:
377 3612 761 3739 lltrtllltttllfftt'tl’
792 3610 1336 3738 tufflltttltttlgt‘ttt‘tt'

221 3743 271 3805 mo,¹
283 3752 306 3785 v.
318 3739 356 3785 36.
369 3739 458 3789 stoicos
472 3741 568 3789 resistat.
602 3741 701 3804 Quippe
718 3739 760 3787 isti
792 3739 860 3802 dum)
881 3741 923 3804 qui
944 3740 1050 3804 probant
1075 3741 1195 3789 muudum
1221 3739 1336 3803 genitum

222 3800 335 3851 homines
346 3801 429 3860 solem,
441 3804 533 3862 lunam,
543 3820 617 3863 mare,
629 3814 713 3862 terras,
723 3813 760 3852 to·
794 3821 861 3860 esse3
885 3813 911 3853 et
926 3805 988 3853 illud
1005 3804 1115 3853 Platonis
1133 3805 1275 3863 notandum,
1290 3804 1334 3867 qui

224 3862 276 3914 tlrm
288 3865 392 3928 denique
405 3867 530 3925 mundum,
543 3869 631 3931 spiritu
643 3868 709 3916 intus
723 3868 761 3916 in·
793 3869 850 3918 τοὺς
860 3867 957 3932 ῥέοντας
970 3867 1094 3931 (fluentes)
1106 3869 1195 3918 alieubi
1207 3877 1278 3918 voest
1291 3885 1336 3918 eos

220 3930 284 3987 fuso,
301 3931 436 3979 animatum
453 3933 535 3979 Deum
555 3948 608 3980 esse
625 3931 760 3981 voluerunt.
794 3932 988 3997 ePhilosophis,
1007 3933 1049 3995 qui
1069 3933 1153 3983 omnia
1169 3933 1196 3982 in
1214 3943 1338 3998 perpetuo

225 3994 356 4044 Manilius:
375 3996 426 4044 Hoc
435 3999 761 4057 opuslmmmu’comtrroetum
793 3999 862 4047 fluxu
874 4014 928 4046 esse
938 3998 1055 4046 dicerent.
1071 4001 1152 4047 Faber.

225 4077 315 4123 corpore
337 4063 423 4118 mundi,
444 4061 592 4124 Membraque
610 4069 701 4109 satum
723 4065 760 4110 ds·-
828 4064 881 4111 124.
900 4066 939 4111 Sic
949 4070 1003 4111 sunt
1014 4062 1123 4126 indigua]
1136 4062 1195 4123 Alii,
1213 4080 1264 4126 qsae
1279 4072 1336 4115 aaut

222 4141 291 4175 versa
306 4128 398 4173 condita
408 4124 488 4188 forma
508 4126 584 4182 A‘e'rs’s,
603 4133 671 4187 atque
692 4129 760 4188 ignis,
793 4129 897 4190 indigna

220 4193 301 4247 deno,
311 4193 434 4253 pelagique
437 4189 548 4252 jacentis,
570 4191 610 4237 Vas
626 4193 708 4237 ontmoe
724 4193 761 4238 ds·-
829 4193 883 4241 129.
901 4194 1009 4248 Stratis,
1023 4189 1080 4254 eto]
1099 4192 1235 4256 sequentes
1253 4193 1292 4240 13.
1310 4206 1334 4242 v.

225 4259 280 4304 vino
288 4257 355 4318 regit,
363 4272 470 4317 sacroque
477 4262 553 4302 meatu
563 4256 686 4316 Comps‘rat
692 4256 762 4314 Deus,
794 4255 914 4314 invenies,
924 4256 965 4305 lib.
977 4256 988 4303 l
994 4256 1029 4304 ll.
1040 4272 1062 4304 v.
1073 4257 1128 4307 785.
1138 4258 1180 4306 ubi
1189 4257 1336 4322 etismlegi-

225 4328 249 4368 et
265 4323 338 4368 tacita
354 4324 442 4370 ratione
456 4321 576 4382 gubernat.
610 4319 665 4367 Hos
682 4327 763 4367 autem
796 4328 844 4378 tur,
856 4323 909 4369 Non
920 4337 1009 4383 equore
1019 4325 1043 4369 ὄπ
1055 4323 1109 4370 alto.
