2872 4852
460 238 632 306 LIBER
668 241 928 313 QUINTUS.
1184 249 1249 314 283

225 399 272 464 Et
286 398 392 482 rapidi
407 396 566 474 fremitus,
582 404 616 460 et
631 417 796 461 murmura
809 418 927 482 magna
941 401 1109 466 minarum.

267 501 300 564 Ο
316 521 420 584 genus
435 498 547 563 infelix
561 499 755 565 burrianum!
780 499 855 564 talia
871 500 965 566 Divis

224 603 307 666 Cum
321 603 435 667 tribuit
449 601 546 679 facta,
562 612 660 686 atque
676 603 740 666 iras
756 603 906 687 adjunxit
920 606 1076 669 acerbast

150 716 211 762 1195
224 703 375 777 Quantos
391 714 458 768 tum
473 705 612 789 gemitus
628 704 698 789 Ipsi
713 705 784 778 sibi,
801 715 987 789 quantaque
1002 707 1096 771 nobis

223 804 385 882 Volnera;
408 828 490 888 quas
504 804 663 890 lacrymas
678 805 837 890 peperere
852 808 1023 871 minoribu‘
1037 809 1175 872 nostris!

265 907 339 971 Nec
356 907 466 971 Pietas
483 907 548 972 ulla
562 907 602 972 'st
616 908 756 973 velatum
772 931 859 993 saepe
875 909 979 974 videri

221 1008 355 1073 Vertier
369 1009 412 1073 ad
428 1009 600 1093 Lapidem,
616 1020 714 1094 atque
730 1012 852 1074 omneis
867 1012 1023 1075 accedere
1040 1012 1082 1074 ad
1097 1033 1188 1088 aras3

220 1110 296 1175 Nec
309 1113 524 1195 procumbere
539 1112 630 1176 humi
645 1121 856 1196 prostratum,
873 1122 907 1176 et
921 1113 1066 1196 pandere
1082 1111 1204 1196 palmas

148 1221 211 1268 1200
222 1209 312 1276 Ante
328 1211 439 1276 Derim
454 1211 603 1290 delubra,
618 1235 678 1277 nec
694 1235 767 1276 aras
784 1213 940 1296 sanguine
956 1213 1059 1277 multo

222 1312 385 1398 Spargere
401 1314 663 1398 quadrupedum,
680 1336 741 1378 nec
756 1316 838 1377 votis
854 1325 985 1379 nectere
1000 1326 1092 1379 vota:

223 1412 291 1477 Sed
305 1438 398 1500 mage
413 1425 529 1499 pacata
544 1437 642 1500 posse
658 1416 764 1479 omnia
778 1427 885 1480 mente
901 1418 996 1481 tueri.

221 1515 309 1579 Nam
325 1539 398 1580 cum
416 1518 609 1601 suspicimus
624 1519 732 1601 magni
747 1516 893 1582 coelestia
907 1519 1019 1583 mundi

222 1616 362 1702 Templa
377 1641 487 1704 super,
504 1618 671 1703 stellisque
686 1620 879 1684 micantibus
895 1620 1019 1685 aethera
1034 1620 1147 1699 fixum,

147 1730 210 1777 1205
223 1718 269 1782 Et
284 1721 372 1785 venit
385 1721 419 1783 in
435 1731 575 1786 mentem
590 1721 687 1799 Solis,
704 1721 874 1807 Lunaeque
889 1724 1023 1800 viarum,

221 1821 318 1886 Tunc
334 1822 402 1887 aliis
419 1845 577 1908 oppressa
592 1823 682 1887 malis
697 1824 729 1887 in
744 1834 878 1908 pectore
894 1847 973 1888 eura

219 1922 279 1988 Illa
294 1948 424 2010 quoque
440 1915 707 2010 expergefactum
722 1935 822 2009 caput
835 1927 962 2009 erigere
977 1925 1060 2003 infit,

220 2026 345 2111 Ecquae
361 2026 445 2092 forte
462 2027 572 2092 Derim
588 2028 681 2091 nobis
697 2028 853 2090 immensa
866 2038 1014 2111 potestas

219 2127 269 2192 Sit
282 2129 371 2191 vario
386 2139 476 2192 motu
491 2151 564 2212 quae
580 2128 720 2192 candida
736 2128 843 2191 sidera
857 2139 977 2193 verset.

144 2239 207 2288 1210
219 2229 343 2293 Tentat
355 2230 440 2293 enim
456 2230 587 2293 dubiam
603 2240 743 2292 mentem
758 2230 892 2292 rationis
907 2240 1048 2312 egestas,

221 2330 421 2414 Ecquaenam
437 2330 535 2394 fuerit
550 2329 671 2394 Mundi
685 2327 834 2412 genitalis
851 2330 960 2413 origo:

220 2430 267 2495 Et
283 2430 387 2508 simul,
404 2453 517 2515 ecquae
533 2432 575 2495 sit
588 2430 675 2506 finis,
692 2430 801 2513 quoad
816 2431 935 2494 moenia
951 2429 1082 2508 Mundi,

222 2533 269 2597 Et
284 2533 366 2598 tanti
380 2543 487 2597 motus
503 2534 592 2597 hmrc
606 2533 733 2617 possint
747 2530 833 2596 ferre
848 2530 1011 2596 laborem:

219 2635 276 2700 An
291 2635 457 2700 Divinitas
474 2646 595 2702 aetema
611 2635 732 2698 donata
747 2633 862 2711 salute,

145 2748 207 2796 1215
220 2736 386 2821 Perpetuo
402 2738 528 2821 possint
542 2737 602 2800 aevi
616 2734 759 2800 labentia
773 2744 892 2814 tractU,

167 2946 236 2992 1192.
253 2947 376 2993 Murmura
387 2962 470 3008 magns
481 2943 606 3006 minorum]
622 2944 670 2991 Per
703 2951 726 2991 et
743 2946 877 2991 decedentia
896 2946 966 2991 certis
989 2945 1098 3005 Tempora
1118 2947 1241 3000 momentis,

132 3025 186 3071 quae
200 3009 242 3057 Dii
253 3009 368 3058 videntur
379 3008 519 3057 hominibus
536 3008 632 3068 minari,
646 3017 670 3056 et
702 3016 756 3055 sunt
767 3011 807 3070 qui
811 3006 938 3068 formidine
948 3011 1013 3056 nullo
1030 3011 1116 3056 Imbati
1131 3016 1240 3069 spectent.

132 3083 250 3122 terrorem
262 3074 359 3122 inferre.
703 3071 782 3129 Alius,
794 3074 913 3133 Felisque·
926 3076 1002 3134 potuit
1017 3089 1094 3120 rerum
1110 3089 1241 3136 cognoscere

166 3139 235 3187 1193.
268 3141 287 3186 0
311 3155 383 3202 genas
411 3137 492 3200 infelix
517 3135 668 3198 damonumt]
702 3140 990 3198 causas-strepitumque
1013 3140 1153 3186 Acheruntis
1175 3140 1243 3186 socri

133 3202 225 3265 Opinio
236 3203 267 3250 de
278 3201 439 3266 providentia,
452 3202 473 3250 si
490 3201 598 3265 Epicuro
615 3216 668 3249 cre·
703 3201 806 3262 Subjecit
813 3203 917 3261 pedibus.

132 3266 221 3325 dimus,
233 3267 305 3315 unica
317 3278 355 3316 est
370 3282 443 3314 causa
459 3264 622 3314 solicitudinis
638 3264 668 3311 il·
737 3265 807 3315 1197.
828 3267 933 3313 reatum
943 3282 1002 3326 saepo
1019 3268 1099 3322 videri,
1112 3265 1169 3328 eta]
1188 3266 1239 3313 Ro-

131 3330 186 3388 lius,
205 3347 258 3392 quae
270 3331 332 3379 vitas
348 3330 475 3378 hominum
492 3330 584 3392 affligit,
597 3339 669 3391 atque
702 3328 769 3376 mani
780 3329 859 3376 velato
876 3328 956 3391 capite
973 3338 998 3376 et
1014 3329 1161 3377 circumacto
1177 3329 1238 3378 dex·

132 3393 184 3441 haec
207 3395 335 3451 sententia,
357 3411 378 3442 v.
401 3396 438 3441 24.
462 3394 503 3456 qui
526 3402 668 3454 sequuntur,
702 3400 808 3440 trorsum
825 3408 926 3455 corpore
947 3393 1012 3440 Deos
1032 3393 1147 3456 (lapides)
1164 3409 1239 3442 vene·

132 3473 164 3505 ex
182 3457 275 3506 licetur.
315 3460 355 3507 Ab
378 3458 420 3506 illa
444 3466 526 3505 autem
554 3456 669 3520 opinione
701 3458 831 3504 rebantur:
859 3457 907 3504 vid.
932 3456 1055 3505 Plutarch.
1078 3457 1190 3520 ρωμαῖκὰ,
1214 3467 1241 3506 et

132 3538 148 3570 v
175 3523 281 3584 givana
299 3535 324 3570 et
343 3523 427 3586 inepta
447 3521 596 3584 superstitio,
615 3537 669 3583 quse
701 3520 778 3568 vitam
790 3521 917 3569 Marcelli:
936 3530 961 3568 et
971 3521 1118 3585 interpretes
1136 3522 1239 3572 Minutii

132 3586 200 3634 nulla
218 3597 255 3635 est
273 3603 330 3649 erga
348 3588 413 3634 Deos
434 3586 526 3649 pietas:
551 3585 669 3648 quivere
703 3585 799 3643 Felicis,
811 3601 866 3649 pag.
881 3587 918 3633 12.

132 3651 195 3714 pius,
214 3652 322 3716 seipsum
340 3651 447 3715 respicit,
465 3650 578 3713 explorat
596 3650 666 3699 natu·
735 3652 805 3698 1208.
829 3654 913 3712 quue
922 3648 988 3710 sorte
1004 3653 1078 3698 Dedm
1093 3651 1171 3715 nobis]
1190 3652 1238 3700 Pro

131 3732 165 3763 rae
176 3716 248 3774 vires,
264 3727 293 3764 ut
308 3716 390 3764 omnia
406 3715 534 3778 intelligat,
547 3714 609 3763 nihil
625 3716 667 3764 ad·
701 3717 765 3763 notis
778 3715 857 3762 Faber
868 3714 994 3763 substituit
1006 3718 1061 3763 esde
1071 3719 1138 3777 polis,
1150 3716 1177 3765 in
1188 3733 1237 3766 cos-

131 3781 248 3837 miretur;
265 3781 324 3828 inde
335 3780 401 3828 enim
413 3781 441 3829 fit
453 3791 480 3828 ut
491 3780 598 3828 siderum
615 3795 665 3827 mo·
701 3778 738 3827 lis.
774 3779 823 3827 Sed
840 3779 887 3827 ista
904 3779 1019 3828 audacior
1035 3789 1072 3828 est
1090 3783 1236 3844 conjectura,

131 3856 177 3903 tus,
190 3855 215 3894 et
232 3845 280 3894 alia
297 3847 398 3894 Naturae
414 3846 575 3909 phaenomena
590 3844 667 3893 intre·
701 3854 726 3891 ct
743 3847 793 3902 titt,
805 3847 858 3901 siti,
875 3848 943 3901 vobis,
961 3848 1032 3903 notis,
1049 3855 1092 3893 etc.
1104 3862 1149 3910 pro
1165 3845 1237 3895 libitu
1269 3893 1271 3898 .

130 3911 203 3975 pidus
220 3920 349 3974 spectaret,
367 3911 425 3958 dum
442 3909 525 3958 omnia
540 3909 593 3957 fieri
614 3909 667 3958 sine
700 3908 840 3957 inserebant
851 3919 946 3958 veteres
958 3909 1047 3958 Po'e'tae.

131 3977 240 4024 Deorum
252 3975 393 4024 interventu
410 3974 520 4023 noverit:
539 3990 596 4022 nam
613 3973 666 4037 pie·
735 3976 804 4021 1213.
822 3977 855 4022 Et
867 3978 927 4022 tanti
938 3983 1010 4022 motus
1021 3979 1081 4023 tune
1090 3979 1178 4037 possint
1182 3975 1235 4037 ser-

130 4041 188 4088 tatis
207 4049 286 4089 mater
307 4039 459 4104 (Papicolam
482 4039 593 4088 crederes
616 4039 666 4086 Lu·
700 4037 738 4099 re]
750 4038 808 4096 Alii,
819 4043 902 4087 taciti.-
916 4039 959 4087 sed
970 4039 1022 4088 sive
1035 4043 1102 4088 taciti
1113 4039 1165 4087 sive
1177 4042 1238 4087 tanti

130 4103 246 4168 cretium)
274 4104 418 4168 ignorantia
459 4104 547 4152 Horat.
571 4104 618 4167 Ep.
644 4104 666 4151 d.
699 4102 767 4166 legas
784 4103 887 4167 perinde
905 4113 956 4160 est3
978 4113 1044 4152 recte
1061 4112 1143 4152 autem
1161 4103 1236 4164 leges,

132 4167 173 4215 lib.
187 4169 207 4215 Ι.
236 4172 281 4217 Nil
295 4173 409 4218 admirari
422 4186 493 4232 prope
509 4185 546 4218 res
562 4177 597 4216 est
613 4185 666 4224 una
702 4168 776 4216 Hunc
788 4172 848 4216 tanti
864 4177 937 4218 motus
950 4172 1039 4231 possint
1055 4167 1155 4216 sufferre
1172 4169 1235 4214 lobo-

132 4233 233 4290 Numr'ci,
255 4236 350 4297 Solaque
372 4251 421 4295 qua
441 4237 514 4299 possit
531 4232 619 4294 facere,
643 4241 667 4280 et
698 4250 752 4282 rem.
784 4233 869 4281 Faber.
1231 4269 1234 4274 -

131 4311 222 4346 servare
239 4300 342 4347 beatam:
363 4301 432 4348 Hunc
446 4302 520 4357 solem,
539 4306 561 4347 et
578 4301 665 4356 stellas,
