2872 4852
148 224 214 290 999
529 217 572 284 T.
589 217 877 283 LUCRETII

235 378 345 443 Acriis
362 376 513 459 quoniam
528 375 666 439 vicinum
681 375 825 459 tangitur
840 375 939 451 auris,

233 479 394 555 Tundier,
411 494 509 560 atque
524 476 596 560 ejus
612 477 728 540 crebro
742 476 903 560 pulsarier
917 477 1005 541 ictu:

235 580 480 664 Proptereaque
496 577 564 641 fere
580 599 632 640 res
649 599 771 654 omneS,
786 589 843 641 aut
859 577 958 641 Corio
975 587 1061 654 sunt,

235 682 306 747 Aut
322 682 410 754 Seta,
427 692 484 744 aut
499 679 652 755 Conchis‚
668 690 726 742 aut
740 679 843 755 Callo,
860 690 917 743 aut
932 679 1062 744 Cortice
1077 689 1184 744 tectae.

171 797 218 843 995
236 785 427 848 Interiorem
442 784 537 847 etiam
552 794 678 866 partem
694 782 893 865 spirantibus
909 781 994 844 Aer

236 886 402 951 Verberat
417 886 470 950 bic
486 887 573 949 idem
588 907 661 948 cum
677 884 817 960 ducitur,
834 895 932 966 atque
947 882 1092 947 reflatur.

236 988 349 1061 Quare
365 988 517 1071 utrinque
533 1009 626 1050 secus
641 1008 739 1070 quom
755 984 884 1069 Corpus
900 984 1043 1069 vapulet,
1058 996 1092 1048 et
1107 1007 1207 1068 quom

235 1089 431 1154 Perveniant
446 1088 551 1173 plagae
566 1110 626 1173 per
642 1111 743 1172 parva
757 1087 914 1152 foramina
928 1088 1023 1151 nobis

235 1191 391 1276 Corporis
406 1193 449 1255 ad
465 1193 583 1275 primas
600 1191 734 1274 parteis,
750 1188 973 1273 elementaque
992 1190 1113 1273 prima3

171 1305 218 1351 940
237 1293 290 1357 Fit
304 1295 398 1377 quasi
412 1292 579 1378 paullatim
594 1294 687 1357 nobis
702 1315 762 1376 per
776 1293 921 1355 membra
936 1292 1040 1359 ruina.

235 1394 483 1459 Conturbantur
496 1395 581 1459 enim
595 1395 751 1479 positurae
765 1393 998 1477 principiorum

235 1497 402 1581 Corporis,
419 1507 517 1581 atque
532 1496 653 1573 Animi,
672 1496 728 1570 sic,
744 1506 781 1558 ut
794 1517 872 1579 pars
887 1495 963 1558 inde
979 1492 1112 1557 Animai

237 1598 408 1682 Ejiciatur,
424 1610 458 1662 et
473 1602 647 1662 introrsum
663 1619 739 1682 pars
756 1598 867 1661 abdita
882 1597 996 1674 cedat3

236 1699 319 1762 Pars
333 1700 429 1763 etiarn
445 1700 602 1763 distracta
616 1721 675 1783 per
691 1709 793 1775 artus,
810 1721 875 1762 non
891 1707 990 1782 queat
1004 1719 1077 1761 esse

171 1812 218 1859 945
237 1800 421 1884 Conjuncta
434 1801 519 1864 inter
535 1822 581 1875 se,
598 1822 658 1863 nec
673 1811 763 1863 motu
777 1811 890 1864 mutua
906 1799 1016 1883 fungi3

235 1901 326 1966 Inter
340 1903 425 1966 enim
441 1904 525 1986 sepit
540 1901 647 1966 aditus
663 1900 805 1979 Natura,
822 1903 973 1985 viasque:

236 2004 330 2088 Ergo
344 1997 467 2068 Sensus
482 2005 550 2068 abit
565 2003 696 2066 mutatis
711 2005 852 2067 motibus
869 2002 944 2068 alte.

236 2106 283 2169 Et
299 2109 450 2188 quoniam
465 2116 595 2170 nonest
610 2106 703 2190 quasi
717 2106 806 2189 quod
823 2103 987 2169 suffulciat
1003 2115 1105 2182 artus,

236 2206 356 2272 Debile
372 2208 410 2272 fit
426 2209 567 2293 Corpus,
583 2207 798 2291 languescunt
814 2208 919 2271 omnia
934 2208 1095 2284 membra;

171 2321 219 2368 959
238 2309 391 2388 Brachia,
403 2311 640 2395 Palpebraeque
654 2310 787 2386 cadunt,
802 2308 1013 2393 Poplitesque
1025 2308 1260 2394 procumbunt.

280 2412 412 2476 Deinde
427 2414 535 2477 cibum
551 2412 698 2494 sequitur
714 2411 866 2488 SomnuS,
882 2412 958 2494 quia
973 2433 1047 2494 quae
1063 2410 1140 2475 facit
1155 2408 1242 2487 Aer,

234 2513 318 2577 Haec
334 2513 448 2577 eadem
463 2501 577 2589 Cibus,
593 2514 626 2575 in
640 2535 737 2576 venas
755 2512 832 2575 dum
849 2511 973 2575 diditur
988 2513 1124 2588 omneis,

236 2614 365 2691 Efficit;
390 2624 424 2677 et
437 2613 538 2677 multo
553 2612 660 2696 Sopor
674 2611 727 2677 ille
743 2614 951 2697 gravissimus
966 2623 1085 2689 exstat,

237 2706 345 2787 Quem
361 2725 462 2792 satur,
479 2725 535 2778 aut
549 2712 655 2777 lassus
668 2715 789 2798 capias,
806 2716 883 2798 quia
897 2712 1035 2798 plurima
1050 2725 1118 2779 tum
1134 2737 1169 2779 se

172 2829 219 2876 955
239 2815 387 2899 Corpora
402 2816 598 2879 conturbant
613 2838 730 2899 magno
745 2826 881 2880 contusa
896 2814 1028 2880 labore:

237 2918 290 2981 Fit
304 2917 427 2980 ratione
444 2917 558 2980 eadem
572 2918 737 3000 conjectus
754 2939 852 3001 porro
868 2917 998 2982 Animal
1046 2947 1054 2952 ·

238 3017 358 3096 Altior,
372 3028 469 3102 atque
486 3018 573 3082 foras
589 3019 713 3103 ejectus
729 3018 850 3103 largior
866 3020 949 3104 ejus,

183 3172 238 3220 932.
258 3169 371 3232 Tandr'er]
385 3171 469 3230 Recte,
481 3181 509 3220 ut
523 3188 543 3221 v.
562 3173 617 3220 955.
635 3189 686 3220 con·
721 3173 863 3228 conveniat;
881 3172 973 3237 putide.
999 3175 1089 3221 cubant
1098 3189 1147 3234 pro,
1162 3173 1261 3222 Turne-

150 3245 209 3286 tura.
239 3236 298 3294 Alii,
312 3239 418 3285 Tradier.
721 3239 773 3286 bus.
803 3238 853 3286 Alii
864 3249 946 3286 autem
958 3239 1050 3301 legunt,
1062 3241 1207 3299 Poplitesque
1218 3255 1261 3286 ca·

183 3303 237 3349 933.
257 3300 438 3364 Proptereaqae]
451 3301 481 3349 Id
493 3309 537 3357 est,
550 3310 628 3350 utres
639 3300 690 3350 sint
722 3305 793 3360 boati,
812 3311 837 3350 et
853 3304 1009 3366 subjungunt,
1029 3305 1094 3363 Sapo
1111 3305 1181 3350 ettam
1197 3319 1260 3350 sum-

150 3366 180 3413 ab
191 3365 279 3428 injuria
291 3366 354 3414 acris
365 3367 462 3414 externi
474 3366 582 3424 tutiores,
595 3376 619 3414 et
633 3383 687 3414 mu·
721 3371 966 3429 autumnalemque
979 3369 1098 3414 resoluunt.
1118 3366 1176 3423 Alii,
1194 3369 1263 3427 Sapo

150 3429 259 3479 tritiores.
722 3440 787 3479 tama
808 3436 987 3490 submittantur,
1013 3435 1115 3493 uiresque
1137 3433 1262 3479 resoluunt.

183 3494 237 3541 934.
258 3493 385 3556 AutSeta]
402 3495 523 3553 Gifanius,
543 3504 584 3544 aut
602 3500 688 3544 etiam.-
722 3496 821 3544 Dicitur
842 3510 924 3544 autem
947 3505 1016 3554 tama,
1037 3510 1093 3542 cum
1112 3495 1195 3543 labore
1213 3494 1264 3544 viae

150 3556 200 3613 alii,
213 3566 254 3606 aut
265 3566 316 3606 cate
328 3562 444 3607 conclusa.
722 3561 821 3622 sanguis
829 3561 855 3608 in
867 3576 938 3609 crura
950 3559 1083 3617 descendit,
1097 3568 1123 3607 et
1139 3568 1263 3608 tumorem

183 3622 237 3668 945.
257 3624 413 3670 Motumutao
424 3623 509 3686 fimgr']
529 3624 569 3672 Sic
589 3623 630 3672 lib.
651 3623 687 3671 ΙΙ.
722 3623 793 3679 facit;
811 3627 900 3673 Fertur.
929 3624 1077 3673 Lambinum
1090 3639 1147 3673 vero
1163 3638 1263 3686 sequor,

149 3685 238 3796 land&
272 3687 338 3734 Inter
362 3703 386 3734 se
410 3690 517 3735 mortales
540 3697 625 3735 mutua
652 3691 686 3734 vi·
720 3687 1260 3814 pgiilpgitprocumbaat,etversumsapa,rte.

183 3813 238 3861 946.
255 3811 585 3874 Aditus]Gilanius,coitas.·
603 3815 646 3862 sed
657 3814 687 3862 il·
754 3817 809 3864 954.
835 3819 896 3867 Quia
913 3819 1020 3876 plurima,
1039 3816 1096 3880 eta]
1116 3818 1154 3864 De
1174 3831 1264 3866 somno

149 3876 197 3925 lius
207 3875 331 3924 codicibus
349 3877 460 3924 Lambini
477 3879 642 3939 conjecturam
658 3877 688 3925 li·
722 3879 799 3928 saturi
807 3881 858 3941 jam
867 3889 948 3928 actum
960 3890 1003 3939 est,
1016 3890 1041 3929 at
1052 3890 1156 3944 quatuor
1167 3896 1263 3940 versus,

149 3942 236 3990 beuter
247 3940 357 4003 praefero.
722 3943 764 4006 qui
792 3943 907 4008 deinceps
932 3956 1075 4008 sequuntur,
1098 3946 1193 4002 docent,
1216 3961 1264 3994 cur

183 4004 238 4056 947.
256 4003 324 4066 Alte]
335 4003 444 4052 Penitus.
468 4004 516 4058 Qui
527 4005 599 4052 aliter
607 4006 689 4065 sentit,
722 4008 880 4071 gravissimus
891 4009 923 4057 sit
934 4009 976 4057 ille
988 4026 1088 4058 somnus
1098 4026 1170 4073 quem
1182 4009 1264 4060 lassus

150 4069 216 4127 idem
227 4085 282 4117 cum
301 4069 367 4142 Fayo
383 4070 437 4124 alte,
454 4066 521 4117 intus
538 4085 581 4117 seu
598 4069 687 4118 intrin-
721 4072 815 4135 capiat;
834 4082 906 4136 atque
917 4073 975 4121 inde
990 4075 1060 4122 facile
1081 4074 1185 4138 intelligi
1203 4083 1262 4138 pot-

151 4149 228 4191 secus,
240 4133 323 4198 inepte
334 4140 517 4194 interpretetur.
722 4145 760 4184 est
777 4136 835 4199 quid
855 4137 932 4186 velint
948 4154 1019 4186 voces
1034 4156 1129 4202 magnus
1147 4142 1218 4197 laba,
1238 4156 1262 4189 v.

184 4200 238 4247 950.
252 4194 418 4257 Procumbunt]
426 4195 547 4254 Gilanius,
552 4200 688 4257 procudunt,
722 4201 777 4248 955.
790 4202 820 4248 ab
830 4200 1005 4265 interpretibus
1017 4204 1125 4252 nondum
1140 4202 1199 4252 satis
1217 4219 1263 4252 ex·

150 4271 179 4313 ut
205 4262 303 4312 laxatus
332 4276 416 4311 versus
443 4260 534 4308 luxatis
556 4260 689 4324 poplitibus
722 4265 825 4328 plicatas.
924 4287 928 4293 ·
