2872 4852
487 236 658 309 LIBER
687 237 909 311 PRIMUS.
1233 240 1254 303 3

234 393 426 480 Significant
440 393 554 456 initum
569 415 734 478 percussae
749 395 851 459 corda
864 404 921 465 tua
934 396 982 458 vi:

235 498 317 562 Inde
332 496 411 563 ferae
425 495 569 579 pecudes
586 495 768 580 persultant
783 494 904 582 pabula
917 495 1001 574 laeta,
1082 511 1085 517 ·

189 613 217 658 15
237 598 284 663 Et
297 598 429 683 rapidos
444 608 574 662 tranant
589 600 728 677 amneis·;
744 599 797 662 'ita
811 608 909 682 capta
921 596 1044 684 lepore,

234 699 465 784 illecebrisque
480 699 544 762 tuis
561 699 663 763 omnis
679 708 795 763 natura
810 700 1006 765 animantum

234 803 286 868 Te
302 803 449 886 sequitur
463 801 594 885 cupide,
609 823 675 885 quo
689 823 851 885 quamque
866 800 1021 867 inducere
1036 804 1165 888 pergis:

234 904 387 988 Denique
402 925 462 987 per
476 905 586 981 maria,
603 926 641 968 ac
656 905 804 981 monteis,
821 904 1002 989 fluviosque
1016 907 1174 990 rapaceis,

234 1004 513 1089 Frundiferasque
529 1004 642 1069 domos
657 1006 773 1083 avium,
790 1028 987 1091 camposque
1001 1007 1165 1085 virenteis,

185 1121 217 1166 aa
237 1108 398 1173 Omnibus
413 1108 572 1173 incutiens
587 1107 743 1172 blandum
758 1130 817 1191 per
832 1120 966 1192 pectora
980 1132 1132 1189 amorem,

235 1210 361 1287 Efficis,
377 1220 414 1274 ut
429 1210 547 1295 cupide
563 1211 742 1294 generatim
758 1210 853 1275 saecla
868 1223 1062 1296 propagent.

279 1312 365 1387 Quae
380 1314 531 1396 quoniam
546 1335 654 1376 rerum
669 1312 833 1376 Naturam
850 1313 918 1378 sola
932 1317 1110 1398 gubernas,

235 1413 310 1477 Nec
327 1415 394 1477 sine
410 1424 442 1477 te
458 1415 631 1499 quicquam
647 1415 717 1477 dias
732 1415 766 1476 in
779 1413 908 1478 luminis
924 1437 996 1478 oras

237 1514 407 1592 Exoritur,
425 1537 531 1599 neque
546 1514 585 1579 fit
600 1514 722 1591 laetum,
739 1537 844 1599 neque
860 1516 996 1581 amabile
1012 1519 1202 1603 quicquam;

187 1629 219 1674 25
239 1617 291 1682 Te
308 1618 426 1689 sociam
443 1617 560 1681 studeo
576 1618 760 1682 scribundis
776 1619 923 1684 versibus
939 1643 1035 1698 esse,
1127 1646 1131 1653 ’

237 1719 330 1792 Quos
348 1741 410 1804 ego
427 1720 469 1784 de
484 1719 616 1784 Rnann
632 1720 783 1784 Narona
799 1744 943 1807 pangere
959 1745 1058 1788 conor

237 1821 444 1886 Memmiadae
460 1833 590 1901 nostr03
615 1846 712 1908 quem
727 1834 775 1902 tu,
791 1824 877 1903 Dea,
894 1837 1041 1910 tempore
1056 1827 1089 1890 in
1105 1828 1189 1891 omni

238 1923 400 1990 Omnibus
416 1936 564 1991 ornatum
579 1925 709 1992 voluisti
724 1927 882 1993 excellere
899 1930 1007 1994 rebus.

236 2025 313 2098 Quo
328 2029 430 2112 magis
446 2040 603 2093 aeternum
618 2031 661 2095 da
676 2031 782 2108 dictis,
800 2031 898 2107 Diva,
913 2031 1077 2116 leporem:

187 2140 218 2185 ³0
238 2129 342 2194 Effice
358 2141 395 2194 ut
409 2131 533 2196 interea
548 2131 617 2197 fera
633 2156 777 2198 moenera
792 2133 916 2198 militiai

235 2230 301 2295 Per
315 2233 416 2296 maria
431 2255 468 2297 ac
483 2244 587 2298 terras
604 2236 725 2298 omneis
742 2236 848 2318 sopita
863 2237 1043 2318 quiescant.

238 2331 326 2395 Nam
342 2344 377 2397 tu
394 2331 463 2396 sola
478 2345 571 2417 potes
588 2333 761 2418 tranquilla
775 2358 856 2418 pace
867 2337 983 2419 juvare

239 2433 421 2511 MortaleiS,
437 2435 589 2518 quoniam
603 2433 681 2499 belli
695 2434 765 2499 fera
780 2457 925 2500 moenera
941 2435 1075 2499 Mavors

240 2535 451 2621 Armipotens
466 2537 561 2621 regit,
578 2536 611 2599 in
626 2538 784 2620 gremium
799 2538 855 2621 qui
871 2560 959 2621 saepe
976 2548 1066 2602 tuum
1084 2561 1117 2602 se

189 2652 220 2698 aa
239 2639 372 2724 Rejicit,
389 2650 511 2704 aeterno
528 2639 696 2704 devinctus
713 2639 843 2705 volnere
859 2640 994 2717 amoris;

186 2818 222 2864 13.
241 2816 339 2879 Initum]
354 2819 451 2874 Natum,
470 2816 499 2864 B.
514 2816 564 2875 alii,
581 2819 689 2866 initium:
723 2816 792 2865 Coelo
806 2825 850 2876 est,
863 2834 894 2866 ex
905 2834 961 2881 quo,
973 2821 1016 2866 aab
1032 2821 1070 2866 dio
1087 2817 1140 2866 fieri
1159 2816 1263 2865 dicimus

151 2881 226 2944 eligat
237 2883 326 2930 Lector
337 2881 402 2944 quod
413 2880 491 2944 magis
503 2881 597 2945 placet;
614 2898 690 2945 penes
723 2883 787 2944 quod
804 2884 849 2931 sub
866 2883 936 2931 Coelo
955 2883 990 2941 fit,
1008 2892 1033 2931 et
1051 2898 1101 2930 non
1118 2883 1163 2931 sub
1183 2891 1262 2930 tecto:

151 2946 256 2994 eundem
273 2947 346 2994 etiam
363 2946 404 3004 sit,
421 2955 503 2995 utrum
522 2963 636 3008 percursor
659 2963 690 2996 an
723 2949 784 2995 Diua
795 2947 869 2995 etiam
880 2948 946 2996 idem
956 2963 983 2995 ac
992 2951 1089 2996 divinus.
1108 2947 1148 2995 Sic
1159 2947 1175 2994 l.
1190 2947 1226 2994 11.
1239 2963 1262 2995 v.

148 3015 260 3072 perculsae
271 3010 321 3074 legi
332 3011 426 3060 debeat.
725 3011 779 3062 lta
797 3014 853 3060 Dua
863 3016 916 3060 vitra
928 3015 969 3060 dia
979 3015 1090 3074 uoluptas.

186 3077 223 3123 16.
242 3076 691 3138 Huncversum,quemnonagnosoit
756 3075 795 3126 27.
812 3075 970 3138 Memmiadae]
985 3077 1118 3125 Memmius
1129 3076 1263 3135 Gemellus,

152 3139 181 3187 B.
194 3156 272 3203 neque
284 3139 384 3203 plurimi
395 3140 437 3188 alii
450 3141 523 3188 MSS.
536 3149 561 3188 et
577 3141 691 3204 impressi
723 3156 769 3203 quo
789 3156 845 3189 cum
863 3142 974 3189 Athenas
993 3141 1051 3189 olim
1069 3141 1193 3204 profectus
1211 3151 1264 3190 erat

152 3205 262 3262 Codices,
278 3214 386 3253 cratere
403 3204 493 3253 Codice
510 3204 615 3253 inseruit
633 3205 688 3253 Ma·
723 3205 860 3263 Lucretius,
874 3216 900 3254 et
911 3222 958 3268 quo
970 3205 1122 3254 familiariter
1134 3206 1262 3254 utebatur:

151 3269 243 3317 rullus:
263 3279 288 3317 et
298 3268 384 3332 quidni
395 3285 441 3332 pro
451 3269 559 3332 genuino
567 3269 690 3332 recipere·
723 3269 753 3318 de
765 3270 808 3317 illo
819 3279 901 3317 autem
911 3270 1016 3333 plurima
1025 3270 1116 3327 videas,
1129 3270 1225 3328 Lector,
1237 3270 1264 3318 in

151 3336 224 3381 must
245 3335 292 3381 Est
309 3333 373 3382 enim
392 3333 507 3381 Lucretio
525 3333 690 3396 dignissimus,
724 3333 894 3382 dissertatione
906 3334 999 3381 Gifanii
1009 3334 1040 3381 de
1051 3342 1124 3396 gente
1137 3333 1263 3383 Memmia.

152 3407 178 3446 et
189 3397 210 3446 si
222 3398 333 3446 deleatur
344 3398 398 3454 iste,
409 3399 506 3445 turbata
517 3397 597 3445 subito
609 3406 692 3445 essent
757 3400 795 3445 28.
816 3396 940 3459 Ornatam]
956 3401 1003 3445 Ora
1014 3402 1092 3454 latum,
1105 3398 1131 3445 in
1140 3407 1188 3446 vet
1199 3399 1263 3446 Gro-

152 3461 241 3519 omnia,
255 3470 280 3510 et
291 3463 399 3510 obscura.
725 3461 792 3509 narii
807 3461 867 3508 Cod.
892 3461 1003 3523 conjecit
1017 3462 1150 3510 Salmasius
1166 3467 1265 3511 attatum

158 3558 161 3563 ,
187 3525 224 3576 17.
240 3529 289 3577 Quo
296 3524 418 3587 quamque]
427 3529 569 3587 Quocunque,
577 3526 605 3572 B.
612 3524 691 3573 etalii.
724 3542 770 3588 pro
779 3528 882 3573 exaltato
893 3535 918 3574 et
928 3529 1022 3584 cacabo,
1038 3535 1066 3574 ut
1082 3531 1181 3575 nivatam
1197 3528 1265 3577 idem

186 3592 224 3638 20.
241 3589 371 3652 incutiens]
401 3589 586 3638 Observandum
614 3589 640 3636 in
665 3604 692 3637 re
726 3589 790 3638 dixit
799 3590 929 3638 Lucretius
939 3589 955 3638 1.
968 3590 1019 3639 111.
1029 3607 1051 3639 v.
1063 3593 1119 3639 410.
1133 3591 1187 3642 557.
1201 3593 1262 3651 680;
1359 3583 1361 3588 ¹

152 3655 249 3712 blanda,
261 3653 338 3712 suavi,
349 3653 691 3718 etjucundauaurparialin·
726 3664 752 3702 at
766 3670 814 3703 vox
830 3658 912 3713 altato,
933 3655 991 3704 licet
1007 3655 1146 3730 Apollinari
1164 3657 1265 3706 Sidonio

152 3729 249 3784 catere:
267 3719 302 3768 ita
314 3732 339 3768 et
351 3719 470 3768 Horatius
481 3719 508 3767 in
520 3719 599 3782 Epist.
634 3721 690 3766 For·
725 3718 827 3782 aliisque
843 3719 962 3783 sequioris
978 3729 1057 3768 aetatrs
1075 3729 1134 3769 note
1149 3722 1202 3781 fuit,
1221 3723 1266 3771 aix

152 3790 192 3833 nic
204 3789 248 3833 tibi
264 3793 287 3832 et
304 3793 373 3834 uncto
388 3789 474 3846 popina
493 3787 610 3832 incutiant
628 3786 693 3832 urbis
726 3793 808 3833 tamen
821 3785 903 3833 forsan
914 3793 967 3833 erat
978 3784 1118 3833 Lucretiani
1131 3786 1184 3835 aevi.

152 3853 298 3898 dceidert'um.
324 3849 381 3898 Vid.
394 3849 468 3898 etiam
479 3849 521 3897 lib.
536 3848 556 3896 l.
567 3865 590 3897 v.
603 3850 657 3897 923.
758 3851 797 3897 30.
815 3849 898 3912 Effice]
916 3853 950 3898 Et
954 3848 1017 3912 sace,
1031 3850 1059 3898 F.

185 3917 224 3963 21.
243 3913 329 3976 Scala]
350 3914 407 3961 Vox
425 3913 587 3967 Lucretiana3
611 3912 692 3961 Graeci
731 3954 733 3957 .
759 3913 822 3962 ibid.
835 3913 1058 3976 Moencramilitia'i]
1077 3915 1141 3963 Relli
1157 3932 1200 3964 seu
1217 3916 1263 3965 mi-

153 3981 236 4029 Poetae
264 3981 330 4042 φῦλα
354 3987 449 4028 vocant
487 3979 576 4026 Horat
602 3995 692 4041 gemaer
724 3977 785 4027 litiae
801 3994 918 4035 munera,
942 3979 977 4027 sic
993 3983 1087 4028 moenire
1107 3996 1151 4043 pro
1168 3986 1264 4040 manne,

149 4048 248 4106 piscium
257 4061 330 4108 genua
342 4045 388 4092 od.
402 4046 424 4090 2.
436 4042 453 4091 l.
467 4043 487 4090 l.
500 4043 526 4090 id
543 4051 624 4091 autem
642 4042 691 4106 sig·
725 4051 823 4092 mortuus
831 4059 877 4107 pro
888 4052 985 4102 mutuus,
998 4060 1060 4092 coero
1068 4059 1114 4107 pro
1125 4062 1189 4104 cura,
1202 4054 1247 4093 etc.

152 4109 237 4157 nificat
257 4109 322 4171 quod
339 4108 426 4171 vulgus
443 4115 514 4156 vocat
530 4111 616 4168 speciae
638 4107 691 4156 ani-
730 4140 733 4145 ·
759 4110 797 4156 35.
815 4107 915 4171 Itey'a'oa't]
933 4111 1023 4170 Reficit,
1041 4109 1069 4157 B.
1088 4117 1112 4158 et
1129 4109 1177 4157 Gif.
1195 4109 1265 4171 quasi

154 4173 262 4222 mulium.
622 4210 624 4215 ι
725 4182 822 4231 recreat,
833 4173 915 4222 minus
926 4174 1057 4236 eleganter.
1097 4212 1099 4217 .

186 4240 225 4286 23.
248 4237 320 4300 Dios]
349 4240 442 4294 Aerias,
470 4240 566 4285 diurnae
578 4255 587 4291 ‚·
616 4236 693 4285 Dium
760 4238 822 4288 Ibid.
851 4237 989 4300 Deainctus]
1019 4238 1164 4301 Metaphora
1191 4237 1265 4299 paulo

155 4301 221 4348 enim
237 4302 334 4360 dicitnr,
352 4301 431 4364 inquit
451 4302 546 4361 Festus,
567 4301 632 4363 quod
648 4303 693 4354 sub
726 4303 824 4359 (lurion
844 4311 925 4352 tamen
937 4303 1051 4351 dicebant
1063 4304 1204 4363 prepeditus
1224 4303 1263 4350 do-
