2872 4852
453 240 623 305 LIBER
654 240 882 305 SEXTUS.
957 295 959 298 ,
1157 245 1227 308 321.

136 413 184 459 630
198 401 281 463 Cum
296 397 380 483 pluit
395 397 548 474 interris,
565 407 598 461 et
612 399 699 461 venti
714 396 824 460 nubila
839 409 981 481 portant.
999 405 1002 410 ’

243 502 425 576 Postremo,
441 500 592 583 quoniam
607 508 681 563 raro
697 521 770 564 cum
785 522 922 584 corpore
938 500 1053 566 Tellus

201 605 275 682 Est,
292 616 325 667 et
339 603 527 686 conjunctas
543 623 616 664 oras
631 603 728 666 maris
744 603 888 686 undique
905 605 1022 688 cingit:

202 706 324 781 Debet,
340 705 424 768 utin
439 725 527 767 mare
543 704 584 767 de
599 705 694 767 terris
710 705 798 768 venit
812 703 929 769 humor
945 709 1052 790 aquai,

201 806 239 871 In
254 817 357 871 terras
372 806 485 870 itidem
500 828 629 870 manare
646 828 688 870 ex
703 829 834 890 aequore
850 806 954 887 sals03

136 922 182 967 635
198 907 389 973 Percolatur
404 909 489 972 enim
504 909 603 984 virus,
620 918 773 991 retroque
789 922 935 973 remanat

200 1011 358 1075 Materies
372 1009 529 1085 humoris,
545 1009 636 1073 etad
651 1019 750 1092 caput
764 1011 912 1074 amnibus
928 1014 1030 1076 omnis

200 1113 360 1176 Confluit:
384 1113 461 1176 inde
477 1134 576 1196 super
591 1122 694 1175 terras
710 1112 797 1176 redit
811 1113 937 1196 agmine
952 1112 1050 1190 dulci,

200 1214 277 1287 Qua
291 1215 342 1277 via
358 1224 447 1301 aecta
463 1213 562 1278 semel
576 1212 699 1296 liquido
715 1211 800 1296 pede
813 1212 930 1277 detulit
944 1215 1061 1279 undas.

243 1316 343 1380 Nunc
358 1317 440 1380 ratio
455 1339 528 1399 quae
545 1317 597 1393 sit,
613 1338 672 1400 per
686 1316 808 1380 fauceis
824 1317 942 1380 montis
957 1329 995 1381 ut
1009 1316 1123 1383 AEtnae

137 1427 184 1472 640
200 1418 381 1503 Exspircnt
395 1420 488 1504 ignes
501 1420 666 1484 interdum
680 1420 809 1483 turbine
824 1430 926 1496 tanto,
955 1502 958 1505 Ι

201 1521 403 1605 Expediam:
428 1544 534 1605 neque
549 1523 632 1587 enim
649 1522 755 1586 media
770 1522 812 1585 de
828 1520 921 1586 clade
934 1532 1048 1587 coorta

200 1621 353 1689 Flammae
368 1635 544 1710 tempestas
560 1624 704 1690 Siculfim
720 1626 884 1691 dominata
899 1647 959 1709 per
974 1634 1070 1710 agros

200 1725 357 1790 Finitimis
373 1728 416 1792 ad
432 1751 467 1792 se
482 1731 641 1794 convertit
654 1730 808 1814 gentibus
823 1751 892 1805 ora,

199 1828 337 1894 Fumida
351 1853 424 1895 cum
440 1830 514 1897 coeli
529 1831 704 1896 scintillare
719 1833 825 1896 omnia
840 1829 962 1915 templa

137 1942 183 1987 645
198 1932 378 1997 Cernentes
393 1934 511 2018 pavida
526 1933 731 2017 complebant
747 1941 881 2018 pectora
896 1955 986 2011 cura,

200 2033 291 2106 Quid
307 2033 473 2099 moliretur
488 2058 596 2099 rerum
613 2034 646 2098 N
649 2046 743 2099 atara
757 2057 924 2099 novarum.

242 2137 345 2201 Hisce
360 2138 420 2200 tibi
433 2139 532 2200 rebus
546 2136 611 2200 late
627 2136 677 2212 ’st,
694 2135 824 2219 alteque
840 2136 1027 2213 videndum,

201 2238 248 2300 Et
261 2236 359 2321 longe
373 2249 507 2302 cunctas
521 2239 554 2300 in
569 2238 690 2321 parteis
708 2237 958 2320 dispiciendum,

201 2337 249 2402 Ut
263 2340 489 2416 reminiscaris,
506 2340 670 2402 Summam
684 2360 792 2402 rerum
808 2358 880 2403 ease
896 2338 1103 2423 profundam,

137 2456 185 2500 650
200 2441 247 2504 Et
261 2442 383 2517 videas
400 2440 519 2507 coelum
533 2440 677 2505 Summai
692 2440 793 2504 totius
807 2462 908 2505 unum

149 2701 203 2748 632.
216 2701 499 2762 Goajuactasorasmoris,
511 2699 568 2763 eta]
579 2701 652 2748 Lam·
688 2708 759 2748 terrae
768 2712 848 2750 motus
856 2701 968 2761 efficiant,
979 2711 1109 2766 erumpant
1117 2701 1223 2760 demum,

116 2763 195 2823 binus,
208 2776 233 2814 at
251 2781 336 2813 omnes
347 2765 416 2814 codd
433 2769 467 2814 Et
483 2766 604 2828 conjuncta
620 2774 655 2813 est
686 2765 759 2828 longe
775 2766 872 2830 lateque
888 2767 1011 2816 flammam
1024 2776 1142 2831 spargant
1152 2776 1177 2815 et
1187 2767 1224 2815 fa·

115 2847 168 2878 oras
178 2833 470 2894 marisandiquecingeas.
687 2831 777 2878 villam.
812 2832 962 2895 Hujusmodi
981 2843 1063 2882 autem
1082 2832 1225 2896 eruptiones
1280 2861 1282 2866 ν

148 2895 203 2943 635.
225 2895 306 2958 Virus]
329 2896 412 2944 Salsus
431 2897 518 2944 humor
534 2895 651 2958 aequoris:
686 2896 828 2944 suntveluti
840 2897 925 2955 morbi,
936 2897 1140 2946 etconvulriones
1151 2897 1224 2959 hujus

116 2960 164 3008 vid
176 2960 217 3009 lib.
231 2961 261 3009 V.
274 2977 296 3011 v.
310 2961 364 3013 270.
685 2961 787 3017 mandit
805 2968 916 3024 atque‘ut
931 2963 1071 3012 morborum
1087 2962 1181 3011 semina
1197 2961 1225 3010 in

148 3026 203 3074 639.
214 3029 282 3074 Nunc
291 3031 352 3074 ratio
361 3043 411 3089 quae
419 3024 520 3088 stacta]
531 3024 652 3080 Quoniam
686 3025 809 3074 hominem
834 3027 903 3088 (nam
926 3043 991 3091 saepe
1008 3027 1137 3085 febricitat,
1157 3025 1225 3075 dolet

115 3101 229 3149 memora,
240 3101 311 3139 terrae
322 3101 409 3149 motus,
421 3100 447 3138 et
458 3091 567 3153 quiedam
579 3091 655 3138 maris
686 3090 780 3147 dentes,
792 3089 852 3154 etc.)
864 3107 895 3139 ex
906 3092 952 3140 boc
961 3091 1107 3149 mundo‚ita
1117 3106 1149 3139 ex
1160 3090 1224 3139 Uni·

115 3156 328 3218 phaenomenasibi
337 3157 435 3204 videtur
442 3156 501 3204 satis
510 3155 652 3219 explicrisse‚
685 3168 757 3204 verso
776 3156 803 3204 in
823 3157 888 3204 hunc
904 3158 1023 3204 mundum
1042 3155 1149 3205 derivari
1166 3171 1223 3219 pos-

116 3220 209 3282 reliqua
217 3221 366 3275 admiranda.
377 3237 430 3283 quae
442 3220 547 3282 aliquam
556 3221 587 3267 de
597 3219 653 3267 Diis
686 3231 758 3268 sunt:
776 3236 832 3268 nam
845 3220 867 3268 si
878 3220 1085 3285 comparationem
1101 3219 1224 3278 instituas,

117 3297 141 3332 et
159 3286 316 3333 Providentia
328 3285 469 3349 opinionem
482 3285 596 3341 facerent,
609 3299 651 3346 ag·
686 3294 713 3331 ut
730 3285 803 3331 bomo
823 3284 853 3331 ad
872 3285 997 3342 mundum,
1016 3285 1051 3332 ita
1070 3283 1177 3332 mundus
1194 3284 1226 3332 ad

116 3350 232 3411 graditur.
268 3350 302 3397 Et
317 3349 466 3414 primumv.
479 3350 501 3395 6.
520 3350 559 3397 De
573 3348 655 3396 AEtuae
688 3349 843 3413 Universum.

117 3413 214 3476 ignibus
232 3413 348 3477 disputat,
368 3430 435 3476 quos,
456 3413 515 3462 licet
530 3413 654 3461 interdum
719 3413 775 3461 641.
787 3415 905 3462 Mcdr'ade.
917 3411 994 3474 obde]
1007 3412 1126 3460 Gronovii
1137 3413 1223 3472 codex,

118 3488 273 3543 erumpente·
281 3478 390 3526 Siciliam
398 3487 527 3536 vastarent,
535 3493 584 3526 non
593 3479 654 3525 adeo
686 3480 762 3526 madia
775 3480 866 3527 Gracia
877 3481 906 3526 de
917 3486 1009 3526 coorta.-
1027 3477 1167 3537 Salmasius,
1177 3495 1225 3528 nn·

117 3544 235 3598 debemus
244 3543 367 3601 admirari,
379 3553 407 3592 ut
424 3544 525 3592 Naturae
537 3542 602 3590 vires
613 3558 654 3591 sn·
687 3546 750 3592 dice
766 3559 792 3590 re
808 3545 874 3592 alode
890 3551 975 3602 coorta,
991 3543 1017 3591 id
1033 3552 1078 3599 est,
1096 3558 1128 3591 ex
1143 3542 1226 3592 madia

117 3624 204 3673 perere
220 3608 400 3657 inconsiderate
415 3619 570 3672 putaremus:
589 3607 655 3656 dicat
686 3623 768 3656 rerum
787 3618 881 3665 natura,
898 3623 930 3656 ex
947 3623 1041 3656 summa
1059 3622 1156 3656 rerum:
1182 3608 1226 3659 sed

117 3674 205 3736 aliquis
222 3674 310 3737 ingens
327 3674 373 3722 boc
391 3688 445 3722 esse
462 3672 610 3730 incendium,
630 3681 655 3720 et
686 3673 745 3720 olim
768 3673 852 3720 monui
871 3672 1016 3721 Salmasium
1039 3672 1104 3720 haud
1121 3671 1226 3728 feliciter

119 3739 182 3788 vires
198 3738 265 3788 illius
281 3738 355 3804 plane
371 3738 540 3793 admirandam
565 3748 654 3801 nempe
686 3737 843 3802 interpretari
855 3737 1003 3786 Lucretium.
1027 3737 1106 3787 Faber
1118 3738 1226 3794 tandem.

117 3804 173 3867 quia
185 3820 235 3852 non
247 3803 309 3853 vidit
323 3806 409 3866 majus,
421 3804 464 3852 sed
479 3803 506 3850 in
518 3802 573 3852 aliis
582 3805 654 3852 rebus
686 3806 735 3852 Dia
757 3806 785 3852 dc
805 3805 884 3857 elada
907 3805 957 3852 Dio
977 3811 1098 3865 tempestat
1117 3813 1155 3852 est
1172 3802 1224 3854 θεά-

117 3869 256 3934 precipites
268 3879 292 3917 et
307 3868 480 3918 inconsiderati
496 3868 599 3933 perinde
610 3867 654 3916 ial-
687 3885 796 3928 πεμπτος
804 3883 848 3916 seu
857 3868 980 3926 θεήλατος,
993 3867 1062 3930 quasi
1073 3866 1165 3918 dicerm
1174 3868 1225 3916 Lm

117 3935 197 3983 limur.
233 3933 303 3982 Nihil
326 3944 363 3982 est
386 3934 450 3996 quod
472 3948 587 3996 magnum
607 3931 655 3981 dici
688 3933 792 3982 cretius:
822 3948 958 3995 quaeranms
981 3948 1047 3982 nunc
1069 3932 1128 3996 quid
1147 3947 1227 3982 cauata

117 4009 205 4062 potest,
229 3999 291 4048 nibil
308 3999 374 4061 quod
395 3999 517 4047 debemus>
533 3996 656 4056 admirari,
688 3998 728 4056 sit,
747 4000 903 4061 quamobrem
919 3997 976 4047 olim
993 3997 1145 4047 flammarum
1163 4006 1225 4046 tem·

118 4063 139 4111 si
152 4061 300 4113 Universum
312 4063 435 4112 infinitum
447 4062 655 4127 contemplemini
687 4073 769 4127 pestes
778 4072 852 4112 totam
866 4062 974 4112 Siciliam
985 4062 1138 4126 pervasttrit,
1147 4075 1228 4122 nequa

119 4142 176 4177 nam
189 4143 221 4176 ex
231 4128 274 4176 illo
285 4128 365 4178 subito
378 4138 458 4192 potest
468 4127 591 4176 confluere
608 4128 654 4176 im·
688 4128 754 4176 enim
771 4128 906 4190 putandum
925 4136 963 4176 eat
981 4127 1048 4175 Deos
1066 4135 1159 4175 tantam
1176 4125 1226 4181 vin]

119 4207 204 4240 mensa
215 4193 335 4243 remmam
352 4194 424 4257 ignis,
436 4193 488 4242 sive
499 4193 567 4241 venti
577 4192 654 4256 copia,
688 4192 795 4242 incendii
803 4193 829 4241 in
836 4193 941 4242 insulam
950 4192 1102 4256 importasse.
1121 4187 1228 4250 Egregia

120 4271 175 4316 quae
191 4257 283 4307 semina
299 4258 325 4306 ia
338 4259 421 4317 AEtna,
435 4257 536 4307 saualio
548 4257 656 4320 quolibet
688 4258 786 4321 quidem
802 4260 949 4320 conjectura,
966 4271 1046 4317 neque
1063 4255 1122 4301 istos
1138 4267 1229 4313 moror,

120 4329 204 4368 monte
212 4321 314 4372 collecta
320 4323 543 4388 rimimpetumque
550 4331 655 4383 sumant,
688 4314 730 4386 qui
741 4322 826 4384 legunt
837 4324 952 4372 madoco.

800 4396 838 4433 'rt
