2872 4852
240 231 301 296 104
617 227 659 292 T.
693 226 963 292 LUCRETII

322 383 527 450 Distrahitur
541 384 654 467 magis,
669 383 734 448 hoc
749 384 850 468 magis
863 393 916 447 est
930 393 967 447 ut
980 404 1114 448 cernere
1129 383 1237 468 possis

257 560 259 562 ,
320 489 527 554 Evanescere
541 485 720 571 paullatim,
736 485 921 571 stinguique
937 483 1104 564 Colorem;

320 590 369 655 Ut
383 591 423 654 fit
437 590 494 654 ubi
508 590 542 652 in
556 611 673 672 parvas
688 589 810 672 parteis
826 588 1023 672 discerpitur
1037 585 1178 664 Aurum,

320 693 484 777 Purpura,
502 691 741 774 Poeniceusque
757 688 845 755 color
860 688 1047 754 clarissimu'
1062 689 1175 765 multo,

255 812 303 858 8³0
321 795 449 859 Filatim
464 816 538 858 cum
553 794 728 857 distractus
743 792 946 876 disperditur
959 793 1080 856 omnis:

321 900 470 963 Noscere
486 905 523 960 ut
538 895 613 961 binc
628 895 745 980 possis,
761 895 852 979 prius
868 917 994 958 omnem
1009 893 1119 958 efflare
1134 892 1286 959 Colorem

320 997 513 1074 Particulas,
529 1020 627 1082 quam
641 998 812 1062 discedant
826 998 868 1062 ad
884 998 1015 1062 Semina
1028 1019 1148 1063 rerum.

364 1102 545 1177 Postremo,
562 1099 713 1183 quoniam
727 1121 792 1163 non
807 1100 913 1173 omnia
928 1098 1076 1184 Corpora
1091 1099 1217 1164 Vocem

321 1205 457 1269 Mittere
473 1202 636 1277 concedis,
652 1222 757 1285 neque
774 1200 920 1266 Odorem
933 1226 941 1278 ;
964 1211 1139 1285 propterea
1153 1199 1204 1277 fit,

256 1323 303 1368 set
321 1307 370 1371 Ut
385 1329 450 1370 non
466 1305 613 1368 omnibus
629 1303 787 1367 attribuas
805 1303 950 1379 Sonitus,
966 1313 1001 1368 et
1017 1302 1169 1367 Odores:

321 1409 387 1486 Sic,
405 1407 520 1473 Oculis
535 1406 687 1491 quoniam
702 1428 767 1469 non
783 1407 889 1469 omnia
903 1427 1037 1470 cernere
1051 1405 1190 1489 quimus,

321 1512 413 1576 Scire
428 1510 514 1588 licet,
529 1509 678 1593 quaedam
694 1518 759 1572 tam
774 1517 924 1573 constare
938 1508 1020 1572 orba
1035 1506 1164 1584 Colore,

322 1614 431 1687 Quam
447 1613 515 1676 sine
532 1610 646 1674 Odore
661 1609 727 1674 ullo
743 1609 903 1694 quaedam,
920 1609 1101 1693 Sonituque
1117 1619 1259 1673 remota:

319 1715 394 1781 Nec
408 1715 513 1778 minus
529 1713 600 1776 haec
616 1712 756 1776 animum
771 1733 969 1798 cognoscere
985 1733 1083 1796 posse
1099 1733 1248 1796 sagacem

256 1832 309 1879 840⁴
323 1818 433 1891 Quam
447 1838 522 1900 quae
537 1825 612 1879 sunt
628 1812 697 1878 aliis
712 1816 811 1878 rebus
827 1814 964 1899 privata,
979 1814 1142 1899 notisque.

365 1919 433 1983 Sed
449 1941 489 1982 ne
505 1918 590 1982 forte
605 1928 701 2001 putes
718 1915 787 1981 solo
803 1915 940 2002 spoliata
952 1916 1069 1982 Colore

319 2021 469 2105 Corpora
483 2020 586 2104 prima
601 2040 731 2083 manere
744 2042 752 2082 r
776 2019 873 2082 etiam
889 2029 1014 2082 secreta
1029 2018 1171 2104 Teporis

321 2125 417 2201 Sunt,
433 2144 471 2187 ac
485 2121 630 2206 Frigoris
647 2121 786 2198 omnino,
803 2119 963 2205 calidique
978 2121 1136 2206 Vaporis,

318 2226 366 2291 Et
381 2226 490 2290 sonitu
505 2223 626 2301 sterila,
642 2234 676 2287 et
692 2245 789 2289 succo
799 2224 914 2308 jejuna
929 2223 1079 2289 feruntur
1088 2251 1105 2303 ;s

254 2344 301 2392 ⁸45
318 2329 393 2395 Nec
403 2328 530 2413 jaciunt
545 2325 645 2390 ullum
659 2327 792 2411 proprio
808 2327 851 2390 de
865 2347 1002 2411 corpore
1018 2326 1175 2392 Odorem.

233 2552 283 2602 imo
300 2555 358 2602 dum
375 2555 501 2618 particulae
521 2562 621 2604 manent
637 2553 771 2612 sensibiles,
804 2553 863 2603 dum
875 2564 912 2604 est
923 2553 997 2603 ullam
1009 2553 1150 2618 qualitatem
1162 2553 1235 2603 alicui
1247 2554 1346 2618 corpori

234 2618 373 2675 evanescit;
391 2619 559 2683 imprudenter
570 2619 646 2683 igitur
658 2628 771 2683 expecta-
804 2629 950 2683 competere,
962 2636 1035 2682 quam
1051 2619 1087 2668 illi
1104 2635 1191 2669 sensus
1207 2634 1257 2667 uon
1272 2619 1345 2668 attri-

232 2698 288 2730 mur
305 2682 397 2730 colores
413 2683 440 2731 in
457 2684 591 2733 seminibus
607 2699 697 2741 rerum,
711 2698 772 2745 quos
804 2685 890 2732 bunut.

232 2746 259 2794 in
271 2746 413 2796 exilioribus
422 2763 551 2812 corporum
563 2749 673 2812 partibus
682 2749 773 2796 frustra
838 2750 893 2796 841.
911 2751 957 2797 Sed
967 2747 1065 2811 nesorte
1072 2757 1147 2813 peter,
1159 2747 1217 2824 ete]
1230 2747 1295 2798 Setis
1312 2749 1346 2797 de

233 2811 372 2873 querimus.
803 2811 937 2861 coloribus:
955 2813 1050 2862 ceteris
1061 2813 1135 2863 edam
1152 2814 1266 2862 omnibus
1283 2829 1345 2876 qua·

267 2874 322 2926 827.
337 2877 472 2938 stinguique
483 2874 595 2938 calmem]
606 2875 646 2924 Sic
658 2875 700 2924 lib.
715 2876 735 2923 l.
747 2892 770 2924 v.
803 2875 920 2936 litatibus,
943 2878 1024 2935 odore,
1048 2879 1145 2943 frigore,
1164 2877 1251 2935 calore,
1275 2892 1346 2937 sono,

233 2937 288 2989 667.
307 2941 385 3002 Ignet's
396 2944 421 2987 tn
432 2948 492 2988 eoeta
503 2944 598 3004 stingui.
623 2940 678 2989 Lib.
690 2940 735 2988 lv.
747 2957 770 2990 v.
804 2941 956 3000 humiditate,
967 2958 1061 3006 sapore,
1070 2942 1178 3001 mollitie,
1187 2941 1345 3002 lentitudine,

235 3004 305 3052 1092.
317 3007 429 3053 Ardorem
446 3009 469 3052 in
481 3008 587 3054 memoris
597 3009 637 3068 qar‘
647 3005 771 3068 stinguere
803 3007 911 3067 raritate,
926 3016 971 3056 etc.
991 3024 1013 3056 v.
1033 3009 1071 3057 23.
1088 3023 1133 3056 sua
1148 3007 1242 3056 semiue
1258 3022 1345 3056 carere

230 3071 311 3131 possit.
326 3068 391 3117 Item
403 3069 489 3117 Cicero
500 3069 527 3117 in
539 3071 629 3118 Arato:
650 3073 720 3122 Quem
731 3087 770 3118 ne·
804 3072 962 3120 demonstrat.
990 3072 1081 3122 Tribus
1091 3072 1169 3120 utitur
1179 3071 1345 3135 argumentirt

235 3149 278 3196 que
290 3141 410 3196 tempestas
420 3138 523 3196 perimet,
536 3151 606 3196 neque
618 3138 685 3198 longa
695 3143 771 3183 uetus·
807 3137 827 3184 1.
841 3135 867 3185 Si
879 3136 979 3185 odorem
995 3137 1129 3186 seminibus
1145 3136 1272 3194 concedas,
1289 3145 1345 3186 mr*

233 3205 270 3246 tes
278 3202 404 3258 Intertmet,
414 3199 541 3262 stinguere
547 3202 663 3261 praebere
671 3203 772 3263 insignia
804 3200 873 3250 babis
884 3201 973 3260 omnia,
982 3201 1114 3265 gratissimi
1126 3201 1212 3250 odores
1220 3200 1346 3251 seminum

232 3266 292 3312 eoelt.
304 3265 446 3313 Gassendus
456 3274 546 3323 tamen,
558 3268 664 3312 strictim.
692 3265 771 3313 Faber
802 3266 1009 3329 grave-olentium
1016 3267 1157 3316 interventu
1166 3267 1346 3326 sordescerent,

232 3328 364 3378 arbitratur
374 3333 505 3393 stinguique
517 3333 611 3379 colorem
624 3345 677 3378 esse
688 3329 769 3379 imita·
803 3339 832 3380 ut
842 3331 868 3379 in
880 3331 1055 3395 componendis
1068 3331 1200 3396 unguentis
1216 3330 1265 3379 uisi
1281 3331 1345 3380 arti·

232 3392 324 3441 tionem
342 3394 459 3454 Platonis,
472 3394 514 3457 qui
530 3395 635 3444 colorem
648 3394 771 3443 flammam
803 3395 845 3444 fex
861 3397 957 3445 inolens
975 3396 1055 3444 oleum
1071 3397 1179 3454 misceat,
1202 3395 1345 3446 suavissimi

233 3472 247 3504 e
261 3458 403 3520 corporibus
414 3469 554 3508 manantem
567 3475 620 3508 esse
631 3459 709 3517 dixit3
727 3459 770 3508 fri-
804 3462 891 3510 odores
907 3462 938 3510 ab
950 3461 1004 3510 oleo
1019 3469 1240 3525 corrumperentur.
1271 3461 1345 3510 Idem

232 3520 296 3596 gide.
330 3523 403 3571 Certe
423 3525 560 3583 Lueretius,
583 3524 623 3573 vel
645 3541 769 3587 nunquam
802 3525 875 3574 etiam
888 3527 919 3574 de
930 3541 1025 3590 sapore,
1037 3540 1104 3584 sono,
1116 3525 1203 3583 calore,
1216 3525 1346 3589 etirlgore

232 3597 343 3648 inspecto
355 3586 465 3645 Platone,
477 3590 569 3637 dixise
585 3589 666 3652 potuit
676 3605 769 3653 purpu·
802 3590 940 3639 dicendum.
973 3593 995 3638 2
1014 3591 1113 3639 Semina
1123 3589 1201 3639 dividi
1216 3605 1267 3639 nou
1283 3605 1345 3654 pos·

232 3663 301 3697 reum
320 3660 345 3698 et
362 3653 494 3714 puniceum
515 3653 628 3711 colorem,
648 3654 690 3715 qui
705 3669 769 3718 pene
802 3665 867 3712 sunt,
875 3655 979 3716 ideoque
990 3670 1035 3704 nec
1047 3658 1143 3712 odorem
1160 3670 1239 3718 neque
1255 3670 1345 3715 sm

231 3713 304 3776 igniti
316 3714 437 3773 videntur,
449 3716 568 3780 extingui.
802 3734 881 3780 neque
903 3735 1012 3780 saporem,
1035 3735 1115 3782 neque
1137 3723 1240 3777 caerem,
1262 3734 1346 3783 neque

266 3780 320 3826 833.
337 3781 461 3838 Postremo,
479 3780 595 3844 quantam]
614 3781 729 3838 Demum,
746 3797 768 3829 v.
794 3781 884 3846 friges,
897 3798 951 3846 quse
961 3793 1075 3833 constant
1086 3800 1099 3832 e
1112 3783 1238 3848 particulis
1255 3800 1270 3833 e
1286 3798 1344 3834 eon

233 3843 255 3890 ⁸.
272 3842 363 3906 premit
379 3843 537 3893 adversarios.
572 3846 665 3894 Omnes
683 3860 770 3894 conce·
803 3863 862 3911 pore
883 3847 986 3906 emissis,
1009 3849 1121 3897 emittere
1143 3849 1233 3898 valent.
1273 3851 1296 3897 8.
1316 3849 1346 3900 Sl

231 3905 293 3954 dunt
305 3923 333 3955 ea
349 3923 378 3954 co
423 3924 451 3957 ra
465 3924 519 3971 que
535 3924 607 3958 nares
623 3909 714 3958 sentire
725 3925 769 3958 ne·
803 3911 937 3968 mollitiem,
950 3911 1129 3970 lentitudinem,
1141 3913 1275 3972 raritatem,
1291 3913 1345 3964 sn-

231 3980 322 4033 queant
338 3970 363 4020 in
397 3988 518 4030 oraesse3
542 3973 584 4021 illa
599 3973 700 4036 insuper
717 3990 771 4037 quae
802 3975 930 4040 gilitatem,
943 3985 988 4025 etc.
1002 3978 1137 4026 seminibus
1151 3992 1269 4054 apponas,
1285 3994 1345 4029 mu·

231 4051 303 4084 aures
319 4051 369 4084 non
382 4037 486 4085 audiunt
502 4054 590 4087 sonum
607 4053 656 4085 non
672 4038 769 4087 babere.
803 4040 887 4089 rabilia
897 4041 999 4105 insuper
1015 4042 1112 4100 efficies,
1129 4052 1155 4091 et
1170 4042 1281 4092 interitui
1298 4045 1345 4094 ob-

230 4100 324 4156 Quitlni
340 4099 415 4164 igitur
431 4102 556 4150 fatendum
573 4102 615 4150 illa
630 4101 704 4150 etiam
715 4119 769 4151 cor·
803 4106 883 4163 noxie,
892 4105 995 4169 ideoque
1002 4122 1041 4155 res
1050 4107 1075 4154 in
1083 4106 1187 4155 nibilum
1195 4107 1347 4159 recidererc

229 4180 291 4228 pora
312 4180 366 4228 que
385 4166 456 4215 oculi*
468 4167 596 4231 percipere
616 4181 666 4214 non
687 4168 771 4217 valent
835 4172 890 4219 844.
908 4173 1028 4219 Eteonr'tu
1039 4170 1132 4234 sterila]
1146 4171 1219 4235 Vulg.
1230 4175 1346 4230 mnu,-

230 4245 285 4278 esse
296 4229 403 4280 colorum
416 4230 544 4296 expertia?
564 4232 603 4279 De
612 4230 770 4294 qualitatibus
802 4236 846 4283 sed
857 4245 923 4283 recte
933 4238 1022 4293 sterila,
1035 4244 1063 4284 ut
1079 4235 1179 4298 wenna
1196 4237 1263 4300 epod
1279 4236 1347 4290 Ter·

230 4294 297 4343 enim
309 4295 355 4345 soli
368 4311 454 4346 sensus
467 4295 586 4359 judicant,
604 4311 650 4344 nee
666 4297 768 4347 creden·
802 4299 931 4349 tullianum
938 4318 945 4355 ς
963 4307 989 4348 et
999 4298 1039 4348 lib
1054 4300 1075 4348 1.
1087 4316 1110 4350 v.
1123 4302 1178 4350 341.
1190 4303 1298 4352 arene
