2872 4852
227 259 288 322 102
604 254 647 320 T.
680 250 954 320 LUCRETII

353 411 442 476 Tum
455 433 566 496 porro,
582 434 657 495 quae
671 388 762 476 ducit
776 422 809 474 et
822 410 934 487 inlicit,
950 418 987 473 ut
1001 409 1181 474 tribuamus

310 513 482 597 Principiis
498 534 607 576 rerum
621 534 861 596 nonnunquam,
879 534 987 588 causa,
1005 510 1152 586 Colores,

311 615 452 690 Occidit,
469 636 512 677 ex
526 612 623 678 Albis
638 616 789 698 quoniam
803 637 868 678 non
883 612 972 677 Alba
986 622 1156 690 creantur3

246 728 294 778 790
309 717 383 782 Nec
399 739 472 800 quae
487 714 595 800 Nigra
609 714 729 794 cluent,
746 717 788 780 de
804 715 937 799 Nigris;
963 714 1021 777 sed
1037 713 1146 778 Variis
1163 714 1216 777 de.

312 818 447 902 Quippe
462 819 581 882 etenim
594 818 697 881 multo
711 816 885 901 proclivius
901 817 1089 880 exorientur

311 921 461 985 Candida
475 921 516 984 de
532 918 631 996 nullo,
648 919 802 1002 quamde
818 918 979 1002 Nigrante
994 916 1114 992 colore,

311 1023 383 1089 Aut
397 1023 459 1088 alio
473 1023 587 1107 quovis
602 1023 659 1104 qui
674 1032 787 1086 contra
801 1030 939 1105 pugnet,
955 1030 989 1083 et
1004 1021 1124 1083 obstet.

354 1125 531 1201 Praeterea,
548 1124 698 1207 quoniam
712 1133 880 1206 nequeunt
895 1122 962 1185 sine
980 1121 1070 1185 Luce
1087 1119 1222 1186 Colores

247 1238 295 1289 79⁵
310 1227 408 1303 Esse,
425 1249 531 1310 neque
545 1227 578 1290 in
594 1225 719 1289 Lucem
733 1226 878 1289 existunt
894 1223 1076 1287 Primordia
1091 1245 1217 1287 rerum:

313 1329 403 1394 Scire
417 1329 493 1394 licet
507 1350 609 1412 quam·
620 1329 683 1392 sint
696 1326 785 1390 nullo
799 1325 905 1390 velata
920 1324 1048 1389 Colore.

314 1431 429 1505 Qualis
444 1432 529 1495 enim
542 1431 636 1495 caeeis
652 1429 774 1514 poterit
790 1427 890 1493 Color
904 1450 976 1492 esse
992 1427 1149 1503 tenebriS,
1208 1480 1212 1485 .

314 1533 452 1597 Lumine
468 1534 524 1616 qui
538 1541 681 1596 mutatur
696 1533 728 1595 in
743 1533 827 1614 ipso,
843 1540 1018 1615 propterea
1032 1529 1122 1612 quod

314 1634 422 1699 Recta
437 1645 494 1697 aut
509 1632 640 1717 obliqua
655 1655 830 1716 percussus
847 1633 938 1697 Luce
953 1625 1115 1716 refulget?

250 1749 298 1796 800
316 1735 431 1800 Pluma
447 1735 679 1799 Columbarum
693 1758 759 1818 quo
774 1746 870 1820 pacto
886 1736 919 1798 in
935 1733 1011 1798 Sole
1027 1734 1173 1810 videtur3

315 1839 400 1912 Quae
416 1838 477 1901 sita
491 1839 633 1902 cervices
647 1838 778 1914 circum,
795 1836 976 1920 collumque
992 1846 1142 1901 coronat:

313 1940 465 2023 Namque
481 1938 559 2002 alias
574 1938 613 2003 fit
628 1940 676 2004 uti
690 1939 791 2003 rubro
807 1940 848 2003 sit
863 1938 950 2004 clara
965 1938 1116 2022 Pyrop03

261 2122 316 2174 787.
337 2126 393 2171 Tum
407 2141 483 2185 porro,
495 2142 545 2187 quoe
556 2128 627 2183 ducit,
643 2124 699 2188 stc]
715 2126 764 2174 Ite·
798 2125 874 2174 cauda
890 2134 963 2189 prout
973 2132 1040 2173 recto
1050 2132 1093 2172 aut
1104 2122 1201 2184 obliquo
1211 2119 1281 2169 radio
1297 2119 1337 2167 lu-

227 2203 289 2246 rum,
312 2204 333 2236 v.
354 2187 375 2238 7.
392 2199 498 2251 pugnam
523 2189 564 2252 qui
583 2189 667 2237 dicunt
689 2206 766 2238 unum
798 2189 833 2237 cis
850 2188 977 2237 illustratae
994 2197 1058 2246 sunt,
1071 2187 1143 2235 modo
1154 2185 1251 2242 flavmn,
1263 2182 1339 2232 modo

228 2252 363 2316 simplicem
383 2253 488 2302 colorem
509 2270 540 2302 ex
562 2254 695 2303 seminibus
718 2254 766 2302 alio
798 2253 909 2310 viridem,
927 2254 998 2301 modo
1015 2253 1161 2310 flammeum,
1173 2261 1218 2298 etc.
1230 2249 1339 2298 colorem

228 2327 300 2379 atque
323 2317 370 2365 alio
391 2317 471 2366 colore
495 2318 578 2367 tinctis
601 2319 663 2367 effici
686 2335 765 2382 posse,
799 2318 946 2374 diffundere;
976 2328 1001 2367 et
1023 2317 1080 2365 inde
1102 2315 1183 2379 arguit
1203 2314 1229 2362 in
1251 2312 1338 2361 densis

224 2381 331 2445 priorem
338 2382 454 2431 deserunt
462 2383 763 2445 opinionem‚unicamque
797 2383 904 2431 tenebris
920 2382 1017 2444 inques
1034 2381 1078 2429 lux
1094 2380 1161 2429 nulla
1176 2386 1298 2443 penetrat,
1311 2386 1338 2426 et

226 2462 277 2494 suae
295 2447 423 2495 sententiae
440 2448 561 2496 rationem
581 2458 709 2496 evertunt:
737 2448 764 2496 hi
796 2463 827 2496 ex
839 2447 926 2510 quibus
938 2447 1005 2495 nulla
1016 2445 1156 2503 reflectitur,
1168 2443 1248 2492 nullos
1263 2457 1337 2506 pror-

227 2510 293 2559 enim
312 2511 468 2574 postulabant
487 2512 594 2561 colorata
614 2513 713 2570 semina,
736 2522 764 2560 ut
795 2528 837 2560 sus
849 2512 942 2560 colores
952 2527 1019 2568 esse;
1038 2527 1065 2559 ac
1077 2510 1180 2574 proinde
1190 2507 1284 2557 colores
1293 2505 1338 2570 qui

225 2575 281 2623 alba
302 2591 405 2638 corpora
427 2591 459 2623 ex
486 2577 547 2625 albis
574 2577 715 2634 seminibus,
739 2585 764 2624 et
796 2577 914 2624 redeunte
931 2576 985 2624 luce
996 2576 1023 2623 in
1034 2575 1107 2623 rebus
1118 2582 1258 2630 cernuntur,
1276 2587 1336 2635 pro·

227 2639 340 2702 nigraex
356 2639 433 2702 nigris
448 2640 578 2689 orirentur.
612 2641 639 2688 Si
656 2650 764 2689 tamena
797 2641 874 2688 creari
884 2642 914 2688 ab
925 2641 1029 2704 ipsamet
1040 2640 1101 2698 luce,
1113 2653 1159 2703 pro
1168 2636 1337 2713 dispositioni—

226 2703 356 2766 principiis
376 2703 538 2752 diversimode
556 2705 669 2753 coloratis
687 2705 764 2768 niger,
798 2704 843 2753 bus
850 2721 909 2767 quas
916 2721 955 2754 res
964 2706 1054 2752 habent
1060 2704 1090 2753 ad
1099 2719 1152 2752 eam
1161 2701 1337 2765 recipiendam,

228 2775 271 2814 aut
288 2766 357 2814 albus
374 2766 441 2814 color
458 2768 570 2826 oriretur,
590 2779 641 2818 tota
658 2769 707 2828 illa,
725 2769 765 2818 cui
797 2769 977 2826 reflectendum,
989 2768 1178 2832 refringandsm,
1189 2777 1215 2815 et
1225 2767 1337 2815 referen-

228 2830 296 2894 prius
308 2830 422 2888 fidebant,
434 2832 497 2880 ratio
512 2833 590 2896 perit:
608 2833 696 2882 deinde
708 2834 764 2882 sub·
798 2833 854 2882 dum
870 2835 901 2882 ad
917 2834 1006 2882 oculos.
1042 2834 1149 2896 Ideoque
1163 2831 1278 2895 quoniam
1295 2845 1336 2879 se·

225 2894 308 2957 jungit
324 2894 405 2943 album
421 2895 526 2944 colorem
539 2895 576 2960 (et
592 2897 657 2945 idem
668 2899 699 2946 de
711 2898 765 2946 aliis
797 2898 864 2945 mina
882 2914 1006 2960 nunquam
1024 2898 1050 2946 in
1067 2897 1147 2946 lucem
1165 2895 1274 2953 veniunt,
1293 2904 1339 2944 aut

228 2959 370 3021 dicendum)
382 2959 454 3008 citius
466 2961 533 3009 nasci
544 2977 615 3024 posse
625 2978 655 3010 ex
665 2962 765 3010 semini·
797 2962 878 3010 radios
894 2963 1029 3022 reflectunt,
1050 2963 1119 3025 quasi
1136 2961 1162 3009 in
1183 2959 1338 3009 densissimis

228 3025 274 3072 bus
291 3023 365 3081 nullo,
377 3039 475 3086 quame
491 3025 620 3090 principiis
632 3026 671 3074 vel
687 3027 764 3090 nigro,
798 3027 1010 3086 tenebricolarum,
1027 3036 1084 3075 sunt
1099 3041 1199 3091 prorsus
1214 3025 1337 3073 excolora.

228 3087 267 3136 vel
284 3087 332 3136 alio
343 3089 428 3150 quovis
444 3089 524 3138 colore
541 3090 631 3139 tinctis.
666 3091 705 3138 lta
721 3093 765 3140 hos
799 3091 921 3154 Epicurus
932 3092 958 3139 in
972 3092 1034 3140 libro
1046 3092 1161 3140 adversm
1177 3089 1337 3152 Theophras-

229 3169 313 3202 versus
339 3169 443 3217 expono,
467 3171 527 3217 quos
549 3156 591 3203 alii
619 3156 765 3219 interpretes
798 3164 850 3204 tum
862 3157 968 3205 secundo
978 3157 1043 3215 dicit,
1054 3157 1097 3204 οὐκ
1109 3153 1209 3204 εἶναιτὰ
1219 3153 1339 3215 upupam

228 3217 337 3266 nondum
348 3218 522 3267 intellexerint.
799 3222 895 3280 συμφυῆ
916 3223 966 3270 τοῖς
986 3221 1100 3282 σώμασιν,
1121 3218 1186 3267 ἀλλὰ
1205 3218 1338 3279 ’γεννᾶσθαι

262 3283 325 3331 lbid
339 3287 412 3332 Ducit
423 3292 446 3332 et
462 3282 550 3346 inlicit]
568 3285 598 3333 ld
610 3293 653 3343 est,
666 3288 765 3333 suadet:
798 3284 860 3333 κατὰ
875 3283 944 3334 ποιάς
954 3304 1019 3335 τινας
1034 3283 1119 3346 τάξεις,
1132 3283 1171 3332 καὶ
1187 3282 1265 3332 θέσεις
1277 3282 1339 3345 πρὸς

227 3346 263 3394 ita
280 3348 390 3397 foeliciter
408 3349 517 3397 restituit
534 3350 668 3398 Lambinus
684 3350 764 3398 locum
797 3349 842 3407 τὴν
853 3349 912 3412 ὄψιν.
947 3351 981 3398 Et
991 3365 1095 3408 rursum,
1108 3349 1151 3397 οὐκ
1163 3346 1215 3396 οἴδα
1226 3347 1289 3396 dtus
1299 3348 1341 3396 ter

227 3413 334 3461 maxime
345 3425 493 3477 corruptum.
797 3413 828 3462 τὰ
841 3416 866 3462 ἐν
877 3412 959 3463 σκότει
971 3414 1029 3464 ὄντα
1039 3417 1116 3476 φῆσαι
1131 3413 1248 3477 χρώματα
1259 3410 1336 3474 lxma:

262 3475 316 3525 791.
338 3481 426 3539 Quippe
442 3478 536 3542 etenim]
559 3481 665 3543 Insuper
681 3481 763 3529 obser·
798 3479 943 3528 Plutarchus
954 3480 1007 3528 adv.
1021 3479 1138 3529 Colotem.

228 3541 348 3597 vandum3
380 3544 443 3590 hanc
465 3543 692 3608 interpretationem
714 3554 765 3593 tota
830 3543 885 3593 799.
902 3547 976 3593 Recta
985 3553 1026 3593 aut
1036 3547 1135 3606 obliqua,
1147 3541 1203 3605 etc]
1221 3543 1288 3591 Nam
1304 3558 1342 3592 ex

228 3603 361 3666 disputatio
371 3608 506 3655 confirmat
796 3608 917 3657 variantia
927 3610 1010 3672 anguli
1024 3608 1085 3659 recti
1097 3618 1140 3657 aut
1150 3607 1242 3670 obliqui
1253 3607 1337 3657 varia·

262 3667 316 3717 794.
329 3672 454 3728 Praeterea,
464 3676 568 3733 quoniam
576 3680 696 3735 nequeunt,
705 3672 762 3736 etc]
797 3680 836 3720 tur
847 3672 920 3721 color.

229 3732 331 3790 Iterum,
345 3750 368 3781 v.
388 3736 423 3782 15.
441 3736 563 3784 concludit
580 3736 708 3784 Lucretius
724 3752 762 3784 se·
830 3738 884 3785 801.
921 3741 977 3789 Qua
1009 3736 1069 3800 sita]
1100 3738 1162 3792 Qua
1195 3735 1336 3800 circumpo-

229 3795 295 3844 mina
309 3812 361 3845 esse
375 3798 483 3846 colorum
496 3800 612 3862 expertia,
625 3800 682 3862 quia
698 3801 764 3849 color
796 3800 850 3859 sits,
867 3799 1030 3863 reparandum
1052 3810 1161 3850 coronat:
1183 3799 1261 3864 cingit
1281 3801 1337 3849 col·

228 3860 264 3908 nil
280 3860 346 3908 aliud
362 3861 395 3909 sit
411 3878 483 3924 quam
500 3864 543 3911 lux
563 3865 589 3911 in
606 3879 707 3927 corpore
722 3880 764 3914 re·
796 3864 847 3914 lum
864 3875 890 3913 et
911 3866 1031 3914 cervicem
1048 3866 1179 3922 columbae3
1203 3865 1289 3913 cervix
1305 3865 1338 3914 τὸ
1382 3911 1384 3914 ,

227 3926 310 3983 fracta,
328 3926 367 3973 vel
387 3941 401 3974 a
419 3927 548 3990 superficie
568 3928 637 3992 opaci
655 3930 764 3992 corporis
796 3929 870 3991 παχὺ,
892 3939 917 3978 et
938 3930 970 3979 sd
992 3929 1096 3989 ὄπισθεν,
1113 3930 1203 3979 collum
1224 3928 1254 3977 τὸ
1275 3928 1339 3992 πρό-

227 3990 333 4039 reflexa:
351 3990 726 4051 delucerefractanibilPodta
739 4005 765 4044 at
796 4012 877 4055 μηκις,
906 4005 931 4044 et
957 3995 989 4044 τὰ
1019 3994 1151 4056 ἔμπροσθεν
1178 3993 1337 4057 significabit,

228 4054 250 4103 si
257 4055 348 4118 prisma
359 4070 402 4102 seu
415 4055 537 4118 trigonum
548 4057 652 4105 vitreum
665 4058 764 4121 vulgare
796 4061 879 4108 Faber.

228 4119 304 4168 oculis
331 4135 447 4182 apponas,
476 4120 567 4169 senties
592 4121 674 4169 radios
702 4122 764 4173 lucis
829 4125 883 4171 802.
896 4126 975 4171 Rubro
985 4128 1017 4172 n't
1028 4126 1093 4172 clara
1104 4121 1208 4189 Pyropo]
1227 4123 1267 4171 Itu
1277 4138 1344 4174 cum·

226 4184 349 4246 geminam
357 4183 526 4232 refractionem
538 4201 622 4248 passos
631 4185 711 4234 varios
722 4204 762 4235 co·
796 4188 915 4235 Lambino
931 4196 1016 4236 contra
1035 4204 1119 4237 omnes
1139 4187 1208 4239 codd
1229 4190 1340 4238 Ιίιιὺιιιιιι

227 4249 292 4298 lores
303 4249 430 4298 exhibere:
449 4251 562 4298 observat
573 4260 654 4298 autem
666 4251 762 4314 plumas
796 4255 911 4314 Pyropum
933 4252 997 4300 dixit
1024 4253 1153 4304 Lucretius
1175 4263 1203 4302 ut
1225 4269 1247 4302 v.
1277 4255 1339 4305 ⁸04.

227 4313 291 4363 circa
306 4314 423 4365 columbae
438 4315 535 4373 collum,
554 4324 596 4365 aut
613 4315 639 4363 in
658 4316 761 4380 pavonis
798 4319 898 4366 Vtridcis
910 4320 1053 4380 Smaragdos.
