<?xml version="1.0" encoding="UTF-8"?>
<!DOCTYPE html PUBLIC "-//W3C//DTD XHTML 1.0 Transitional//EN"
    "http://www.w3.org/TR/xhtml1/DTD/xhtml1-transitional.dtd">
<html xmlns="http://www.w3.org/1999/xhtml" xml:lang="en" lang="en">
 <head>
  <title>
</title>
<meta http-equiv="Content-Type" content="text/html;charset=utf-8" />
  <meta name='ocr-system' content='tesseract 3.04.00' />
  <meta name='ocr-capabilities' content='ocr_page ocr_carea ocr_par ocr_line ocrx_word'/>
</head>
<body>
  <div class='ocr_page' id='page_1' title='image "./titilucretiicar04carugoog_0216.png"; bbox 0 0 2872 4852; ppageno 0'>
   <div class='ocr_carea' id='block_1_1' title="bbox 217 226 944 296">
    <p class='ocr_par' dir='ltr' id='par_1_1' title="bbox 217 226 944 296">
     <span class='ocr_line' id='line_1_1' title="bbox 217 226 944 296; baseline -0.007 0"><span class='ocrx_word' id='word_1_1' title='bbox 217 233 280 296; x_wconf 73' lang='lat'>192</span> <span class='ocrx_word' id='word_1_2' title='bbox 596 226 639 291; x_wconf 92' lang='lat' dir='ltr'>T.</span> <span class='ocrx_word' id='word_1_3' title='bbox 672 226 944 292; x_wconf 87' lang='lat' dir='ltr'>LUCRETII</span> 
     </span>
    </p>
   </div>
   <div class='ocr_carea' id='block_1_2' title="bbox 234 383 1336 2610">
    <p class='ocr_par' dir='ltr' id='par_1_2' title="bbox 298 383 1075 452">
     <span class='ocr_line' id='line_1_2' title="bbox 298 383 1075 452; baseline -0.006 -2"><span class='ocrx_word' id='word_1_4' title='bbox 298 385 448 450; x_wconf 89' lang='lat' dir='ltr'>AEtheris</span> <span class='ocrx_word' id='word_1_5' title='bbox 464 405 505 446; x_wconf 83' lang='lat' dir='ltr'>ex</span> <span class='ocrx_word' id='word_1_6' title='bbox 522 383 586 452; x_wconf 88' lang='lat' dir='ltr'>oris</span> <span class='ocrx_word' id='word_1_7' title='bbox 603 383 645 447; x_wconf 91' lang='lat' dir='ltr'>ad</span> <span class='ocrx_word' id='word_1_8' title='bbox 658 394 821 446; x_wconf 86' lang='lat' dir='ltr'>terrarum</span> <span class='ocrx_word' id='word_1_9' title='bbox 836 383 963 447; x_wconf 86' lang='lat' dir='ltr'>accidat</span> <span class='ocrx_word' id='word_1_10' title='bbox 979 385 1075 446; x_wconf 73' lang='lat' dir='ltr'>oras?</span> 
     </span>
    </p>

    <p class='ocr_par' dir='ltr' id='par_1_3' title="bbox 299 483 1336 775">
     <span class='ocr_line' id='line_1_3' title="bbox 342 483 1336 568; baseline 0 -18"><span class='ocrx_word' id='word_1_11' title='bbox 342 487 455 560; x_wconf 85' lang='lat' dir='ltr'><strong>Quare</strong></span> <span class='ocrx_word' id='word_1_12' title='bbox 470 486 567 549; x_wconf 90' lang='lat' dir='ltr'>etiam</span> <span class='ocrx_word' id='word_1_13' title='bbox 582 496 681 568; x_wconf 89' lang='lat' dir='ltr'>atque</span> <span class='ocrx_word' id='word_1_14' title='bbox 694 485 792 548; x_wconf 88' lang='lat' dir='ltr'>etiarn</span> <span class='ocrx_word' id='word_1_15' title='bbox 807 485 889 548; x_wconf 89' lang='lat' dir='ltr'>mitti</span> <span class='ocrx_word' id='word_1_16' title='bbox 905 484 976 548; x_wconf 86' lang='lat' dir='ltr'>haee</span> <span class='ocrx_word' id='word_1_17' title='bbox 991 483 1115 549; x_wconf 84' lang='lat' dir='ltr'><strong>fateare</strong></span> <span class='ocrx_word' id='word_1_18' title='bbox 1135 506 1275 550; x_wconf 84' lang='lat' dir='ltr'>necesse</span> <span class='ocrx_word' id='word_1_19' title='bbox 1292 487 1336 550; x_wconf 80' lang='lat' dir='ltr'>’st</span> 
     </span>
     <span class='ocr_line' id='line_1_4' title="bbox 299 585 1201 673; baseline -0.002 -20"><span class='ocrx_word' id='word_1_20' title='bbox 299 590 458 673; x_wconf 85' lang='lat' dir='ltr'>Corpora,</span> <span class='ocrx_word' id='word_1_21' title='bbox 476 610 550 671; x_wconf 86' lang='lat' dir='ltr'>quae</span> <span class='ocrx_word' id='word_1_22' title='bbox 565 586 682 651; x_wconf 87' lang='lat' dir='ltr'>feriant</span> <span class='ocrx_word' id='word_1_23' title='bbox 697 586 820 664; x_wconf 91' lang='lat' dir='ltr'>oculos,</span> <span class='ocrx_word' id='word_1_24' title='bbox 838 587 1006 671; x_wconf 90' lang='lat' dir='ltr'>visumque</span> <span class='ocrx_word' id='word_1_25' title='bbox 1021 585 1201 651; x_wconf 85' lang='lat' dir='ltr'>lacessant:</span> 
     </span>
     <span class='ocr_line' id='line_1_5' title="bbox 299 689 1093 775; baseline -0.004 -20"><span class='ocrx_word' id='word_1_26' title='bbox 299 691 532 775; x_wconf 84' lang='lat' dir='ltr'>Perpetuoque</span> <span class='ocrx_word' id='word_1_27' title='bbox 548 689 655 753; x_wconf 91' lang='lat' dir='ltr'>fluunt</span> <span class='ocrx_word' id='word_1_28' title='bbox 670 689 767 753; x_wconf 86' lang='lat' dir='ltr'>certis</span> <span class='ocrx_word' id='word_1_29' title='bbox 783 691 825 753; x_wconf 88' lang='lat' dir='ltr'>ab</span> <span class='ocrx_word' id='word_1_30' title='bbox 840 691 940 752; x_wconf 92' lang='lat' dir='ltr'>rebus</span> <span class='ocrx_word' id='word_1_31' title='bbox 956 689 1093 766; x_wconf 82' lang='lat' dir='ltr'>odores3</span> 
     </span>
    </p>

    <p class='ocr_par' dir='ltr' id='par_1_4' title="bbox 234 789 1190 1283">
     <span class='ocr_line' id='line_1_6' title="bbox 234 789 1190 878; baseline 0 -25"><span class='ocrx_word' id='word_1_32' title='bbox 234 808 283 853; x_wconf 82' lang='lat'>220</span> <span class='ocrx_word' id='word_1_33' title='bbox 301 795 420 878; x_wconf 82' lang='lat' dir='ltr'>Frigus</span> <span class='ocrx_word' id='word_1_34' title='bbox 435 803 473 857; x_wconf 90' lang='lat' dir='ltr'>ut</span> <span class='ocrx_word' id='word_1_35' title='bbox 488 816 507 855; x_wconf 86' lang='lat' dir='ltr'>a</span> <span class='ocrx_word' id='word_1_36' title='bbox 522 792 641 868; x_wconf 89' lang='lat' dir='ltr'>fluviis,</span> <span class='ocrx_word' id='word_1_37' title='bbox 657 789 755 855; x_wconf 91' lang='lat' dir='ltr'>Calor</span> <span class='ocrx_word' id='word_1_38' title='bbox 770 814 790 853; x_wconf 88' lang='lat' dir='ltr'>a</span> <span class='ocrx_word' id='word_1_39' title='bbox 805 789 884 866; x_wconf 87' lang='lat' dir='ltr'>sole,</span> <span class='ocrx_word' id='word_1_40' title='bbox 902 790 1020 854; x_wconf 89' lang='lat' dir='ltr'>AEstus</span> <span class='ocrx_word' id='word_1_41' title='bbox 1036 791 1077 854; x_wconf 86' lang='lat' dir='ltr'>ab</span> <span class='ocrx_word' id='word_1_42' title='bbox 1093 790 1190 853; x_wconf 87' lang='lat' dir='ltr'>undis</span> 
     </span>
     <span class='ocr_line' id='line_1_7' title="bbox 300 891 1055 981; baseline -0.007 -21"><span class='ocrx_word' id='word_1_43' title='bbox 300 896 471 981; x_wconf 75' lang='lat' dir='ltr'>AEquoriS,</span> <span class='ocrx_word' id='word_1_44' title='bbox 487 917 605 959; x_wconf 82' lang='lat' dir='ltr'>exesor</span> <span class='ocrx_word' id='word_1_45' title='bbox 619 915 795 958; x_wconf 90' lang='lat' dir='ltr'>moerorum</span> <span class='ocrx_word' id='word_1_46' title='bbox 808 891 903 956; x_wconf 88' lang='lat' dir='ltr'>litora</span> <span class='ocrx_word' id='word_1_47' title='bbox 918 893 1055 957; x_wconf 84' lang='lat' dir='ltr'>circum:</span> 
     </span>
     <span class='ocr_line' id='line_1_8' title="bbox 299 993 1100 1079; baseline -0.007 -16"><span class='ocrx_word' id='word_1_48' title='bbox 299 999 374 1063; x_wconf 92' lang='lat' dir='ltr'>Nec</span> <span class='ocrx_word' id='word_1_49' title='bbox 389 998 486 1061; x_wconf 87' lang='lat' dir='ltr'>variae</span> <span class='ocrx_word' id='word_1_50' title='bbox 502 1005 630 1061; x_wconf 86' lang='lat' dir='ltr'>cessant</span> <span class='ocrx_word' id='word_1_51' title='bbox 646 995 755 1060; x_wconf 90' lang='lat' dir='ltr'>Voces</span> <span class='ocrx_word' id='word_1_52' title='bbox 771 993 904 1059; x_wconf 93' lang='lat' dir='ltr'>volitare</span> <span class='ocrx_word' id='word_1_53' title='bbox 918 1017 979 1079; x_wconf 90' lang='lat' dir='ltr'>per</span> <span class='ocrx_word' id='word_1_54' title='bbox 993 1017 1100 1059; x_wconf 89' lang='lat' dir='ltr'>auras.</span> 
     </span>
     <span class='ocr_line' id='line_1_9' title="bbox 301 1096 1144 1184; baseline -0.008 -18"><span class='ocrx_word' id='word_1_55' title='bbox 301 1102 455 1184; x_wconf 88' lang='lat' dir='ltr'>Denique</span> <span class='ocrx_word' id='word_1_56' title='bbox 470 1100 503 1162; x_wconf 95' lang='lat' dir='ltr'>in</span> <span class='ocrx_word' id='word_1_57' title='bbox 519 1121 555 1162; x_wconf 89' lang='lat' dir='ltr'>os</span> <span class='ocrx_word' id='word_1_58' title='bbox 571 1097 648 1162; x_wconf 91' lang='lat' dir='ltr'>salsi</span> <span class='ocrx_word' id='word_1_59' title='bbox 663 1098 749 1161; x_wconf 90' lang='lat' dir='ltr'>venit</span> <span class='ocrx_word' id='word_1_60' title='bbox 763 1096 880 1161; x_wconf 91' lang='lat' dir='ltr'>humor</span> <span class='ocrx_word' id='word_1_61' title='bbox 896 1119 983 1180; x_wconf 86' lang='lat' dir='ltr'>saepe</span> <span class='ocrx_word' id='word_1_62' title='bbox 999 1097 1144 1181; x_wconf 63' lang='lat' dir='ltr'>Saporis</span> 
     </span>
     <span class='ocr_line' id='line_1_10' title="bbox 300 1197 1154 1283; baseline -0.007 -16"><span class='ocrx_word' id='word_1_63' title='bbox 300 1203 384 1267; x_wconf 89' lang='lat' dir='ltr'>Cum</span> <span class='ocrx_word' id='word_1_64' title='bbox 398 1224 486 1266; x_wconf 89' lang='lat' dir='ltr'>mare</span> <span class='ocrx_word' id='word_1_65' title='bbox 502 1223 668 1264; x_wconf 87' lang='lat' dir='ltr'>versamur</span> <span class='ocrx_word' id='word_1_66' title='bbox 682 1209 835 1283; x_wconf 81' lang='lat' dir='ltr'>propter3</span> <span class='ocrx_word' id='word_1_67' title='bbox 860 1197 1026 1283; x_wconf 90' lang='lat' dir='ltr'>dilutaque</span> <span class='ocrx_word' id='word_1_68' title='bbox 1042 1209 1154 1262; x_wconf 89' lang='lat' dir='ltr'>eontra</span> 
     </span>
    </p>

    <p class='ocr_par' dir='ltr' id='par_1_5' title="bbox 234 1300 1231 1796">
     <span class='ocr_line' id='line_1_11' title="bbox 234 1300 1122 1384; baseline -0.005 -18"><span class='ocrx_word' id='word_1_69' title='bbox 234 1319 282 1366; x_wconf 86' lang='lat'>225</span> <span class='ocrx_word' id='word_1_70' title='bbox 300 1306 383 1369; x_wconf 91' lang='lat' dir='ltr'>Cum</span> <span class='ocrx_word' id='word_1_71' title='bbox 398 1305 518 1368; x_wconf 91' lang='lat' dir='ltr'>tuimur</span> <span class='ocrx_word' id='word_1_72' title='bbox 532 1302 659 1366; x_wconf 89' lang='lat' dir='ltr'>misceri</span> <span class='ocrx_word' id='word_1_73' title='bbox 675 1300 849 1378; x_wconf 90' lang='lat' dir='ltr'>absinthia,</span> <span class='ocrx_word' id='word_1_74' title='bbox 866 1301 971 1384; x_wconf 86' lang='lat' dir='ltr'>tangit</span> <span class='ocrx_word' id='word_1_75' title='bbox 986 1322 1122 1363; x_wconf 91' lang='lat' dir='ltr'>amaror.</span> 
     </span>
     <span class='ocr_line' id='line_1_12' title="bbox 300 1402 1231 1490; baseline -0.006 -19"><span class='ocrx_word' id='word_1_76' title='bbox 300 1407 416 1490; x_wconf 89' lang='lat' dir='ltr'>Usque</span> <span class='ocrx_word' id='word_1_77' title='bbox 431 1406 515 1469; x_wconf 91' lang='lat' dir='ltr'>adeo</span> <span class='ocrx_word' id='word_1_78' title='bbox 531 1405 679 1468; x_wconf 91' lang='lat' dir='ltr'>omnibus</span> <span class='ocrx_word' id='word_1_79' title='bbox 694 1403 736 1466; x_wconf 86' lang='lat' dir='ltr'>ab</span> <span class='ocrx_word' id='word_1_80' title='bbox 752 1403 851 1466; x_wconf 91' lang='lat' dir='ltr'>rebus</span> <span class='ocrx_word' id='word_1_81' title='bbox 869 1425 920 1466; x_wconf 93' lang='lat' dir='ltr'>res</span> <span class='ocrx_word' id='word_1_82' title='bbox 936 1425 1074 1486; x_wconf 88' lang='lat' dir='ltr'>quaeque</span> <span class='ocrx_word' id='word_1_83' title='bbox 1089 1402 1231 1466; x_wconf 87' lang='lat' dir='ltr'>fluenter</span> 
     </span>
     <span class='ocr_line' id='line_1_13' title="bbox 300 1504 1176 1589; baseline -0.005 -17"><span class='ocrx_word' id='word_1_84' title='bbox 300 1509 430 1585; x_wconf 88' lang='lat' dir='ltr'>Fertur,</span> <span class='ocrx_word' id='word_1_85' title='bbox 446 1518 479 1571; x_wconf 92' lang='lat' dir='ltr'>et</span> <span class='ocrx_word' id='word_1_86' title='bbox 494 1509 527 1570; x_wconf 88' lang='lat' dir='ltr'>in</span> <span class='ocrx_word' id='word_1_87' title='bbox 542 1518 675 1571; x_wconf 91' lang='lat' dir='ltr'>cunctas</span> <span class='ocrx_word' id='word_1_88' title='bbox 692 1505 864 1568; x_wconf 88' lang='lat' dir='ltr'>dimittitur</span> <span class='ocrx_word' id='word_1_89' title='bbox 880 1506 1023 1589; x_wconf 91' lang='lat' dir='ltr'>undique</span> <span class='ocrx_word' id='word_1_90' title='bbox 1039 1504 1176 1589; x_wconf 84' lang='lat' dir='ltr'>parteis3</span> 
     </span>
     <span class='ocr_line' id='line_1_14' title="bbox 300 1605 1159 1691; baseline -0.005 -19"><span class='ocrx_word' id='word_1_91' title='bbox 300 1609 375 1674; x_wconf 89' lang='lat' dir='ltr'>Nec</span> <span class='ocrx_word' id='word_1_92' title='bbox 391 1632 492 1685; x_wconf 89' lang='lat' dir='ltr'>mora,</span> <span class='ocrx_word' id='word_1_93' title='bbox 509 1630 569 1671; x_wconf 92' lang='lat' dir='ltr'>nec</span> <span class='ocrx_word' id='word_1_94' title='bbox 584 1607 714 1691; x_wconf 86' lang='lat' dir='ltr'>requies</span> <span class='ocrx_word' id='word_1_95' title='bbox 729 1607 813 1670; x_wconf 92' lang='lat' dir='ltr'>inter</span> <span class='ocrx_word' id='word_1_96' title='bbox 829 1607 927 1671; x_wconf 90' lang='lat' dir='ltr'>datur</span> <span class='ocrx_word' id='word_1_97' title='bbox 940 1605 1005 1669; x_wconf 92' lang='lat' dir='ltr'>ulla</span> <span class='ocrx_word' id='word_1_98' title='bbox 1019 1606 1159 1670; x_wconf 87' lang='lat' dir='ltr'>fluendi:</span> 
     </span>
     <span class='ocr_line' id='line_1_15' title="bbox 300 1710 1132 1796; baseline -0.006 -21"><span class='ocrx_word' id='word_1_99' title='bbox 300 1711 466 1796; x_wconf 90' lang='lat' dir='ltr'>Perpetuo</span> <span class='ocrx_word' id='word_1_100' title='bbox 482 1711 633 1793; x_wconf 88' lang='lat' dir='ltr'>quoniam</span> <span class='ocrx_word' id='word_1_101' title='bbox 649 1710 816 1786; x_wconf 90' lang='lat' dir='ltr'>sentimus,</span> <span class='ocrx_word' id='word_1_102' title='bbox 833 1720 867 1773; x_wconf 93' lang='lat' dir='ltr'>et</span> <span class='ocrx_word' id='word_1_103' title='bbox 882 1710 988 1773; x_wconf 90' lang='lat' dir='ltr'>omnia</span> <span class='ocrx_word' id='word_1_104' title='bbox 1004 1730 1132 1793; x_wconf 89' lang='lat' dir='ltr'>semper</span> 
     </span>
    </p>

    <p class='ocr_par' dir='ltr' id='par_1_6' title="bbox 234 1810 1086 1889">
     <span class='ocr_line' id='line_1_16' title="bbox 234 1810 1086 1889; baseline -0.005 -12"><span class='ocrx_word' id='word_1_105' title='bbox 234 1824 283 1870; x_wconf 79' lang='lat'>230</span> <span class='ocrx_word' id='word_1_106' title='bbox 300 1813 454 1888; x_wconf 89' lang='lat' dir='ltr'>Cernere,</span> <span class='ocrx_word' id='word_1_107' title='bbox 472 1812 615 1876; x_wconf 89' lang='lat' dir='ltr'>Odorari</span> <span class='ocrx_word' id='word_1_108' title='bbox 629 1810 716 1887; x_wconf 91' lang='lat' dir='ltr'>licet,</span> <span class='ocrx_word' id='word_1_109' title='bbox 733 1822 766 1875; x_wconf 90' lang='lat' dir='ltr'>et</span> <span class='ocrx_word' id='word_1_110' title='bbox 783 1813 901 1875; x_wconf 91' lang='lat' dir='ltr'>sentire</span> <span class='ocrx_word' id='word_1_111' title='bbox 918 1811 1086 1889; x_wconf 88' lang='lat' dir='ltr'>Sonorem.</span> 
     </span>
    </p>

    <p class='ocr_par' dir='ltr' id='par_1_7' title="bbox 299 1912 1218 2304">
     <span class='ocr_line' id='line_1_17' title="bbox 344 1912 1129 1997; baseline -0.004 -19"><span class='ocrx_word' id='word_1_112' title='bbox 344 1914 521 1990; x_wconf 74' lang='lat' dir='ltr'>Praeterea,</span> <span class='ocrx_word' id='word_1_113' title='bbox 538 1913 689 1997; x_wconf 91' lang='lat' dir='ltr'>quoniam</span> <span class='ocrx_word' id='word_1_114' title='bbox 704 1913 852 1976; x_wconf 92' lang='lat' dir='ltr'>manibus</span> <span class='ocrx_word' id='word_1_115' title='bbox 869 1921 1008 1976; x_wconf 87' lang='lat' dir='ltr'>tractata</span> <span class='ocrx_word' id='word_1_116' title='bbox 1022 1912 1129 1995; x_wconf 86' lang='lat' dir='ltr'>figura</span> 
     </span>
     <span class='ocr_line' id='line_1_18' title="bbox 299 2014 1217 2099; baseline -0.003 -19"><span class='ocrx_word' id='word_1_117' title='bbox 299 2017 338 2080; x_wconf 90' lang='lat' dir='ltr'>ln</span> <span class='ocrx_word' id='word_1_118' title='bbox 354 2015 498 2080; x_wconf 91' lang='lat' dir='ltr'>tenebris</span> <span class='ocrx_word' id='word_1_119' title='bbox 513 2015 673 2099; x_wconf 76' lang='lat' dir='ltr'>quaedam,</span> <span class='ocrx_word' id='word_1_120' title='bbox 690 2015 898 2098; x_wconf 81' lang='lat' dir='ltr'>cognoscitur</span> <span class='ocrx_word' id='word_1_121' title='bbox 913 2037 985 2078; x_wconf 88' lang='lat' dir='ltr'>esse</span> <span class='ocrx_word' id='word_1_122' title='bbox 1001 2014 1126 2091; x_wconf 88' lang='lat' dir='ltr'>eadem,</span> <span class='ocrx_word' id='word_1_123' title='bbox 1144 2036 1217 2097; x_wconf 84' lang='lat' dir='ltr'>quae</span> 
     </span>
     <span class='ocr_line' id='line_1_19' title="bbox 300 2110 1218 2195; baseline -0.003 -13"><span class='ocrx_word' id='word_1_124' title='bbox 300 2119 455 2182; x_wconf 90' lang='lat' dir='ltr'>Cernitur</span> <span class='ocrx_word' id='word_1_125' title='bbox 468 2118 501 2180; x_wconf 92' lang='lat' dir='ltr'>in</span> <span class='ocrx_word' id='word_1_126' title='bbox 516 2116 600 2191; x_wconf 89' lang='lat' dir='ltr'>luce,</span> <span class='ocrx_word' id='word_1_127' title='bbox 617 2128 650 2181; x_wconf 88' lang='lat' dir='ltr'>et</span> <span class='ocrx_word' id='word_1_128' title='bbox 666 2116 752 2181; x_wconf 89' lang='lat' dir='ltr'>claro</span> <span class='ocrx_word' id='word_1_129' title='bbox 768 2118 928 2195; x_wconf 82' lang='lat' dir='ltr'>candore3</span> <span class='ocrx_word' id='word_1_130' title='bbox 952 2138 1086 2181; x_wconf 88' lang='lat' dir='ltr'>necesse</span> <span class='ocrx_word' id='word_1_131' title='bbox 1102 2117 1141 2180; x_wconf 92' lang='lat' dir='ltr'>’st</span> <span class='ocrx_word' id='word_1_132' title='bbox 1210 2110 1218 2126; x_wconf 69' lang='lat'>⁸</span> 
     </span>
     <span class='ocr_line' id='line_1_20' title="bbox 300 2218 1091 2304; baseline -0.003 -20"><span class='ocrx_word' id='word_1_133' title='bbox 300 2219 467 2284; x_wconf 89' lang='lat' dir='ltr'>Consimili</span> <span class='ocrx_word' id='word_1_134' title='bbox 482 2242 581 2284; x_wconf 88' lang='lat' dir='ltr'>causa</span> <span class='ocrx_word' id='word_1_135' title='bbox 594 2218 746 2296; x_wconf 87' lang='lat' dir='ltr'>Taetum,</span> <span class='ocrx_word' id='word_1_136' title='bbox 763 2219 945 2304; x_wconf 89' lang='lat' dir='ltr'>Visumque</span> <span class='ocrx_word' id='word_1_137' title='bbox 960 2218 1091 2283; x_wconf 89' lang='lat' dir='ltr'>moveri.</span> 
     </span>
    </p>

    <p class='ocr_par' dir='ltr' id='par_1_8' title="bbox 236 2321 1186 2610">
     <span class='ocr_line' id='line_1_21' title="bbox 236 2321 1150 2406; baseline 0.003 -25"><span class='ocrx_word' id='word_1_138' title='bbox 236 2335 285 2381; x_wconf 80' lang='lat'>235</span> <span class='ocrx_word' id='word_1_139' title='bbox 300 2323 399 2387; x_wconf 91' lang='lat' dir='ltr'>Nunc</span> <span class='ocrx_word' id='word_1_140' title='bbox 413 2323 523 2406; x_wconf 85' lang='lat' dir='ltr'>igitur,</span> <span class='ocrx_word' id='word_1_141' title='bbox 540 2322 567 2385; x_wconf 90' lang='lat' dir='ltr'>si</span> <span class='ocrx_word' id='word_1_142' title='bbox 582 2322 790 2394; x_wconf 86' lang='lat' dir='ltr'>Quadratum</span> <span class='ocrx_word' id='word_1_143' title='bbox 805 2330 979 2397; x_wconf 89' lang='lat' dir='ltr'>tentamus,</span> <span class='ocrx_word' id='word_1_144' title='bbox 995 2332 1028 2385; x_wconf 91' lang='lat' dir='ltr'>et</span> <span class='ocrx_word' id='word_1_145' title='bbox 1042 2321 1076 2384; x_wconf 92' lang='lat' dir='ltr'>id</span> <span class='ocrx_word' id='word_1_146' title='bbox 1090 2344 1150 2385; x_wconf 88' lang='lat' dir='ltr'>nos</span> 
     </span>
     <span class='ocr_line' id='line_1_22' title="bbox 303 2423 1142 2507; baseline -0.002 -18"><span class='ocrx_word' id='word_1_147' title='bbox 303 2425 492 2489; x_wconf 73' lang='lat' dir='ltr'>Commouet</span> <span class='ocrx_word' id='word_1_148' title='bbox 506 2425 539 2486; x_wconf 93' lang='lat' dir='ltr'>in</span> <span class='ocrx_word' id='word_1_149' title='bbox 554 2425 716 2501; x_wconf 82' lang='lat' dir='ltr'>tenebris3</span> <span class='ocrx_word' id='word_1_150' title='bbox 740 2424 774 2487; x_wconf 93' lang='lat' dir='ltr'>in</span> <span class='ocrx_word' id='word_1_151' title='bbox 788 2423 853 2487; x_wconf 91' lang='lat' dir='ltr'>luci</span> <span class='ocrx_word' id='word_1_152' title='bbox 867 2446 941 2507; x_wconf 84' lang='lat' dir='ltr'>quae</span> <span class='ocrx_word' id='word_1_153' title='bbox 955 2424 1076 2507; x_wconf 92' lang='lat' dir='ltr'>poterit</span> <span class='ocrx_word' id='word_1_154' title='bbox 1090 2446 1142 2488; x_wconf 89' lang='lat' dir='ltr'>res</span> 
     </span>
     <span class='ocr_line' id='line_1_23' title="bbox 301 2524 1186 2610; baseline 0.001 -21"><span class='ocrx_word' id='word_1_155' title='bbox 301 2524 464 2590; x_wconf 85' lang='lat' dir='ltr'>Accidere</span> <span class='ocrx_word' id='word_1_156' title='bbox 480 2525 523 2589; x_wconf 89' lang='lat' dir='ltr'>ad</span> <span class='ocrx_word' id='word_1_157' title='bbox 539 2526 690 2609; x_wconf 89' lang='lat' dir='ltr'>speeiem,</span> <span class='ocrx_word' id='word_1_158' title='bbox 708 2525 880 2597; x_wconf 80' lang='lat' dir='ltr'>Quadrata</span> <span class='ocrx_word' id='word_1_159' title='bbox 895 2525 957 2587; x_wconf 89' lang='lat' dir='ltr'>nisi</span> <span class='ocrx_word' id='word_1_160' title='bbox 971 2526 1042 2609; x_wconf 88' lang='lat' dir='ltr'>ejus</span> <span class='ocrx_word' id='word_1_161' title='bbox 1058 2526 1186 2610; x_wconf 70' lang='lat' dir='ltr'>imago?</span> 
     </span>
    </p>
   </div>
   <div class='ocr_carea' id='block_1_3' title="bbox 211 2739 1332 4351">
    <p class='ocr_par' dir='ltr' id='par_1_9' title="bbox 214 2739 1332 2868">
     <span class='ocr_line' id='line_1_24' title="bbox 247 2739 1332 2804; baseline 0.003 -15"><span class='ocrx_word' id='word_1_162' title='bbox 247 2742 304 2789; x_wconf 85' lang='lat'><strong>216.</strong></span> <span class='ocrx_word' id='word_1_163' title='bbox 328 2745 369 2789; x_wconf 85' lang='lat' dir='ltr'>Ad</span> <span class='ocrx_word' id='word_1_164' title='bbox 387 2749 501 2790; x_wconf 82' lang='lat' dir='ltr'>terraram</span> <span class='ocrx_word' id='word_1_165' title='bbox 525 2740 629 2803; x_wconf 83' lang='lat' dir='ltr'>accidat]</span> <span class='ocrx_word' id='word_1_166' title='bbox 651 2739 709 2799; x_wconf 85' lang='lat' dir='ltr'>Alii,</span> <span class='ocrx_word' id='word_1_167' title='bbox 726 2740 752 2788; x_wconf 92' lang='lat' dir='ltr'>in</span> <span class='ocrx_word' id='word_1_168' title='bbox 820 2743 874 2789; x_wconf 82' lang='lat'>222.</span> <span class='ocrx_word' id='word_1_169' title='bbox 901 2743 947 2789; x_wconf 85' lang='lat' dir='ltr'>Per</span> <span class='ocrx_word' id='word_1_170' title='bbox 967 2740 1049 2803; x_wconf 80' lang='lat' dir='ltr'>curus]</span> <span class='ocrx_word' id='word_1_171' title='bbox 1072 2741 1173 2790; x_wconf 83' lang='lat' dir='ltr'>Rectius</span> <span class='ocrx_word' id='word_1_172' title='bbox 1193 2757 1267 2804; x_wconf 89' lang='lat' dir='ltr'>quam</span> <span class='ocrx_word' id='word_1_173' title='bbox 1283 2759 1332 2804; x_wconf 84' lang='lat' dir='ltr'>per</span> 
     </span>
     <span class='ocr_line' id='line_1_25' title="bbox 214 2808 1123 2868; baseline -0.001 -15"><span class='ocrx_word' id='word_1_174' title='bbox 214 2813 331 2853; x_wconf 82' lang='lat' dir='ltr'>terrarum</span> <span class='ocrx_word' id='word_1_175' title='bbox 343 2809 438 2854; x_wconf 82' lang='lat' dir='ltr'>incidat.</span> <span class='ocrx_word' id='word_1_176' title='bbox 786 2823 860 2862; x_wconf 82' lang='lat' dir='ltr'>aures,</span> <span class='ocrx_word' id='word_1_177' title='bbox 872 2815 900 2853; x_wconf 89' lang='lat' dir='ltr'>ut</span> <span class='ocrx_word' id='word_1_178' title='bbox 911 2814 980 2868; x_wconf 87' lang='lat' dir='ltr'>patet</span> <span class='ocrx_word' id='word_1_179' title='bbox 991 2821 1023 2853; x_wconf 84' lang='lat' dir='ltr'>ex</span> <span class='ocrx_word' id='word_1_180' title='bbox 1033 2822 1055 2854; x_wconf 87' lang='lat' dir='ltr'>v.</span> <span class='ocrx_word' id='word_1_181' title='bbox 1069 2808 1123 2853; x_wconf 87' lang='grc'>230.</span> 
     </span>
    </p>

    <p class='ocr_par' dir='ltr' id='par_1_10' title="bbox 211 2868 1331 4100">
     <span class='ocr_line' id='line_1_26' title="bbox 249 2868 1330 2937; baseline 0.004 -21"><span class='ocrx_word' id='word_1_182' title='bbox 249 2869 304 2920; x_wconf 84' lang='grc'>217.</span> <span class='ocrx_word' id='word_1_183' title='bbox 331 2873 407 2921; x_wconf 81' lang='lat' dir='ltr'>Quare</span> <span class='ocrx_word' id='word_1_184' title='bbox 424 2873 493 2917; x_wconf 85' lang='lat' dir='ltr'>etiam</span> <span class='ocrx_word' id='word_1_185' title='bbox 511 2877 580 2930; x_wconf 83' lang='lat' dir='ltr'>etque</span> <span class='ocrx_word' id='word_1_186' title='bbox 600 2873 677 2927; x_wconf 82' lang='lat' dir='ltr'>etiam,</span> <span class='ocrx_word' id='word_1_187' title='bbox 696 2868 751 2931; x_wconf 82' lang='lat' dir='ltr'>eta]</span> <span class='ocrx_word' id='word_1_188' title='bbox 819 2872 873 2917; x_wconf 79' lang='grc'>225.</span> <span class='ocrx_word' id='word_1_189' title='bbox 891 2872 977 2933; x_wconf 81' lang='lat' dir='ltr'>Tangit</span> <span class='ocrx_word' id='word_1_190' title='bbox 985 2869 1087 2933; x_wconf 84' lang='lat' dir='ltr'>amaror]</span> <span class='ocrx_word' id='word_1_191' title='bbox 1098 2870 1224 2934; x_wconf 81' lang='lat' dir='ltr'>Virgilius,</span> <span class='ocrx_word' id='word_1_192' title='bbox 1234 2871 1330 2937; x_wconf 80' lang='lat' dir='ltr'>Georg.</span> 
     </span>
     <span class='ocr_line' id='line_1_27' title="bbox 218 2933 1331 2998; baseline 0.005 -18"><span class='ocrx_word' id='word_1_193' title='bbox 218 2933 267 2981; x_wconf 85' lang='lat' dir='ltr'>Hic</span> <span class='ocrx_word' id='word_1_194' title='bbox 286 2943 368 2981; x_wconf 88' lang='lat' dir='ltr'>autem</span> <span class='ocrx_word' id='word_1_195' title='bbox 387 2933 449 2981; x_wconf 88' lang='lat' dir='ltr'>fluor</span> <span class='ocrx_word' id='word_1_196' title='bbox 466 2933 600 2996; x_wconf 80' lang='lat' dir='ltr'>imaginum</span> <span class='ocrx_word' id='word_1_197' title='bbox 621 2936 651 2981; x_wconf 85' lang='lat' dir='ltr'>ad</span> <span class='ocrx_word' id='word_1_198' title='bbox 671 2933 754 2982; x_wconf 84' lang='lat' dir='ltr'>oculos</span> <span class='ocrx_word' id='word_1_199' title='bbox 786 2934 827 2982; x_wconf 90' lang='lat' dir='ltr'>lib.</span> <span class='ocrx_word' id='word_1_200' title='bbox 841 2934 877 2982; x_wconf 86' lang='lat'>11.</span> <span class='ocrx_word' id='word_1_201' title='bbox 891 2951 912 2982; x_wconf 86' lang='lat' dir='ltr'>v.</span> <span class='ocrx_word' id='word_1_202' title='bbox 926 2936 980 2982; x_wconf 80' lang='lat'><strong>246.</strong></span> <span class='ocrx_word' id='word_1_203' title='bbox 1009 2935 1331 2998; x_wconf 79' lang='lat' dir='ltr'>Atraporiadieiumsaeiet</span> 
     </span>
     <span class='ocr_line' id='line_1_28' title="bbox 214 2998 1331 3061; baseline 0.004 -16"><span class='ocrx_word' id='word_1_204' title='bbox 214 2998 382 3046; x_wconf 82' lang='lat' dir='ltr'>admittendus</span> <span class='ocrx_word' id='word_1_205' title='bbox 405 3007 450 3056; x_wconf 77' lang='lat' dir='ltr'>est,</span> <span class='ocrx_word' id='word_1_206' title='bbox 470 2998 592 3060; x_wconf 87' lang='lat' dir='ltr'>quoniam,</span> <span class='ocrx_word' id='word_1_207' title='bbox 616 3015 637 3046; x_wconf 89' lang='lat' dir='ltr'>v.</span> <span class='ocrx_word' id='word_1_208' title='bbox 663 3001 699 3045; x_wconf 78' lang='lat'>14.</span> <span class='ocrx_word' id='word_1_209' title='bbox 723 2998 754 3045; x_wconf 88' lang='lat' dir='ltr'>ad</span> <span class='ocrx_word' id='word_1_210' title='bbox 786 2998 927 3061; x_wconf 73' lang='lat' dir='ltr'>maaismtas,</span> <span class='ocrx_word' id='word_1_211' title='bbox 953 3007 979 3047; x_wconf 87' lang='lat' dir='ltr'>et</span> <span class='ocrx_word' id='word_1_212' title='bbox 1003 3017 1045 3048; x_wconf 85' lang='lat' dir='ltr'>oro</span> <span class='ocrx_word' id='word_1_213' title='bbox 1076 3002 1165 3048; x_wconf 82' lang='lat' dir='ltr'>Tristia</span> <span class='ocrx_word' id='word_1_214' title='bbox 1196 3008 1331 3050; x_wconf 70' lang='lat' dir='ltr'>tentantem</span> 
     </span>
     <span class='ocr_line' id='line_1_29' title="bbox 214 3062 1331 3125; baseline 0.004 -14"><span class='ocrx_word' id='word_1_215' title='bbox 214 3078 301 3111; x_wconf 88' lang='lat' dir='ltr'>omnes</span> <span class='ocrx_word' id='word_1_216' title='bbox 324 3063 384 3111; x_wconf 87' lang='lat' dir='ltr'>alios</span> <span class='ocrx_word' id='word_1_217' title='bbox 407 3078 493 3111; x_wconf 86' lang='lat' dir='ltr'>sensus</span> <span class='ocrx_word' id='word_1_218' title='bbox 516 3078 529 3110; x_wconf 92' lang='lat' dir='ltr'>e</span> <span class='ocrx_word' id='word_1_219' title='bbox 552 3064 625 3110; x_wconf 86' lang='lat' dir='ltr'>rebus</span> <span class='ocrx_word' id='word_1_220' title='bbox 651 3062 754 3111; x_wconf 80' lang='lat' dir='ltr'>effluxur</span> <span class='ocrx_word' id='word_1_221' title='bbox 786 3080 853 3112; x_wconf 76' lang='lat' dir='ltr'>sensa</span> <span class='ocrx_word' id='word_1_222' title='bbox 870 3067 983 3125; x_wconf 77' lang='lat' dir='ltr'>torquebit</span> <span class='ocrx_word' id='word_1_223' title='bbox 998 3081 1097 3113; x_wconf 84' lang='lat' dir='ltr'>amarer.</span> <span class='ocrx_word' id='word_1_224' title='bbox 1130 3065 1187 3113; x_wconf 75' lang='lat' dir='ltr'>vid</span> <span class='ocrx_word' id='word_1_225' title='bbox 1205 3066 1236 3113; x_wconf 88' lang='lat' dir='ltr'>A.</span> <span class='ocrx_word' id='word_1_226' title='bbox 1249 3066 1331 3115; x_wconf 85' lang='lat' dir='ltr'>Gellii</span> 
     </span>
     <span class='ocr_line' id='line_1_30' title="bbox 213 3126 1099 3190; baseline 0.002 -15"><span class='ocrx_word' id='word_1_227' title='bbox 213 3126 314 3190; x_wconf 87' lang='lat' dir='ltr'>quidam</span> <span class='ocrx_word' id='word_1_228' title='bbox 326 3127 471 3176; x_wconf 88' lang='lat' dir='ltr'>allabuntur.</span> <span class='ocrx_word' id='word_1_229' title='bbox 502 3128 596 3175; x_wconf 90' lang='lat' dir='ltr'>Eodem</span> <span class='ocrx_word' id='word_1_230' title='bbox 611 3137 755 3190; x_wconf 83' lang='lat' dir='ltr'>argumento</span> <span class='ocrx_word' id='word_1_231' title='bbox 788 3129 860 3176; x_wconf 81' lang='lat' dir='ltr'>Noct</span> <span class='ocrx_word' id='word_1_232' title='bbox 874 3129 979 3177; x_wconf 67' lang='lat' dir='ltr'>Attrita</span> <span class='ocrx_word' id='word_1_233' title='bbox 994 3129 1014 3176; x_wconf 91' lang='lat'>1.</span> <span class='ocrx_word' id='word_1_234' title='bbox 1027 3146 1047 3177; x_wconf 90' lang='lat' dir='ltr'>c.</span> <span class='ocrx_word' id='word_1_235' title='bbox 1061 3131 1099 3177; x_wconf 90' lang='grc'>21.</span> 
     </span>
     <span class='ocr_line' id='line_1_31' title="bbox 215 3192 1328 3257; baseline 0.003 -16"><span class='ocrx_word' id='word_1_236' title='bbox 215 3209 274 3241; x_wconf 87' lang='lat' dir='ltr'>usus</span> <span class='ocrx_word' id='word_1_237' title='bbox 286 3201 323 3241; x_wconf 84' lang='lat' dir='ltr'>est</span> <span class='ocrx_word' id='word_1_238' title='bbox 335 3192 465 3257; x_wconf 89' lang='lat' dir='ltr'>Epicurus,</span> <span class='ocrx_word' id='word_1_239' title='bbox 478 3201 540 3241; x_wconf 83' lang='lat' dir='ltr'>terte</span> <span class='ocrx_word' id='word_1_240' title='bbox 553 3193 686 3251; x_wconf 88' lang='lat' dir='ltr'>Macrobio‚</span> <span class='ocrx_word' id='word_1_241' title='bbox 700 3193 749 3240; x_wconf 85' lang='lat' dir='ltr'>Sat.</span> <span class='ocrx_word' id='word_1_242' title='bbox 817 3195 871 3242; x_wconf 82' lang='lat'><strong>230.</strong></span> <span class='ocrx_word' id='word_1_243' title='bbox 887 3197 977 3242; x_wconf 80' lang='lat' dir='ltr'>Sentire</span> <span class='ocrx_word' id='word_1_244' title='bbox 990 3193 1108 3256; x_wconf 73' lang='lat' dir='ltr'>Sororem]</span> <span class='ocrx_word' id='word_1_245' title='bbox 1125 3195 1202 3243; x_wconf 89' lang='lat' dir='ltr'>Recte</span> <span class='ocrx_word' id='word_1_246' title='bbox 1216 3193 1328 3256; x_wconf 88' lang='lat' dir='ltr'>quidem,</span> 
     </span>
     <span class='ocr_line' id='line_1_32' title="bbox 215 3258 1329 3323; baseline 0.003 -17"><span class='ocrx_word' id='word_1_247' title='bbox 215 3258 256 3306; x_wconf 90' lang='lat' dir='ltr'>lib.</span> <span class='ocrx_word' id='word_1_248' title='bbox 270 3259 331 3306; x_wconf 90' lang='lat' dir='ltr'>Vll.</span> <span class='ocrx_word' id='word_1_249' title='bbox 349 3276 370 3306; x_wconf 91' lang='lat' dir='ltr'>c.</span> <span class='ocrx_word' id='word_1_250' title='bbox 390 3260 427 3306; x_wconf 81' lang='lat'>14.</span> <span class='ocrx_word' id='word_1_251' title='bbox 461 3260 626 3320; x_wconf 81' lang='lat' dir='ltr'>Inpropotalo</span> <span class='ocrx_word' id='word_1_252' title='bbox 642 3261 752 3320; x_wconf 77' lang='lat' dir='ltr'>estquod</span> <span class='ocrx_word' id='word_1_253' title='bbox 784 3269 810 3307; x_wconf 88' lang='lat' dir='ltr'>et</span> <span class='ocrx_word' id='word_1_254' title='bbox 820 3258 846 3306; x_wconf 91' lang='lat' dir='ltr'>id</span> <span class='ocrx_word' id='word_1_255' title='bbox 861 3258 942 3323; x_wconf 90' lang='lat' dir='ltr'>ipsum</span> <span class='ocrx_word' id='word_1_256' title='bbox 954 3259 1054 3322; x_wconf 81' lang='lat' dir='ltr'>agnovit</span> <span class='ocrx_word' id='word_1_257' title='bbox 1071 3259 1212 3317; x_wconf 89' lang='lat' dir='ltr'>Lambinus,</span> <span class='ocrx_word' id='word_1_258' title='bbox 1224 3259 1265 3322; x_wconf 89' lang='lat' dir='ltr'>qui</span> <span class='ocrx_word' id='word_1_259' title='bbox 1279 3260 1329 3309; x_wconf 82' lang='lat' dir='ltr'>ali-</span> 
     </span>
     <span class='ocr_line' id='line_1_33' title="bbox 213 3323 1328 3386; baseline 0.003 -16"><span class='ocrx_word' id='word_1_260' title='bbox 213 3327 305 3385; x_wconf 82' lang='lat' dir='ltr'>derepit</span> <span class='ocrx_word' id='word_1_261' title='bbox 323 3327 465 3385; x_wconf 70' lang='lat' dir='ltr'>Epicurum,¹</span> <span class='ocrx_word' id='word_1_262' title='bbox 489 3340 504 3371; x_wconf 87' lang='lat' dir='ltr'>o</span> <span class='ocrx_word' id='word_1_263' title='bbox 522 3341 574 3372; x_wconf 80' lang='lat' dir='ltr'>cero</span> <span class='ocrx_word' id='word_1_264' title='bbox 594 3326 654 3371; x_wconf 77' lang='lat' dir='ltr'>enim</span> <span class='ocrx_word' id='word_1_265' title='bbox 674 3326 751 3385; x_wconf 77' lang='lat' dir='ltr'>lapsus</span> <span class='ocrx_word' id='word_1_266' title='bbox 784 3323 881 3386; x_wconf 90' lang='lat' dir='ltr'>quando</span> <span class='ocrx_word' id='word_1_267' title='bbox 900 3323 968 3386; x_wconf 82' lang='lat' dir='ltr'>legit,</span> <span class='ocrx_word' id='word_1_268' title='bbox 986 3327 1095 3372; x_wconf 72' lang='lat' dir='ltr'>exaudire</span> <span class='ocrx_word' id='word_1_269' title='bbox 1114 3341 1229 3373; x_wconf 76' lang='lat' dir='ltr'>sonorem:</span> <span class='ocrx_word' id='word_1_270' title='bbox 1253 3325 1328 3374; x_wconf 74' lang='lat' dir='ltr'>Gita-</span> 
     </span>
     <span class='ocr_line' id='line_1_34' title="bbox 214 3390 1137 3451; baseline 0.003 -17"><span class='ocrx_word' id='word_1_271' title='bbox 214 3394 257 3444; x_wconf 77' lang='lat' dir='ltr'>est,</span> <span class='ocrx_word' id='word_1_272' title='bbox 269 3391 366 3436; x_wconf 79' lang='lat' dir='ltr'>oliorum</span> <span class='ocrx_word' id='word_1_273' title='bbox 377 3398 475 3451; x_wconf 83' lang='lat' dir='ltr'>quatuor</span> <span class='ocrx_word' id='word_1_274' title='bbox 485 3406 589 3438; x_wconf 83' lang='lat' dir='ltr'>rensuum</span> <span class='ocrx_word' id='word_1_275' title='bbox 606 3396 696 3437; x_wconf 80' lang='lat' dir='ltr'>secutas</span> <span class='ocrx_word' id='word_1_276' title='bbox 712 3405 751 3436; x_wconf 76' lang='lat' dir='ltr'>er·</span> <span class='ocrx_word' id='word_1_277' title='bbox 785 3390 841 3437; x_wconf 86' lang='lat' dir='ltr'>nius</span> <span class='ocrx_word' id='word_1_278' title='bbox 853 3398 942 3446; x_wconf 89' lang='lat' dir='ltr'>tamen,</span> <span class='ocrx_word' id='word_1_279' title='bbox 955 3393 1040 3437; x_wconf 81' lang='lat' dir='ltr'>sentire</span> <span class='ocrx_word' id='word_1_280' title='bbox 1050 3406 1137 3437; x_wconf 78' lang='lat' dir='ltr'>conare.</span> 
     </span>
     <span class='ocr_line' id='line_1_35' title="bbox 212 3453 1329 3517; baseline 0.007 -20"><span class='ocrx_word' id='word_1_281' title='bbox 212 3453 326 3512; x_wconf 83' lang='lat' dir='ltr'>emplum:</span> <span class='ocrx_word' id='word_1_282' title='bbox 344 3458 399 3515; x_wconf 82' lang='lat' dir='ltr'>quia</span> <span class='ocrx_word' id='word_1_283' title='bbox 416 3457 440 3501; x_wconf 78' lang='lat' dir='ltr'>ta</span> <span class='ocrx_word' id='word_1_284' title='bbox 457 3457 577 3513; x_wconf 80' lang='lat' dir='ltr'>audiendo,</span> <span class='ocrx_word' id='word_1_285' title='bbox 591 3456 713 3517; x_wconf 81' lang='lat' dir='ltr'>gustando,</span> <span class='ocrx_word' id='word_1_286' title='bbox 730 3462 754 3502; x_wconf 89' lang='lat' dir='ltr'>et</span> <span class='ocrx_word' id='word_1_287' title='bbox 819 3456 873 3502; x_wconf 83' lang='lat'>231.</span> <span class='ocrx_word' id='word_1_288' title='bbox 887 3453 1197 3516; x_wconf 62' lang='lat' dir='ltr'>metereaquontaaeta]</span> <span class='ocrx_word' id='word_1_289' title='bbox 1208 3453 1295 3514; x_wconf 80' lang='lat' dir='ltr'>Aliud,</span> <span class='ocrx_word' id='word_1_290' title='bbox 1303 3472 1329 3506; x_wconf 80' lang='lat' dir='ltr'>v.</span> 
     </span>
     <span class='ocr_line' id='line_1_36' title="bbox 213 3517 1331 3584; baseline 0.006 -22"><span class='ocrx_word' id='word_1_291' title='bbox 213 3517 335 3572; x_wconf 66' lang='lat' dir='ltr'>odoramo,</span> <span class='ocrx_word' id='word_1_292' title='bbox 354 3526 421 3579; x_wconf 79' lang='lat' dir='ltr'>atque</span> <span class='ocrx_word' id='word_1_293' title='bbox 440 3522 560 3581; x_wconf 81' lang='lat' dir='ltr'>tangendo,</span> <span class='ocrx_word' id='word_1_294' title='bbox 579 3522 638 3566; x_wconf 79' lang='lat' dir='ltr'>nihil</span> <span class='ocrx_word' id='word_1_295' title='bbox 658 3535 670 3566; x_wconf 86' lang='lat' dir='ltr'>e</span> <span class='ocrx_word' id='word_1_296' title='bbox 689 3522 753 3566; x_wconf 67' lang='lat' dir='ltr'>notu</span> <span class='ocrx_word' id='word_1_297' title='bbox 787 3520 808 3567; x_wconf 88' lang='lat'>9.</span> <span class='ocrx_word' id='word_1_298' title='bbox 837 3518 977 3567; x_wconf 85' lang='lat' dir='ltr'>continetur</span> <span class='ocrx_word' id='word_1_299' title='bbox 1005 3527 1182 3582; x_wconf 83' lang='lat' dir='ltr'>argumentum.</span> <span class='ocrx_word' id='word_1_300' title='bbox 1228 3519 1331 3584; x_wconf 83' lang='lat' dir='ltr'>Corpus</span> 
     </span>
     <span class='ocr_line' id='line_1_37' title="bbox 213 3583 1329 3647; baseline 0.007 -21"><span class='ocrx_word' id='word_1_301' title='bbox 213 3583 345 3637; x_wconf 83' lang='lat' dir='ltr'>emittimus,</span> <span class='ocrx_word' id='word_1_302' title='bbox 356 3585 546 3631; x_wconf 78' lang='lat' dir='ltr'>sedertrinreeas</span> <span class='ocrx_word' id='word_1_303' title='bbox 558 3587 682 3644; x_wconf 80' lang='lat' dir='ltr'>accipimus</span> <span class='ocrx_word' id='word_1_304' title='bbox 693 3586 754 3644; x_wconf 83' lang='lat' dir='ltr'>qaod</span> <span class='ocrx_word' id='word_1_305' title='bbox 784 3583 890 3645; x_wconf 84' lang='lat' dir='ltr'>aliquod,</span> <span class='ocrx_word' id='word_1_306' title='bbox 908 3585 1052 3645; x_wconf 83' lang='lat' dir='ltr'>quadratum</span> <span class='ocrx_word' id='word_1_307' title='bbox 1070 3600 1091 3631; x_wconf 92' lang='lat' dir='ltr'>v.</span> <span class='ocrx_word' id='word_1_308' title='bbox 1109 3600 1132 3647; x_wconf 86' lang='lat' dir='ltr'>g.</span> <span class='ocrx_word' id='word_1_309' title='bbox 1151 3599 1224 3631; x_wconf 87' lang='lat' dir='ltr'>manu</span> <span class='ocrx_word' id='word_1_310' title='bbox 1242 3583 1269 3631; x_wconf 91' lang='lat' dir='ltr'>in</span> <span class='ocrx_word' id='word_1_311' title='bbox 1289 3594 1329 3634; x_wconf 85' lang='lat' dir='ltr'>te-</span> 
     </span>
     <span class='ocr_line' id='line_1_38' title="bbox 213 3647 1331 3712; baseline 0.007 -22"><span class='ocrx_word' id='word_1_312' title='bbox 213 3659 303 3691; x_wconf 73' lang='lat' dir='ltr'>rentum</span> <span class='ocrx_word' id='word_1_313' title='bbox 320 3654 414 3702; x_wconf 82' lang='lat' dir='ltr'>moveat,</span> <span class='ocrx_word' id='word_1_314' title='bbox 433 3650 515 3708; x_wconf 79' lang='lat' dir='ltr'>quippe</span> <span class='ocrx_word' id='word_1_315' title='bbox 535 3655 559 3695; x_wconf 82' lang='lat' dir='ltr'>et</span> <span class='ocrx_word' id='word_1_316' title='bbox 575 3665 616 3695; x_wconf 77' lang='lat' dir='ltr'>vor</span> <span class='ocrx_word' id='word_1_317' title='bbox 635 3650 667 3695; x_wconf 84' lang='lat' dir='ltr'>ad</span> <span class='ocrx_word' id='word_1_318' title='bbox 684 3663 752 3694; x_wconf 79' lang='lat' dir='ltr'>aures</span> <span class='ocrx_word' id='word_1_319' title='bbox 785 3647 867 3695; x_wconf 84' lang='lat' dir='ltr'>nebris</span> <span class='ocrx_word' id='word_1_320' title='bbox 874 3657 1013 3706; x_wconf 85' lang='lat' dir='ltr'>tractemus,</span> <span class='ocrx_word' id='word_1_321' title='bbox 1020 3647 1331 3712; x_wconf 86' lang='lat' dir='ltr'>illudcorpuqnadratum</span> 
     </span>
     <span class='ocr_line' id='line_1_39' title="bbox 214 3709 1328 3775; baseline 0.007 -21"><span class='ocrx_word' id='word_1_322' title='bbox 214 3709 276 3755; x_wconf 83' lang='lat' dir='ltr'>ultro</span> <span class='ocrx_word' id='word_1_323' title='bbox 286 3711 356 3765; x_wconf 81' lang='lat' dir='ltr'>venit,</span> <span class='ocrx_word' id='word_1_324' title='bbox 368 3717 391 3755; x_wconf 88' lang='lat' dir='ltr'>et</span> <span class='ocrx_word' id='word_1_325' title='bbox 407 3727 471 3758; x_wconf 83' lang='lat' dir='ltr'>aarae</span> <span class='ocrx_word' id='word_1_326' title='bbox 488 3715 512 3758; x_wconf 83' lang='lat' dir='ltr'>ia</span> <span class='ocrx_word' id='word_1_327' title='bbox 528 3728 596 3760; x_wconf 77' lang='lat' dir='ltr'>nares</span> <span class='ocrx_word' id='word_1_328' title='bbox 612 3713 717 3770; x_wconf 72' lang='lat' dir='ltr'>influant,</span> <span class='ocrx_word' id='word_1_329' title='bbox 729 3719 753 3758; x_wconf 89' lang='lat' dir='ltr'>et</span> <span class='ocrx_word' id='word_1_330' title='bbox 785 3727 838 3760; x_wconf 85' lang='lat' dir='ltr'>esse</span> <span class='ocrx_word' id='word_1_331' title='bbox 850 3712 1025 3775; x_wconf 78' lang='lat' dir='ltr'>cognoscimus,</span> <span class='ocrx_word' id='word_1_332' title='bbox 1039 3713 1103 3761; x_wconf 87' lang='lat' dir='ltr'>unde</span> <span class='ocrx_word' id='word_1_333' title='bbox 1115 3729 1173 3761; x_wconf 87' lang='lat' dir='ltr'>vero</span> <span class='ocrx_word' id='word_1_334' title='bbox 1190 3712 1283 3761; x_wconf 85' lang='lat' dir='ltr'>nisiex</span> <span class='ocrx_word' id='word_1_335' title='bbox 1296 3715 1328 3764; x_wconf 79' lang='lat' dir='ltr'>fl-</span> 
     </span>
     <span class='ocr_line' id='line_1_40' title="bbox 211 3774 1331 3842; baseline 0.01 -24"><span class='ocrx_word' id='word_1_336' title='bbox 211 3774 293 3834; x_wconf 79' lang='lat' dir='ltr'>poloto</span> <span class='ocrx_word' id='word_1_337' title='bbox 307 3775 422 3833; x_wconf 77' lang='lat' dir='ltr'>ingeritur</span> <span class='ocrx_word' id='word_1_338' title='bbox 433 3777 493 3835; x_wconf 82' lang='lat' dir='ltr'>qaod</span> <span class='ocrx_word' id='word_1_339' title='bbox 505 3779 592 3838; x_wconf 77' lang='lat' dir='ltr'>gigaat</span> <span class='ocrx_word' id='word_1_340' title='bbox 607 3791 717 3835; x_wconf 78' lang='lat' dir='ltr'>saporem,</span> <span class='ocrx_word' id='word_1_341' title='bbox 728 3784 752 3823; x_wconf 85' lang='lat' dir='ltr'>et</span> <span class='ocrx_word' id='word_1_342' title='bbox 784 3776 1042 3839; x_wconf 79' lang='lat' dir='ltr'>gnraejurquadratal</span> <span class='ocrx_word' id='word_1_343' title='bbox 1062 3777 1132 3826; x_wconf 90' lang='lat' dir='ltr'>Idem</span> <span class='ocrx_word' id='word_1_344' title='bbox 1139 3793 1227 3842; x_wconf 85' lang='lat' dir='ltr'>corpus</span> <span class='ocrx_word' id='word_1_345' title='bbox 1234 3778 1261 3826; x_wconf 90' lang='lat' dir='ltr'>in</span> <span class='ocrx_word' id='word_1_346' title='bbox 1270 3777 1331 3830; x_wconf 83' lang='lat' dir='ltr'>luce</span> 
     </span>
     <span class='ocr_line' id='line_1_41' title="bbox 212 3839 1331 3906; baseline 0.009 -21"><span class='ocrx_word' id='word_1_347' title='bbox 212 3839 304 3898; x_wconf 80' lang='lat' dir='ltr'>corpori</span> <span class='ocrx_word' id='word_1_348' title='bbox 311 3840 540 3898; x_wconf 73' lang='lat' dir='ltr'>nostroapplicantar</span> <span class='ocrx_word' id='word_1_349' title='bbox 547 3846 611 3886; x_wconf 84' lang='lat' dir='ltr'>taeta</span> <span class='ocrx_word' id='word_1_350' title='bbox 619 3842 752 3894; x_wconf 70' lang='lat' dir='ltr'>carmadas</span> <span class='ocrx_word' id='word_1_351' title='bbox 785 3840 875 3888; x_wconf 87' lang='lat' dir='ltr'>nostris</span> <span class='ocrx_word' id='word_1_352' title='bbox 890 3840 968 3888; x_wconf 90' lang='lat' dir='ltr'>oculis</span> <span class='ocrx_word' id='word_1_353' title='bbox 986 3857 1137 3905; x_wconf 87' lang='lat' dir='ltr'>usurpemus,</span> <span class='ocrx_word' id='word_1_354' title='bbox 1155 3842 1331 3906; x_wconf 78' lang='lat' dir='ltr'>cognoscimus</span> 
     </span>
     <span class='ocr_line' id='line_1_42' title="bbox 212 3902 1331 3971; baseline 0.008 -22"><span class='ocrx_word' id='word_1_355' title='bbox 212 3905 268 3949; x_wconf 74' lang='lat' dir='ltr'>tine</span> <span class='ocrx_word' id='word_1_356' title='bbox 275 3903 369 3962; x_wconf 78' lang='lat' dir='ltr'>putavit</span> <span class='ocrx_word' id='word_1_357' title='bbox 379 3908 403 3948; x_wconf 89' lang='lat' dir='ltr'>et</span> <span class='ocrx_word' id='word_1_358' title='bbox 415 3919 442 3948; x_wconf 79' lang='lat' dir='ltr'>er</span> <span class='ocrx_word' id='word_1_359' title='bbox 455 3905 526 3950; x_wconf 76' lang='lat' dir='ltr'>oculis</span> <span class='ocrx_word' id='word_1_360' title='bbox 542 3907 626 3950; x_wconf 79' lang='lat' dir='ltr'>nostris</span> <span class='ocrx_word' id='word_1_361' title='bbox 642 3906 702 3951; x_wconf 75' lang='lat' dir='ltr'>nihil</span> <span class='ocrx_word' id='word_1_362' title='bbox 710 3902 751 3965; x_wconf 86' lang='lat' dir='ltr'>so·</span> <span class='ocrx_word' id='word_1_363' title='bbox 785 3904 937 3967; x_wconf 87' lang='lat' dir='ltr'>quadratum,</span> <span class='ocrx_word' id='word_1_364' title='bbox 953 3907 1018 3955; x_wconf 91' lang='lat' dir='ltr'>unde</span> <span class='ocrx_word' id='word_1_365' title='bbox 1034 3922 1093 3954; x_wconf 87' lang='lat' dir='ltr'>vero</span> <span class='ocrx_word' id='word_1_366' title='bbox 1110 3907 1201 3956; x_wconf 82' lang='lat' dir='ltr'>nisiex</span> <span class='ocrx_word' id='word_1_367' title='bbox 1217 3907 1331 3971; x_wconf 79' lang='lat' dir='ltr'>imagine</span> 
     </span>
     <span class='ocr_line' id='line_1_43' title="bbox 214 3967 918 4032; baseline 0.006 -19"><span class='ocrx_word' id='word_1_368' title='bbox 214 3983 254 4014; x_wconf 81' lang='lat' dir='ltr'>ras</span> <span class='ocrx_word' id='word_1_369' title='bbox 262 3967 384 4027; x_wconf 78' lang='lat' dir='ltr'>prqtieisct&#39;,</span> <span class='ocrx_word' id='word_1_370' title='bbox 396 3969 437 4014; x_wconf 82' lang='lat' dir='ltr'>sed</span> <span class='ocrx_word' id='word_1_371' title='bbox 447 3968 557 4029; x_wconf 76' lang='lat' dir='ltr'>imagines</span> <span class='ocrx_word' id='word_1_372' title='bbox 568 3983 643 4014; x_wconf 83' lang='lat' dir='ltr'>rerum</span> <span class='ocrx_word' id='word_1_373' title='bbox 658 3971 682 4015; x_wconf 84' lang='lat' dir='ltr'>in</span> <span class='ocrx_word' id='word_1_374' title='bbox 699 3985 752 4017; x_wconf 83' lang='lat' dir='ltr'>ocu-</span> <span class='ocrx_word' id='word_1_375' title='bbox 785 3969 918 4032; x_wconf 71' lang='lat' dir='ltr'>quadrata?</span> 
     </span>
     <span class='ocr_line' id='line_1_44' title="bbox 215 4034 1329 4100; baseline 0.006 -21"><span class='ocrx_word' id='word_1_376' title='bbox 215 4034 412 4079; x_wconf 60' lang='lat' dir='ltr'>malnomeare.</span> <span class='ocrx_word' id='word_1_377' title='bbox 818 4034 872 4081; x_wconf 84' lang='lat'><strong>2³6.</strong></span> <span class='ocrx_word' id='word_1_378' title='bbox 885 4036 915 4082; x_wconf 84' lang='lat' dir='ltr'>In</span> <span class='ocrx_word' id='word_1_379' title='bbox 931 4034 989 4097; x_wconf 85' lang='lat' dir='ltr'>luci]</span> <span class='ocrx_word' id='word_1_380' title='bbox 1003 4035 1077 4082; x_wconf 89' lang='lat' dir='ltr'>Luce.</span> <span class='ocrx_word' id='word_1_381' title='bbox 1107 4040 1329 4100; x_wconf 75' lang='lat' dir='ltr'>Aecidereadrpe-</span> 
     </span>
    </p>

    <p class='ocr_par' dir='ltr' id='par_1_11' title="bbox 214 4093 1329 4351">
     <span class='ocr_line' id='line_1_45' title="bbox 248 4093 1329 4164; baseline 0.008 -21"><span class='ocrx_word' id='word_1_382' title='bbox 248 4097 304 4143; x_wconf 82' lang='lat'>219.</span> <span class='ocrx_word' id='word_1_383' title='bbox 334 4093 432 4157; x_wconf 77' lang='lat' dir='ltr'>odores]</span> <span class='ocrx_word' id='word_1_384' title='bbox 456 4094 529 4157; x_wconf 86' lang='lat' dir='ltr'>Vulg.</span> <span class='ocrx_word' id='word_1_385' title='bbox 557 4097 644 4152; x_wconf 81' lang='lat' dir='ltr'>obortu,</span> <span class='ocrx_word' id='word_1_386' title='bbox 673 4096 750 4160; x_wconf 90' lang='lat' dir='ltr'>impe·</span> <span class='ocrx_word' id='word_1_387' title='bbox 784 4102 847 4156; x_wconf 62' lang='lat' dir='ltr'>cient</span> <span class='ocrx_word' id='word_1_388' title='bbox 870 4098 1018 4163; x_wconf 87' lang='lat' dir='ltr'>interpretor</span> <span class='ocrx_word' id='word_1_389' title='bbox 1040 4103 1072 4147; x_wconf 84' lang='lat' dir='ltr'>ad</span> <span class='ocrx_word' id='word_1_390' title='bbox 1093 4105 1167 4150; x_wconf 76' lang='lat' dir='ltr'>mutor</span> <span class='ocrx_word' id='word_1_391' title='bbox 1189 4107 1329 4164; x_wconf 67' lang='lat' dir='ltr'>pervenire:</span> 
     </span>
     <span class='ocr_line' id='line_1_46' title="bbox 215 4157 1329 4228; baseline 0.008 -19"><span class='ocrx_word' id='word_1_392' title='bbox 215 4159 270 4209; x_wconf 87' lang='lat' dir='ltr'>rite.</span> <span class='ocrx_word' id='word_1_393' title='bbox 301 4162 387 4208; x_wconf 72' lang='lat' dir='ltr'>oborta</span> <span class='ocrx_word' id='word_1_394' title='bbox 408 4174 465 4207; x_wconf 90' lang='lat' dir='ltr'>vero</span> <span class='ocrx_word' id='word_1_395' title='bbox 488 4159 513 4206; x_wconf 94' lang='lat' dir='ltr'>in</span> <span class='ocrx_word' id='word_1_396' title='bbox 536 4157 624 4207; x_wconf 84' lang='lat' dir='ltr'>ultima</span> <span class='ocrx_word' id='word_1_397' title='bbox 646 4161 753 4210; x_wconf 91' lang='lat' dir='ltr'>editione</span> <span class='ocrx_word' id='word_1_398' title='bbox 787 4172 812 4211; x_wconf 92' lang='lat' dir='ltr'>et</span> <span class='ocrx_word' id='word_1_399' title='bbox 829 4172 895 4212; x_wconf 85' lang='lat' dir='ltr'>recte</span> <span class='ocrx_word' id='word_1_400' title='bbox 914 4164 1021 4225; x_wconf 89' lang='lat' dir='ltr'>quidem,</span> <span class='ocrx_word' id='word_1_401' title='bbox 1042 4180 1098 4214; x_wconf 91' lang='lat' dir='ltr'>cum</span> <span class='ocrx_word' id='word_1_402' title='bbox 1115 4170 1209 4228; x_wconf 68' lang='lat' dir='ltr'>merim,</span> <span class='ocrx_word' id='word_1_403' title='bbox 1227 4182 1249 4216; x_wconf 84' lang='lat' dir='ltr'>v.</span> <span class='ocrx_word' id='word_1_404' title='bbox 1268 4169 1329 4218; x_wconf 63' lang='lat'>24&amp;</span> 
     </span>
     <span class='ocr_line' id='line_1_47' title="bbox 215 4223 1009 4289; baseline 0.004 -16"><span class='ocrx_word' id='word_1_405' title='bbox 215 4225 296 4287; x_wconf 75' lang='lat' dir='ltr'>reJicit</span> <span class='ocrx_word' id='word_1_406' title='bbox 307 4223 447 4280; x_wconf 86' lang='lat' dir='ltr'>Lambinus,</span> <span class='ocrx_word' id='word_1_407' title='bbox 460 4233 485 4272; x_wconf 92' lang='lat' dir='ltr'>et</span> <span class='ocrx_word' id='word_1_408' title='bbox 495 4223 613 4271; x_wconf 81' lang='lat' dir='ltr'>ridiculus</span> <span class='ocrx_word' id='word_1_409' title='bbox 625 4234 662 4272; x_wconf 86' lang='lat' dir='ltr'>est</span> <span class='ocrx_word' id='word_1_410' title='bbox 675 4225 754 4289; x_wconf 83' lang='lat' dir='ltr'>Fayus</span> <span class='ocrx_word' id='word_1_411' title='bbox 787 4228 869 4276; x_wconf 85' lang='lat' dir='ltr'>oculos</span> <span class='ocrx_word' id='word_1_412' title='bbox 880 4227 1009 4289; x_wconf 74' lang='lat' dir='ltr'>significet</span> 
     </span>
     <span class='ocr_line' id='line_1_48' title="bbox 214 4287 752 4351; baseline 0.006 -15"><span class='ocrx_word' id='word_1_413' title='bbox 214 4287 752 4351; x_wconf 78' lang='lat' dir='ltr'>dumcalumniasPareiimpudenterrecitat.</span> 
     </span>
    </p>
   </div>
   <div class='ocr_carea' id='block_1_4' title="bbox 0 0 1440 4852">
    <p class='ocr_par' dir='ltr' id='par_1_12' title="bbox 0 0 1440 4852">
     <span class='ocr_line' id='line_1_49' title="bbox 0 0 1440 4852; baseline 0 0"><span class='ocrx_word' id='word_1_414' title='bbox 0 0 1440 4852; x_wconf 95' lang='lat' dir='ltr'> </span> 
     </span>
    </p>
   </div>
  </div>
 </body>
</html>
