2872 4852
461 247 632 313 LIBER
661 248 878 313 PRIMUS.
1063 325 1067 337 Ι
1186 250 1225 319 19

201 401 291 475 Quid
308 425 438 487 quoque
453 406 602 469 amittant
616 406 650 468 in
664 415 821 490 tempore,
838 426 969 470 cernere
984 405 1103 488 possis.

200 503 401 589 Corporibus
417 508 511 571 caecis
526 508 626 591 igitur
636 508 772 572 Natura
786 509 870 593 gerit
885 531 949 573 res.

134 617 182 663 330
243 607 317 671 Nec
334 621 438 671 tamen
456 609 599 693 undique
616 609 784 694 Corporea
801 612 921 695 stipata
935 620 1096 695 tenentur

199 709 317 772 Omnia
333 720 460 786 natura,
476 733 614 794 namque
630 713 729 775 estin
743 714 842 785 rebus
858 711 991 775 Inuus:

199 808 298 888 Quod
315 812 374 875 tibi
388 812 548 895 cognbsse
563 813 596 875 in
611 812 720 876 multis
735 814 797 877 erit
812 812 890 877 utile
905 815 1023 891 rebus;

198 912 272 977 Nec
288 914 372 977 sinet
386 925 547 978 errantem
563 915 725 991 dubitare,
741 928 775 979 et
789 938 941 999 quaerere
953 938 1082 1000 semper

198 1013 253 1078 De
269 1015 400 1080 Summa
414 1039 534 1094 rerum,
551 1026 584 1080 et
597 1018 716 1080 nostris
733 1018 881 1083 diffidere
897 1019 1008 1083 dictis:

132 1129 180 1174 ³35
199 1116 411 1202 Quapropter
424 1117 515 1182 locus
531 1129 582 1181 est
596 1119 748 1196 intactus,
764 1119 889 1197 lusus,
906 1141 1098 1203 vacansque.

243 1218 345 1292 Quod
361 1222 389 1284 si
404 1243 468 1284 nou
484 1231 582 1296 esset,
599 1219 686 1284 nulla
701 1223 828 1286 ratione
842 1224 962 1286 moveri

197 1320 268 1384 Res
284 1332 435 1405 possent3
459 1344 609 1406 namque,
627 1321 777 1399 officium,
794 1325 883 1406 quod
899 1325 1055 1408 Corporis
1070 1334 1172 1401 extat,

112 1475 242 1533 impendent
253 1476 319 1521 mari.
349 1472 383 1522 Et
394 1475 456 1522 hanc
467 1473 597 1523 lectionem
609 1490 651 1537 ag·
685 1484 761 1524 maaet
776 1479 894 1534 intactum,
913 1493 983 1537 neque
1002 1479 1032 1523 ab
1050 1479 1098 1524 ictu
1111 1475 1223 1538 fingitur

109 1536 190 1584 noscit
201 1537 289 1586 Festus
303 1539 329 1586 in
342 1554 400 1587 voce
421 1542 510 1587 Vescus.
546 1539 586 1587 Sic
603 1540 650 1587 Te·
685 1542 762 1588 hilam.

112 1601 208 1650 rentius
219 1602 245 1649 iu
258 1603 413 1661 Phormione,
430 1606 505 1652 Tanta
522 1613 546 1652 te
563 1608 649 1666 impen—
717 1607 772 1652 332.
792 1603 914 1668 cognosse]
924 1607 1049 1663 Commune,
1061 1606 1089 1652 B.
1100 1614 1156 1653 etv.
1166 1607 1221 1652 335.

108 1669 164 1714 dent
175 1669 243 1715 mala.
273 1668 389 1725 Lucilius,
409 1671 478 1716 Noae
494 1670 526 1716 od
544 1676 565 1716 te
585 1673 652 1717 redeo
684 1671 713 1716 In
726 1673 816 1732 prode,
830 1670 858 1717 Β.

109 1738 135 1777 at
152 1748 189 1779 res
204 1749 255 1793 quae
273 1748 312 1780 me
330 1735 446 1794 impendat
463 1741 564 1796 agatur:
591 1734 649 1781 licet
715 1735 769 1781 336.
790 1737 885 1787 Quodsi
896 1752 940 1783 aon
955 1743 1020 1792 esset,
1035 1732 1091 1796 etc]
1112 1733 1222 1782 Primum

108 1795 176 1844 aliud
191 1796 257 1844 dicat
272 1797 360 1845 Festus
374 1797 400 1845 in
415 1813 474 1845 voce
494 1800 539 1845 Me.
576 1797 648 1846 Simi-
682 1814 730 1861 quo
740 1801 857 1863 probatur
868 1802 941 1848 Inane
953 1808 1124 1862 argumentum
1141 1815 1163 1846 v.
1183 1800 1221 1846 11.

108 1858 165 1908 liter
192 1864 280 1909 instare
308 1864 373 1908 illam
396 1862 499 1910 Veteres
527 1861 648 1920 dicebant,
682 1863 1224 1927 continetur:quostiamEpicurusEpistad

108 1933 136 1972 ut
149 1925 250 1974 Plautus
261 1925 288 1973 in
301 1926 411 1984 Poenulo,
427 1929 524 1975 Tantam
536 1943 591 1975 eum
609 1927 647 1975 iu·
683 1927 839 1976 Herodotum
847 1929 937 1976 utitur:
956 1927 984 1976 Ei
994 1928 1027 1988 μὴ
1037 1926 1088 1984 riri
1098 1927 1173 1984 κενὸν,
1183 1927 1223 1975 sal

68 2018 69 2021 =
108 1993 243 2038 steteritii.
681 1989 1223 2055 χώραν,καὶᾶναφῆφύσινόνομάζομεν,οὒκ3ν

142 2054 205 2103 Ibid.
227 2058 296 2103 Vesco
306 2054 367 2117 sale]
386 2058 425 2114 Ve,
442 2055 568 2119 particula,
586 2056 650 2105 sicut
683 2055 736 2118 εἶχε
746 2056 779 2104 τὰ
790 2057 889 2120 σώματα
900 2057 959 2117 ὅπου
969 2055 1006 2114 ἣν,
1019 2055 1073 2106 οὐδὲ
1085 2057 1113 2104 δι’
1128 2053 1156 2104 oi
1174 2057 1221 2103 ἐκι-

108 2120 218 2181 quaedam
226 2120 280 2176 alia,
289 2129 341 2168 tum
348 2120 510 2168 intentionem
519 2121 648 2183 siguificat,
682 2123 752 2178 reiro,
759 2118 864 2184 καθάπερ
868 2119 977 2183 φαίνεται
983 2119 1113 2180 κινούμενα.
1124 2120 1160 2168 Ut
1165 2136 1223 2168 vero

109 2193 161 2232 turn
178 2184 353 2233 minutionem:
373 2184 407 2233 sic
423 2201 519 2242 osseam,
537 2185 602 2246 quod
618 2201 650 2232 ex
682 2185 732 2233 vim
749 2186 822 2247 hujus
838 2186 975 2247 argumenti
989 2185 1077 2232 melius
1091 2185 1221 2248 percipias,

107 2264 133 2296 oe
143 2249 262 2311 particula
275 2258 300 2296 et
313 2266 364 2297 esca
375 2249 515 2312 copulatum
527 2261 571 2306 est,
584 2249 645 2297 utri·
682 2249 779 2307 Lector,
786 2249 866 2311 cogita
873 2249 1015 2297 universum
1022 2249 1177 2306 mundum,si
1185 2249 1223 2296 ni·

111 2328 188 2374 usque
197 2313 300 2361 diversae
311 2313 497 2376 significationis
508 2312 558 2361 vim
570 2313 648 2375 capit:
683 2312 719 2360 hil
726 2316 797 2361 Inane
806 2313 1084 2424 interspersumhabeat‚
1095 2313 1222 2361 confertis-

111 2376 182 2424 aliter
192 2377 257 2425 enim
267 2394 354 2425 vescam
363 2381 433 2425 salem
445 2377 505 2424 dicit
522 2376 651 2425 Lucretius
683 2377 770 2424 simam
782 2393 834 2424 esse
846 2393 886 2424 mo
897 2393 942 2435 em,
961 2378 1022 2424 adeo
1038 2387 1066 2424 ut
1083 2377 1222 2440 Corpuscu-

111 2456 143 2488 sx
166 2441 255 2489 edendi
276 2441 422 2499 intentione,
446 2441 517 2489 aliter
540 2440 650 2489 Lucilius
682 2441 740 2499 lum,
764 2457 796 2488 ne
819 2441 948 2489 minimum
966 2441 1071 2503 quidem,
1093 2442 1172 2489 valeat
1192 2443 1223 2491 de

110 2522 198 2553 vescam
222 2505 329 2570 appellat
350 2522 406 2554 cum
430 2505 517 2553 edendi
543 2504 648 2554 fastidio.
683 2521 746 2553 novo
769 2505 905 2569 suscipere:
932 2506 1022 2570 quippe
1045 2506 1066 2554 si
1089 2505 1151 2553 nihil
1173 2523 1223 2555 uon

110 2573 140 2617 A.
163 2573 257 2628 Gellius,
280 2571 321 2619 lib.
340 2571 412 2619 XVI.
435 2586 488 2634 cap.
513 2573 535 2618 5.
559 2570 650 2619 Lucilii
683 2571 783 2634 plenum
804 2581 848 2628 est,
867 2570 949 2618 nullus
968 2571 1036 2618 locus
1059 2579 1136 2618 restat
1156 2588 1221 2620 com-

110 2635 184 2683 verba
200 2635 284 2683 laudat
301 2635 397 2683 Nonius
417 2632 566 2683 Marcellus:
594 2637 648 2684 Ves-
682 2635 799 2699 plendus;
818 2651 892 2699 quare
905 2645 948 2683 aut
959 2637 1054 2698 Corpus
1066 2651 1116 2682 non
1133 2636 1221 2685 admit·

109 2699 305 2762 comminatum,
317 2704 443 2749 obscuram.
471 2699 588 2758 Lucilius,
607 2699 648 2748 lib.
683 2710 755 2758 tetur,
774 2700 860 2748 autin
878 2699 921 2748 illo
940 2700 994 2748 loco
1012 2699 1176 2756 collocabitur,
1195 2700 1222 2749 in

111 2765 208 2812 XXVI.
245 2769 318 2817 Quam
334 2765 484 2828 fastidiosam
503 2782 530 2812 ac
551 2781 650 2813 vescum
683 2781 730 2826 quo
742 2764 809 2813 aliud
817 2767 868 2827 jam
884 2764 960 2813 situm
976 2775 1028 2818 est;
1055 2765 1138 2827 sicque
1156 2765 1222 2814 idem

110 2833 354 2891 cumsasrr'dr'oor’uere.
384 2829 433 2877 Ubi
443 2829 512 2877 addit
520 2845 551 2877 ex
560 2829 647 2892 Virgil.
680 2829 749 2878 locus
760 2831 808 2878 duo
824 2831 934 2893 Corpora
950 2845 1003 2878 sese
1020 2829 1128 2891 undique
1145 2846 1220 2893 pene-

110 2895 198 2957 Georg.
213 2895 264 2943 Ill.
289 2898 339 2943 Nee
348 2910 431 2942 vescas
442 2897 539 2943 salicam
543 2893 652 2954 j'roodes.
682 2895 772 2942 trantia
783 2894 870 2957 capiet,
883 2894 948 2956 quod
960 2910 1018 2942 sane
1029 2910 1074 2958 per
1087 2894 1150 2942 vires
1168 2896 1220 2943 Na-

110 2958 175 3006 Item
187 2975 219 3006 ex
230 2959 333 3007 Afranio
344 2960 370 3006 in
383 2959 526 3008 Sororibus:
544 2963 578 3007 Ar
589 2977 649 3020 puer·
682 2969 743 3008 turae
761 2959 814 3006 fieri
832 2975 904 3023 posse
922 2975 972 3006 nou
990 2958 1089 3007 dixeris.
1124 2960 1220 3023 Depre-

109 3031 144 3070 est
168 3025 246 3072 vescis
270 3027 395 3072 imbecillas
420 3028 514 3072 uiribus.
553 3024 648 3081 Festus,
681 3024 774 3072 hendes
796 3034 878 3072 autem
900 3024 946 3071 bac
970 3025 1065 3071 ratione
1090 3023 1220 3086 aliquodue

108 3105 192 3146 vescas,
204 3088 358 3137 fastidiosus:
376 3089 415 3136 Vs
432 3092 490 3136 enim
504 3092 647 3151 propositio
680 3090 775 3152 Corpus
795 3088 874 3136 exiis
891 3104 945 3150 quae
962 3088 1028 3136 intra
1045 3088 1108 3136 banc
1129 3088 1219 3137 molem

109 3156 239 3201 alebantur.
267 3152 518 3202 Plin.1.vl1.c.20.
549 3156 646 3215 Corpore
679 3153 797 3218 disposita
809 3163 867 3201 sunt
877 3152 1051 3201 moveriesuo
1062 3153 1116 3200 loco
1132 3154 1218 3216 possit,

108 3233 187 3275 vesco,
216 3220 257 3266 sed
282 3221 374 3266 eximiis
399 3221 486 3266 viribus
518 3220 645 3266 Tritonum.
679 3227 707 3267 ut
721 3218 822 3266 invadat
838 3218 918 3266 locum
940 3218 1056 3265 alterius:
1082 3232 1141 3265 sane
1161 3234 1218 3266 cum

109 3281 181 3329 Ovid.
195 3282 259 3330 Fast.
276 3282 292 3330 l.
312 3283 363 3330 111.
382 3299 404 3331 v.
422 3285 477 3330 445.
506 3282 646 3345 Vegrandia
679 3282 780 3345 plenum
790 3283 870 3329 locum
883 3281 995 3339 offendat,
1008 3297 1108 3328 necesse
1124 3281 1171 3329 erit
1187 3297 1219 3330 ex

101 3345 174 3409 sarra
185 3350 267 3394 coloaae
275 3365 283 3400 ,·
303 3350 360 3399 Quoe
373 3350 431 3394 male
447 3355 573 3403 creverant,
591 3362 644 3397 ‚ves-
678 3346 721 3394 illo
732 3347 808 3410 pellat
818 3347 883 3408 quod
899 3347 995 3408 Corpus
1011 3344 1081 3392 illum
1098 3355 1216 3408 occupat;

108 3426 184 3472 caque
193 3427 267 3471 parea
278 3418 364 3458 vocant.
397 3413 438 3458 Vis
449 3427 476 3458 ea
488 3415 508 3458 sr'
524 3415 587 3458 uerbi
603 3418 645 3468 est,
678 3410 739 3458 illud
750 3426 850 3473 prorsus
859 3425 964 3471 quonam
974 3409 1112 3466 contendat,
1122 3409 1144 3458 si
1155 3411 1216 3458 Om-

108 3491 150 3522 car
165 3491 208 3522 non
225 3491 265 3536 ego
283 3473 383 3536 Vejovis
399 3478 476 3532 cedem,
497 3477 581 3522 AEdem
596 3490 645 3521 non
679 3474 721 3522 nia
729 3474 828 3536 quidem
840 3475 912 3538 plena
924 3475 997 3522 suntt
1016 3475 1057 3522 Au
1069 3473 1150 3537 ipsum
1161 3491 1216 3523 rur·

109 3538 190 3601 magni
203 3541 304 3598 suspicer
315 3555 362 3586 esse
374 3540 456 3587 Joois?
679 3555 721 3586 sus
744 3538 852 3603 expellet
866 3538 960 3586 ¹aliudl
990 3539 1039 3586 Sed
1060 3554 1106 3603 par
1128 3540 1218 3589 redibit

141 3605 196 3651 328.
215 3601 646 3666 Quoque-possis]Quaeqae-posset,
680 3602 816 3661 difficultas,
840 3602 1069 3667 continuabiturque
1086 3603 1112 3653 in
1130 3621 1216 3654 evum.

110 3667 159 3717 Gif.
682 3667 1217 3730 Ideoquenisilnaaesitrsbusintermistum,

140 3736 195 3782 330.
214 3736 264 3782 Nec
278 3741 352 3782 tamea
369 3735 475 3796 undique,
492 3731 549 3796 etc]
568 3733 648 3797 Supra
679 3733 715 3782 ita
726 3743 808 3781 essent
819 3733 909 3781 Omnia
920 3733 1016 3797 stipata,
1034 3742 1062 3781 ut
1080 3749 1128 3782 non
1145 3736 1217 3784 modo

106 3800 252 3864 probaverat
263 3814 380 3861 corporea
387 3799 496 3861 quedam
506 3813 560 3847 esse
572 3797 644 3846 Prin·
680 3798 748 3847 uulla
755 3813 794 3846 res
804 3798 894 3846 Mundi
903 3798 996 3847 moveri
1003 3798 1057 3847 loco
1065 3800 1117 3861 iam
1124 3799 1217 3856 valeat,

106 3863 181 3928 cipia;
194 3867 246 3926 jam
255 3863 328 3911 aliam
336 3879 388 3912 rem
397 3863 545 3927 aggreditur,
556 3873 581 3911 et
590 3880 612 3911 v.
623 3865 646 3912 6.
680 3864 723 3912 sed
752 3879 830 3925 neque
858 3863 976 3927 explicari
997 3863 1076 3927 possit
1097 3865 1218 3926 quomodo

107 3929 178 3978 docet
188 3929 215 3976 in
233 3931 300 3976 Omar'
316 3928 382 3977 aliud
399 3928 471 3992 plane
488 3944 541 3977 esse
557 3938 647 3993 praeter
678 3928 747 3992 gigni
757 3927 888 3990 quidquam
900 3927 1015 3992 potuerit,
1027 3944 1083 3976 cum
1094 3928 1126 3975 ad
1141 3945 1216 3992 gene·

107 3995 210 4057 Corpus,
223 3993 269 4041 viz.
288 3995 375 4041 Inone:
392 3993 459 4042 istud
475 4003 557 4042 autem
573 3996 646 4042 lacae
677 3994 785 4042 rationes
796 4009 878 4041 rerum
889 4001 969 4041 motus
980 3992 1065 4048 localis
1071 3993 1217 4054 requiratur.

107 4058 194 4106 definit
219 4062 291 4106 locam
316 4061 436 4116 intactam,
460 4067 483 4107 et
510 4066 644 4107 vocantem:
679 4060 751 4107 Idem
767 4059 818 4106 fere
836 4069 1007 4121 argumentum
1028 4072 1058 4105 ex
1078 4058 1219 4106 Democrito

106 4123 212 4186 spatium
225 4123 270 4170 viz.
287 4123 352 4184 quod
368 4139 447 4186 neque
465 4124 550 4186 tangit,
568 4139 647 4186 neque
681 4134 706 4173 et
714 4124 834 4187 Lucippo,
842 4138 903 4185 quos
911 4123 1033 4186 Epicurus
1043 4121 1159 4184 sequitur,
1169 4122 1219 4168 col-

108 4187 223 4250 tangitur,
236 4187 300 4248 quod
312 4203 391 4250 ueque
402 4204 481 4251 agere,
499 4204 578 4252 neque
596 4189 648 4252 pati
680 4189 771 4238 lectum
787 4187 904 4253 proponit
920 4186 1021 4236 Aristot.
1040 4187 1085 4234 IV.
1106 4186 1178 4248 Phys.
1197 4188 1220 4234 6.

108 4261 195 4314 potest.
233 4252 272 4300 Sic
293 4252 334 4300 lib.
355 4254 406 4301 lll.
444 4256 572 4317 Plagaram
593 4258 649 4316 qaia
684 4256 821 4303 Gasseodas.
1159 4311 1164 4322 .

106 4324 162 4364 sunt
182 4321 293 4378 expertia,
317 4322 377 4366 sieut
402 4319 479 4367 Inane
502 4327 555 4373 estr
584 4321 650 4370 Quod
715 4317 770 4369 337.
790 4317 909 4380 Corporis]
924 4318 1054 4378 Corporum,
1067 4314 1109 4363 Pa.
1124 4313 1222 4377 alitque,
