2872 4852
421 238 591 303 LIBER
622 238 927 305 SECUNDUS.
1171 241 1231 304 123

117 394 247 444 sensilibus
257 393 387 457 principiis
399 391 475 458 (quod
485 410 562 443 unum
572 394 600 443 in
611 395 658 444 hoc
690 395 750 458 quin
769 411 800 444 ea
819 410 868 444 non
888 396 966 444 solum
985 395 1080 444 ratione
1100 396 1169 454 daut,
1186 396 1230 445 sed

116 459 179 509 libro
193 457 255 522 agit)
273 458 374 507 minime
390 459 481 517 deberi,
494 475 524 507 eo
540 476 588 522 quo
605 460 656 509 Lu·
690 460 765 508 etiam
776 459 905 508 excellenti
922 460 1025 523 quadarn
1042 459 1173 524 divinaque
1189 476 1229 510 ra·

116 524 220 573 cratium
232 523 321 580 decuit,
333 523 445 572 acumine
456 524 594 587 persuadet
690 525 773 573 tione?
798 525 870 579 Quod
881 524 903 573 si
916 527 1020 574 mundos
1037 525 1132 573 efficere
1148 534 1230 589 potest

150 588 222 644 Quod
234 588 346 651 denique,
358 604 373 636 a
384 605 407 637 v.
422 591 491 637 1022.
504 590 535 638 ad
547 606 570 638 v.
585 590 655 639 1103.
690 605 822 638 concursus
834 599 977 648 atomorum,
989 605 1033 639 cur
1044 590 1172 652 porticum,
1184 605 1229 638 cur

117 653 307 702 innumerabiles
340 655 444 702 mundos
477 655 576 712 extruit,
609 655 656 703 hoc
688 655 814 718 templum,
826 671 870 703 cur
886 655 985 703 domum
1001 670 1051 703 non
1085 664 1156 713 otest,
1173 670 1228 717 quae

115 719 192 768 etiam
213 718 271 766 terri
293 726 381 782 potest,
402 719 422 767 si
446 719 552 781 aliquem
573 718 654 767 archi·
688 728 745 768 sunt
763 719 844 768 minus
864 735 972 783 operosa,
986 729 1011 768 et
1031 734 1054 766 m
1083 719 1227 781 tequidem

118 793 209 833 tectum
221 782 378 832 adhibuisset
408 784 457 832 Sed
468 783 522 846 quis
535 783 613 832 credit
625 800 656 832 ex
687 784 813 833 faciliora?
833 785 894 832 Haec
904 785 991 833 Cicero
998 784 1159 848 providentias
1169 799 1224 848 gra-

117 858 253 897 atomorum
274 847 435 896 concursione
463 848 562 897 fortuita
590 849 656 897 hunc
688 849 796 898 tissimus
808 848 905 898 vindex.

117 912 201 962 mundi
212 912 404 976 puicherrimum
413 922 525 961 ornatum
536 929 589 962 esse
595 929 652 978 per·
719 915 826 963 Demum
838 930 883 963 av.
896 915 965 962 1104.
983 913 1014 962 ad
1026 930 1048 962 v.
1060 912 1130 965 1111.
1149 913 1225 962 Mun-

116 978 223 1027 tectumt
243 979 348 1026 Ancum
359 978 539 1026 machinatione
550 979 654 1041 quadam
687 979 731 1026 dos
748 978 939 1028 innumerabiles
958 978 1067 1040 quotidie
1088 988 1224 1036 nascentes,

116 1042 209 1106 aliquid
219 1043 312 1091 moveri
323 1043 441 1102 videmus,
451 1052 479 1091 ut
490 1044 617 1107 sphaeram,
627 1052 655 1091 ut
688 1051 713 1091 et
728 1043 880 1091 intereuntes
896 1043 1068 1107 contemplare,
1086 1051 1111 1090 et
1127 1044 1226 1091 beatum

116 1109 196 1165 boras,
209 1109 295 1156 utalia
310 1108 439 1172 permulta,
452 1124 501 1156 non
517 1107 655 1157 dubitamus
688 1108 724 1156 Te
738 1107 866 1169 judicabis,
878 1107 961 1165 lector,
979 1107 1021 1170 qui
1037 1108 1102 1156 inter
1118 1116 1155 1155 tot
1171 1117 1225 1156 tan-

117 1173 177 1236 quin
187 1172 237 1221 sint
245 1188 319 1237 opera
328 1173 370 1220 illa
378 1172 490 1220 rationis:
509 1189 564 1220 cum
571 1181 655 1220 autem
687 1181 772 1234 tasque
784 1171 867 1220 ruinas
878 1172 974 1235 integer
984 1187 1069 1220 manes
1080 1180 1105 1220 et
1120 1171 1224 1221 illaesus:

117 1238 237 1300 impetum
248 1238 303 1285 coeli
314 1253 370 1285 cum
382 1236 518 1285 admirabili
531 1237 656 1285 celeritate
687 1237 787 1284 interim
798 1236 889 1285 ridebis
899 1237 1018 1284 lactentes
1028 1236 1096 1293 istos,
1108 1247 1133 1285 et
1142 1252 1226 1285 senes-

117 1302 219 1360 moveri,
243 1302 353 1363 vertique
381 1301 514 1358 videamus,
542 1310 655 1349 constan·
687 1311 771 1350 centes
793 1301 905 1359 mundos,
928 1302 1000 1349 modo
1026 1301 1091 1349 same
1119 1309 1225 1359 enectos,

118 1365 213 1414 tissima
229 1366 399 1414 conficientem
416 1365 596 1414 vicissitudines
612 1381 655 1413 an·
689 1366 761 1413 modo
774 1365 923 1429 pinguedine
940 1365 1014 1413 nimis
1030 1367 1123 1423 obesos.
1151 1367 1226 1413 Certo

119 1430 265 1479 niversarias
279 1446 336 1479 cum
352 1446 447 1478 summa
462 1430 540 1478 salute
557 1438 582 1478 et
597 1446 655 1478 con·
689 1429 755 1478 enim
767 1430 866 1489 certius,
878 1440 930 1479 tum
947 1429 1028 1493 perire
1044 1446 1116 1479 omne
1134 1431 1224 1478 Lucre·

118 1494 257 1544 servatione
275 1511 358 1544 rerum
379 1494 496 1554 omnium,
518 1495 657 1544 dubitamus
690 1495 717 1543 tii
725 1510 828 1544 acumen
836 1511 892 1544 cum
903 1494 1064 1558 providentiae
1075 1495 1224 1544 adversetur.
