2872 4852
232 233 277 296 96
615 229 659 294 Τ.
691 224 966 292 LUCRETII

319 388 423 464 Ossa,
435 385 554 463 Cruor,
570 384 687 462 Venae,
704 383 813 460 Calor,
830 381 970 457 Humor,
986 379 1136 457 Viscera,
1152 379 1258 468 Nervi

321 489 544 564 constituunt,
560 510 634 571 quae
650 497 726 551 sunt
741 507 840 570 porro
856 481 1009 548 distantia
1023 481 1120 566 longe

256 606 303 657 670
319 590 477 656 Dissimili
492 587 637 674 perfecta
651 589 758 674 figura
774 586 1022 670 Principiorum.

364 693 452 758 Tum
466 714 565 777 porro
580 712 782 776 quaecunque
798 689 871 773 Igni
885 688 1047 752 flammata
1062 696 1265 766 cremantur;

321 797 357 860 Si
372 796 416 859 nil
431 805 601 879 praeterea,
618 803 725 857 tamen
739 816 781 857 ex
798 815 833 856 se
848 814 887 854 ea
903 812 1041 874 corpora
1055 790 1202 867 tradunt,

321 899 420 963 Unde
436 897 550 981 Ignem
559 897 682 981 jacere,
698 906 732 960 et
748 895 876 959 Lumen
890 893 1089 958 summittere
1105 893 1248 977 possint3

323 998 549 1082 scintillasque
562 1020 671 1081 agere,
687 1019 725 1061 ac
740 995 805 1061 late
820 995 952 1060 differre
968 992 1132 1058 Favillam.

257 1114 304 1167 675
324 1104 453 1167 Caetera
468 1098 623 1165 consimili
638 1100 753 1163 mentis
768 1099 891 1162 ratione
907 1119 1096 1181 peragrans,
1215 1097 1219 1105 ’

234 1232 236 1240 ·
321 1205 470 1269 Invenies
486 1203 572 1266 intus
588 1199 761 1265 multarum
777 1200 907 1264 Semina
921 1222 1030 1263 rerum

323 1307 469 1390 Corpore
485 1303 602 1379 celare,
618 1310 651 1367 et
666 1302 771 1366 varias
787 1302 940 1366 cohibere
956 1298 1105 1386 Figurae.

365 1407 518 1491 Denique
533 1404 633 1469 multa
648 1404 751 1481 vides,
765 1405 884 1488 quibus
900 1414 950 1467 est
966 1401 1073 1478 Odor,
1088 1411 1122 1465 et
1137 1400 1244 1485 Sapor
1258 1422 1338 1479 una,

321 1510 468 1575 Reddita
480 1517 556 1573 sunt
572 1530 648 1572 cum·
661 1507 775 1570 Odore
788 1533 796 1584 3
820 1505 974 1590 imprimis
990 1502 1146 1588 pleraque
1162 1503 1259 1580 dona,

257 1626 305 1673 680
325 1611 508 1695 Relligione
522 1609 662 1672 animum
676 1609 765 1690 turpi
779 1629 853 1672 cum
867 1618 1002 1690 tangere
1018 1615 1124 1689 parto.

322 1714 407 1778 Haec
421 1713 520 1794 igitur
533 1710 629 1772 variis
645 1709 767 1773 debent
782 1719 930 1773 constare
946 1707 1093 1791 Figuris:

321 1815 430 1878 Nidor
441 1815 526 1876 enim
540 1821 702 1896 penetrat,
716 1833 781 1894 qua
797 1809 922 1874 Succus
938 1832 1003 1873 non
1018 1811 1043 1873 it
1056 1810 1090 1873 in
1107 1819 1215 1887 artus;

322 1916 447 1981 Suceus
463 1916 539 1978 item
556 1935 712 1990 seorsum,
729 1922 763 1976 et
778 1934 886 1976 rerum
901 1911 1008 1996 Sapor
1022 1913 1203 1976 insinuatur

324 2018 494 2093 Sensibus,
509 2027 546 2079 ut
560 2038 676 2080 noscas
692 2015 803 2100 primis
819 2012 951 2079 differre
966 2014 1092 2099 figuris.

257 2133 304 2181 685
324 2117 507 2184 Dissimiles
522 2118 621 2202 igitur
636 2116 762 2180 Formae
777 2115 994 2201 glomeramen
1008 2118 1041 2180 in
1056 2139 1156 2180 unum

268 2351 324 2414 671.
356 2365 413 2411 Tum
443 2379 513 2425 porro
542 2379 686 2426 quecunque,
716 2360 773 2425 etc]
840 2360 895 2412 679.
913 2363 1016 2409 Reddita
1035 2368 1088 2409 aunt
1105 2377 1154 2409 cum
1173 2359 1258 2423 Odore]
1284 2360 1346 2419 Alii,

234 2426 336 2486 Quarto,
348 2444 370 2476 v.
385 2429 406 2478 7.
419 2427 500 2502 arguit
508 2443 540 2476 ex
550 2427 625 2491 ligno,
635 2438 660 2477 et
668 2427 722 2476 aliis
734 2443 772 2475 re·
807 2443 857 2475 cum
868 2429 951 2474 adoles.
982 2426 1057 2474 Hunc
1068 2441 1166 2475 versum
1177 2425 1257 2488 rejicit
1269 2427 1346 2475 Lam-

234 2493 280 2540 bus
292 2493 348 2555 igue
357 2492 486 2547 resolut1s;
503 2508 559 2540 cum
569 2492 634 2540 enim
645 2492 672 2540 in
683 2492 773 2555 ignem,
806 2491 886 2548 binus,
910 2499 1052 2552 sequentem
1072 2491 1145 2539 etiam
1168 2491 1234 2540 delet
1256 2490 1347 2540 Faber.

234 2555 260 2603 in
269 2557 356 2614 lucem,
366 2558 392 2604 in
402 2556 503 2614 fumum,
513 2566 538 2604 et
546 2556 640 2605 eineres
648 2557 772 2605 resolvan·
807 2556 873 2605 Nam
890 2570 944 2618 quae
961 2555 1089 2604 latinitas?
1115 2558 1227 2619 Tangeris
1244 2558 1348 2604 animum

235 2629 282 2679 tur,
291 2620 479 2669 existimandum
487 2637 540 2668 esse
550 2621 647 2669 videtur
658 2637 708 2669 non
720 2620 773 2668 fieri
806 2623 915 2683 religione
928 2624 991 2682 turpi
997 2629 1083 2682 parto:
1101 2620 1165 2678 dein,
1177 2636 1221 2669 cur
1236 2621 1283 2668 hoc
1302 2636 1347 2669 ex·

234 2685 408 2733 resolutionem
425 2685 451 2732 in
469 2685 516 2732 alia
534 2701 605 2746 quam
623 2701 677 2748 quae
692 2684 773 2748 reipsa
807 2684 914 2748 emplum
922 2685 1086 2748 potiusquam
1097 2685 1163 2734 aliud
1174 2684 1294 2748 quodvist
1313 2700 1348 2733 an

235 2749 437 2804 continebantur;
461 2765 540 2811 neque
559 2765 591 2797 ex
609 2750 677 2813 ligno
692 2749 774 2814 perire
806 2749 863 2812 quia
885 2765 984 2798 necesse
1012 2749 1045 2798 sit
1069 2749 1194 2798 immolare
1217 2749 1347 2814 capellam,

235 2813 309 2870 aliud,
322 2829 394 2875 quam
406 2814 583 2861 connexionem
596 2824 621 2863 et
631 2814 705 2862 situm
717 2828 773 2878 par·
807 2828 885 2872 ovem,
898 2823 942 2862 etc.
956 2823 984 2862 ut
993 2830 1121 2862 noscamus
1129 2815 1206 2863 multa
1217 2829 1279 2872 esse,
1290 2814 1347 2877 qui·

235 2878 305 2935 tium,
318 2878 369 2926 sive
381 2877 511 2941 specialem
528 2878 649 2926 existendi
666 2878 773 2935 modurn,
805 2879 851 2927 bus
870 2887 896 2926 et
910 2880 970 2927 odor
985 2887 1011 2926 et
1025 2895 1098 2942 sapor
1115 2895 1164 2928 une
1182 2879 1250 2928 sinti
1282 2879 1348 2927 Haee

235 2942 345 3000 sormam,
358 2942 507 3004 qualitatem,
520 2942 634 3006 speciem,
652 2943 773 3000 accidens,
808 2944 901 2999 Faber;
918 2952 995 3001 acute,
1009 2952 1037 2992 ut
1048 2944 1123 3000 solet;
1148 2953 1250 3007 uterque
1269 2943 1347 3002 enim,

236 3016 358 3066 eventum,
371 3009 444 3068 cuius·
452 3023 525 3055 causa
536 3018 595 3064 erat,
608 3017 633 3055 et
649 3007 774 3056 dicebatur
806 3016 849 3056 aut
856 3018 942 3056 neuter
950 3008 1111 3071 rejiciendus:
1128 3019 1242 3058 neutrum
1252 3008 1347 3072 reJicio,

235 3070 337 3134 lignum.
375 3071 434 3119 Ideo
452 3072 479 3120 in
495 3071 563 3134 ligno
582 3072 683 3135 aliisque
701 3074 774 3121 rebus
806 3072 915 3122 latinitas
924 3073 990 3122 enim
999 3074 1066 3128 haud
1074 3073 1192 3123 absimilis
1202 3073 1251 3132 isti,
1264 3089 1347 3137 quam,

235 3135 303 3185 varia
325 3136 368 3184 illa
387 3152 479 3199 genera
501 3136 629 3195 seminum,
651 3153 664 3185 e
686 3137 774 3200 quibui
807 3154 829 3186 v.
842 3137 1010 3201 63.legimus;
1029 3148 1054 3187 et
1065 3139 1176 3200 quamvis
1187 3153 1348 3187 nonnecesee

235 3201 286 3259 lux,
298 3202 386 3260 fumus,
396 3201 492 3250 cineres
500 3212 620 3260 constant,
630 3202 706 3250 latere
715 3217 773 3250 con·
807 3202 839 3251 sit
856 3203 983 3251 immolare
1001 3203 1126 3266 capellam,
1150 3220 1228 3263 ovem,
1248 3212 1294 3252 etc.
1317 3211 1350 3252 ut

236 3266 429 3316 cedendumest.
807 3283 935 3316 noscamus
957 3268 1034 3316 multa
1055 3283 1109 3317 esse
1131 3268 1219 3332 quibus
1241 3267 1349 3316 odoret

269 3332 324 3382 672.
342 3335 380 3380 Ee
391 3349 415 3380 se
424 3332 451 3380 ee
463 3330 569 3395 corpora]
582 3334 640 3380 Haec
652 3335 676 3379 in
688 3349 711 3380 se
723 3349 772 3380 cor·
807 3348 879 3396 sapor
888 3348 937 3381 una
949 3332 1013 3389 sint;
1032 3343 1114 3381 tamen
1126 3333 1191 3381 haud
1202 3333 1350 3381 indecorum

234 3413 300 3457 pore,
313 3406 341 3444 ut
351 3401 376 3444 in
386 3413 431 3460 pro
448 3402 510 3446 intus
526 3397 578 3446 sive
596 3395 691 3445 ἔνδοθεν
706 3396 771 3445 acci·
807 3398 889 3446 Poetae
898 3397 1021 3460 Epicureo
1030 3398 1092 3446 duos
1101 3398 1233 3446 versiculos
1241 3396 1349 3446 subinde

236 3460 332 3522 piatum
361 3462 481 3510 Gifaniua
519 3467 557 3511 Ec
577 3480 601 3511 re
623 3479 651 3510 ea
671 3479 773 3525 corpora,
805 3462 927 3521 infarcire,
951 3462 1038 3524 quibus
1060 3463 1119 3511 deos
1142 3463 1221 3511 obiter
1238 3461 1348 3526 sugillet,

237 3524 372 3573 Lambinus
388 3527 511 3574 restituit:
534 3527 576 3575 alii
588 3527 680 3590 legunt,
698 3545 726 3576 ee
741 3544 773 3586 ro,
807 3536 831 3576 et
842 3527 921 3575 rideat
931 3527 1056 3591 pietatem.
1084 3527 1136 3575 Alii
1146 3527 1239 3590 legunt,
1256 3530 1349 3576 66666-

237 3588 276 3636 vel
289 3606 316 3636 er
327 3607 367 3637 suo
379 3607 478 3652 corpore.
804 3609 860 3655 gere
869 3600 970 3653 parato.-
987 3592 1032 3640 tibi
1044 3607 1132 3655 nempe
1148 3600 1233 3657 parato
1249 3591 1349 3640 contin·

270 3652 325 3702 678.
352 3654 446 3716 Jacere]
470 3657 564 3712 Lucere,
588 3656 604 3703 i.
629 3671 650 3703 e.
672 3655 773 3711 elicere;
807 3672 865 3719 gere
876 3655 927 3704 sive
938 3656 1067 3718 inquinare
1078 3656 1187 3704 animum
1204 3656 1270 3732 turpi
1287 3656 1350 3705 reli-

236 3715 357 3774 Gifanius,
370 3719 412 3779 qui
423 3718 522 3781 ingenio
533 3720 607 3768 nimis
618 3719 736 3782 indulget
806 3721 893 3784 316666
915 3732 940 3768 et
956 3725 1086 3784 contingere
1105 3721 1198 3769 faciunt
1215 3721 1348 3785 Tnsyllab.

270 3779 325 3829 678.
344 3784 447 3845 Denique
457 3786 530 3831 multe
541 3787 611 3841 vides,
623 3783 680 3845 eta]
694 3784 772 3838 Quin·
806 3794 835 3833 ut
853 3785 917 3833 infra
937 3788 1019 3848 degere
1039 3789 1154 3834 duellum:
1182 3785 1296 3851 imperite
1319 3795 1352 3836 ut

238 3856 296 3902 tum,
307 3861 330 3894 v.
344 3847 365 3893 9.
378 3846 477 3907 subjicit
488 3857 657 3910 argumentum
667 3866 672 3903 ;
689 3849 773 3911 plures
805 3857 874 3914 patet
884 3865 916 3897 ex
927 3866 949 3897 v.
961 3851 1016 3899 660.
1041 3852 1108 3914 Lege
1120 3859 1208 3909 autem,
1224 3854 1313 3903 duitas
1324 3860 1352 3901 et

236 3909 365 3972 qualitates
383 3910 502 3959 sentimus
521 3912 547 3959 iu
566 3913 650 3960 eodem
672 3927 773 3975 corpore
808 3917 870 3962 Odor
887 3922 911 3962 et
929 3917 1002 3977 Sapor
1025 3932 1071 3963 una
1090 3919 1193 3964 Reddita
1214 3922 1276 3975 aunt,
1296 3933 1359 3965 eune-
1399 3919 1400 3922 ’

236 3974 363 4033 contineri,
385 3976 484 4023 odorem
507 3992 529 4024 v.
552 3993 574 4040 g.
598 3985 623 4024 et
645 3991 771 4040 saporem3
805 3981 888 4027 adoles.

236 4039 335 4087 odorem
347 4050 428 4087 autern
440 4048 465 4088 et
480 4056 591 4104 saporem
609 4057 623 4088 e
639 4040 773 4091 seminibus
838 4044 892 4091 683.
905 4044 1034 4108 Etreram]
1043 4048 1154 4103 Seorsum,
1164 4044 1351 4104 coddrectiuer

235 4103 340 4167 disparis
351 4104 436 4167 figurae
447 4115 558 4153 constare
574 4105 655 4170 palam
672 4114 716 4163 est,
734 4106 770 4155 di·
804 4117 833 4156 ut
844 4116 869 4156 et
878 4112 951 4169 priuis
979 4125 1006 4158 ro
1016 4114 1099 4170 primis
1109 4110 1135 4158 in
1147 4109 1259 4174 sequenti
1270 4125 1351 4162 versu

236 4185 320 4217 versos
338 4169 403 4218 enim
421 4184 507 4217 sensus
528 4170 644 4228 afficiunt,
667 4177 692 4216 et
714 4171 772 4221 dum
806 4173 872 4220 haud
884 4126 988 4222 absurde
1000 4174 1097 4238 legitur.

236 4234 298 4282 alter
305 4250 352 4347 per
359 4250 430 4283 nares
438 4234 584 4294 insinuatur,
596 4235 658 4283 alter
665 4233 774 4298 linguam
839 4237 896 4285 685.
911 4238 1354 4302 Glomeramear'nuaum]Gassendua;
1376 4282 1379 4287 .

236 4308 262 4346 et
272 4315 304 4362 pa
314 4309 381 4348 atum
393 4298 473 4348 efficit
540 4324 543 4328 ⁴
804 4304 962 4364 glomerantur
973 4307 997 4351 in
1009 4320 1084 4352 unum.
