2872 4852
465 185 634 250 LIBER
665 184 942 258 QUARTUS.
1193 190 1257 253 993

239 341 286 407 Et
303 343 434 406 divisior
449 342 533 404 inter
547 363 593 418 se,
610 363 647 405 ac
663 341 849 405 distractior
865 341 963 404 intus.

282 445 329 508 Et
343 444 420 527 quoi
434 444 572 528 quisque
587 442 656 507 fere
673 444 782 506 studio
796 444 965 507 devinctus
983 441 1143 520 adhaeret,

175 558 223 605 960
239 544 309 609 Aut
325 546 443 629 quibus
459 545 492 607 iu
507 546 606 608 rebus
620 543 757 608 multum
773 567 883 607 sumus
900 554 974 607 ante
990 547 1117 622 morati,

237 647 348 730 Atque
364 648 400 717 iu
412 670 477 731 qua
491 647 616 710 ratione
631 646 692 711 fuit
705 657 859 712 contenta
872 648 973 731 magis
990 647 1100 724 Mens,

238 749 277 812 ln
293 751 420 814 Somnis
435 750 550 813 eadem
564 748 756 834 plerumque
771 750 917 813 videmur
933 750 1042 813 obire:

238 850 401 916 Causidici
417 874 532 917 causas
548 873 657 934 agere,
674 863 707 916 et
722 873 916 936 componere
930 850 1040 936 leges;

239 952 494 1038 induperatores
509 975 668 1037 pugnare,
683 975 720 1017 ac
735 952 852 1037 proelia
866 954 975 1030 obire;

173 1067 220 1115 966
236 1054 357 1119 Nautae
372 1064 573 1119 contractum
588 1077 662 1118 cum
677 1055 781 1119 ventis
797 1055 929 1118 eernere
943 1053 1084 1134 bellum;

238 1155 312 1218 Nos
328 1177 426 1239 agere
441 1154 504 1219 hoc
520 1166 639 1232 autem,
655 1165 689 1220 et
703 1154 864 1220 Naturam
881 1177 1027 1239 quaerere
1042 1178 1151 1223 rerum

240 1257 388 1340 Semper,
404 1265 438 1320 et
453 1257 614 1320 inventam
629 1257 742 1340 patriis
758 1278 922 1340 exponere
938 1257 1070 1323 chartis.

243 1358 371 1422 Caetera
387 1358 433 1422 sic
449 1357 567 1434 studia,
583 1367 681 1440 atque
697 1367 783 1421 artes
797 1357 988 1442 plerumque
1003 1361 1155 1424 videntur

240 1459 280 1523 In
295 1460 423 1524 Somnis
439 1460 560 1524 animos
576 1459 754 1523 Hominum
769 1459 926 1524 frustrata
941 1471 1063 1527 tenere.

176 1571 223 1623 979
281 1563 339 1639 Et,
355 1563 541 1646 quicunque
556 1563 626 1626 dies
642 1561 760 1626 multos
776 1584 817 1626 ex
833 1563 946 1628 ordine
961 1563 1047 1627 ludis

239 1664 407 1730 Adsiduas
423 1666 587 1729 dederunt
601 1687 729 1750 operas,
744 1663 936 1750 plerumque
951 1667 1109 1744 videmus

241 1767 351 1840 Quom
361 1767 429 1852 jam
445 1767 629 1832 destiterint
642 1788 682 1830 ea
697 1766 855 1831 Sensibus
871 1790 1043 1852 usurpare,

239 1868 397 1953 Reliqiias
414 1879 521 1932 tamen
534 1891 607 1933 esse
623 1869 690 1932 vias
705 1869 739 1931 in
753 1867 869 1933 Mente
884 1871 1060 1953 patenteis,

240 1971 318 2044 Qua
332 1971 459 2054 possint
473 1971 587 2034 eadem
601 1992 711 2034 rerum
727 1969 907 2034 Simulacra
921 1973 1049 2035 venire:

176 2083 223 2134 975
239 2070 422 2136 Permultos
437 2072 547 2155 itaque
563 2070 617 2134 illa
633 2071 703 2134 dies
719 2071 833 2134 eadem
849 2073 1064 2136 obversantur

240 2171 329 2236 Ante
345 2170 467 2247 oculos,
484 2172 580 2234 etiam
595 2170 765 2254 vigilantes
780 2181 818 2235 ut
831 2172 1004 2236 videantur

207 2334 212 2341 .
240 2274 384 2338 Cernere
400 2272 578 2350 saltanteis,
592 2283 627 2337 et
641 2272 748 2336 mollia
764 2275 908 2337 membra
922 2275 1098 2338 moventeis
1112 2301 1120 2352 ;

240 2375 287 2439 Et
304 2374 437 2438 citharae
451 2373 609 2458 liquidum
624 2395 764 2451 carmen,
781 2374 987 2459 chordasque
1002 2374 1182 2460 loquenteis

239 2476 388 2541 Auribus
402 2476 561 2560 accipere,
577 2486 611 2541 et
625 2499 817 2542 concessum
828 2500 960 2543 eernere
975 2479 1132 2557 eundem;

173 2590 221 2638 980
237 2580 421 2663 Seenaique
437 2576 531 2643 simul
546 2580 650 2642 varios
667 2578 839 2663 splendere
855 2581 1001 2645 decores

240 2681 356 2765 Usque
371 2682 454 2745 adeo
469 2682 577 2765 magni
592 2680 693 2744 refert
708 2682 863 2759 studium,
880 2692 977 2766 atque
991 2680 1151 2760 voluntas,

237 2784 284 2849 Et
296 2785 416 2869 quibus
429 2784 463 2846 iu
478 2784 577 2847 rebus
594 2785 782 2847 consuerint
796 2806 869 2848 esse
885 2786 1011 2869 operati

237 2884 316 2949 Non
331 2885 491 2949 Homines
508 2883 622 2960 solum,
640 2885 699 2949 sed
714 2907 791 2949 vero
808 2884 970 2950 Animalia
984 2897 1112 2951 cuncta.

281 2987 416 3070 Quippe
431 2987 555 3050 videbis
572 2986 688 3071 Equos
704 2985 828 3064 forteis,
845 3010 918 3052 curn
932 2990 1076 3052 membra
1089 2989 1258 3074 jacebunt,

175 3103 222 3150 985
237 3090 277 3154 ln
292 3089 420 3153 Somnis
437 3090 555 3153 sudare
569 3099 687 3166 tamen,
705 3090 894 3174 spirareque
911 3113 1010 3174 saepe,

240 3192 287 3256 Et
299 3193 393 3276 quasi
408 3193 449 3256 de
465 3191 572 3276 palma
588 3215 727 3256 summas
743 3193 940 3257 contendere
956 3194 1063 3269 vireis,

186 3393 242 3441 959.
260 3395 293 3441 Et
304 3397 356 3454 quoi
367 3395 468 3455 quisque,
480 3391 536 3454 etc]
549 3392 642 3441 Jamde
651 3392 689 3440 in·
723 3402 787 3441 sunt
821 3392 880 3441 Alia
891 3401 972 3440 autem
984 3390 1105 3439 insomnia
1117 3391 1194 3454 magis
1211 3401 1259 3441 ter-

152 3456 262 3506 somuiis.
295 3459 387 3506 Censet
405 3467 487 3505 autem
510 3456 640 3521 Epicurus,
663 3465 691 3505 ut
722 3466 778 3505 rent
790 3473 862 3519 quam
874 3456 928 3516 alia,
941 3472 986 3505 nec
1001 3455 1027 3503 id
1043 3455 1141 3518 quidem
1157 3456 1261 3514 mirum3

152 3536 228 3585 supra
238 3522 387 3571 declaratum
399 3529 443 3578 est,
455 3520 550 3569 animos
566 3521 688 3569 dormien-
723 3537 752 3570 ea
764 3521 830 3569 enim
843 3531 952 3570 terreant
967 3536 1066 3569 necesse
1084 3530 1121 3569 est
1138 3530 1163 3568 et
1181 3521 1261 3571 acrius

152 3584 215 3634 tium
227 3587 335 3635 externit
349 3595 375 3635 et
387 3585 527 3634 adventitiis
539 3586 691 3635 simulachris
723 3585 851 3644 lacessant,
864 3602 965 3650 quorum
977 3585 1124 3634 simulachra
1135 3601 1148 3633 e
1160 3586 1261 3634 semiui-

151 3650 259 3714 pulsari3
277 3651 335 3700 inde
350 3650 485 3699 insomnia:
508 3651 572 3713 quod
588 3667 646 3699 vero
663 3667 692 3699 ea
723 3652 769 3699 bus
781 3651 873 3716 asperis
884 3659 1010 3726 compacta
1025 3660 1090 3709 sunt,
1108 3659 1133 3699 et
1149 3661 1263 3715 pungunt

153 3715 303 3764 somniemus
315 3715 420 3764 maxime
430 3715 517 3779 quibus
527 3732 571 3781 per
583 3715 691 3778 vigiliam
723 3725 819 3764 mentes
831 3716 857 3763 in
869 3732 928 3778 quas
939 3715 1058 3764 incidunt.

152 3780 261 3832 studiose
269 3780 460 3838 incubuerimus,
469 3797 524 3828 cum
534 3796 606 3829 omne
614 3796 692 3844 genus
757 3781 812 3829 963.
826 3783 960 3842 Comparare
968 3779 1041 3844 leger]
1050 3781 1113 3829 Sunt
1120 3781 1163 3847 qui
1168 3782 1261 3845 legunt,

152 3843 301 3893 simulachra
322 3854 411 3908 praesto
429 3845 517 3902 adsint,
535 3845 561 3893 id
580 3846 615 3903 fit,
634 3845 692 3908 quia
725 3848 785 3894 litas.

152 3907 195 3957 isti
211 3919 313 3967 meatus,
331 3926 375 3973 per
394 3926 455 3972 quos
475 3909 547 3958 toties
568 3910 693 3959 intrarunt
757 3911 811 3958 965.
826 3910 1097 3959 contractam-cernere
1108 3910 1203 3974 bellum]
1215 3910 1260 3958 Gi-

152 3972 307 4032 simulaohra,
325 3983 427 4038 pateut3
450 3984 476 4024 et
491 3975 586 4023 facilius
604 3974 692 4023 admit·
724 3974 811 4033 fauiur,
821 3977 903 4038 degere
914 3978 1012 4024 hellam:
1030 3984 1056 4023 at
1067 3975 1175 4033 Plautus,
1185 3983 1259 4023 certa·

152 4045 210 4086 tunt
219 4037 340 4103 imagines
349 4055 403 4102 quae
413 4040 445 4088 ad
456 4040 503 4088 ista
516 4039 604 4096 studia,
619 4054 691 4102 quam
723 4056 772 4087 oren
784 4056 882 4088 cernere.

152 4100 207 4165 quae
225 4103 313 4152 adres
333 4104 393 4153 alias
413 4102 544 4168 pertinent.
585 4104 618 4152 Et
641 4119 691 4151 non
756 4104 811 4155 973.
829 4107 940 4166 Reliqitar
957 4102 1044 4165 tamen]
1063 4102 1112 4151 His
1124 4102 1205 4151 verbis
1217 4116 1259 4149 vo·

151 4175 249 4217 taunun
268 4169 394 4218 hominum
414 4169 458 4218 sed
475 4169 579 4217 aliorum
596 4168 689 4216 anima·
723 4168 802 4217 culam
815 4177 841 4217 at
856 4168 978 4233 praeponit
989 4166 1162 4226 Gifaniusscui
1179 4165 1261 4215 nullus

151 4231 214 4282 lium
225 4233 347 4282 insomnia
357 4234 403 4282 hoc
415 4233 486 4283 modo
498 4233 615 4297 explicari
632 4249 690 4297 pos·
722 4233 804 4296 placet
816 4249 899 4282 versus
911 4232 958 4282 nisi
970 4231 1079 4280 vitiosus.
