2872 4852
160 229 221 294 1118
537 226 582 292 Τ.
613 225 888 293 LUCBETII

243 383 432 467 Insequitur
447 383 590 463 candens
606 382 775 448 confestim
790 380 919 448 lucidus
934 381 1018 461 Aer,

243 487 313 560 Qui
327 486 422 570 quasi
436 495 556 569 purgat
571 507 640 562 eos,
656 507 694 550 ac
709 486 819 569 nigras
835 486 970 551 discutit
984 487 1117 552 umbras

242 587 341 652 Aeris
357 585 460 651 illius:
484 609 557 651 nam
572 586 681 651 multis
697 587 845 670 partibus
860 586 913 653 bic
928 597 981 652 est

242 689 409 766 Mobilior,
425 687 599 773 multisque
614 689 778 766 minutior,
794 699 828 754 et
843 711 936 774 mage
951 689 1089 774 pollens.

177 805 224 851 305
244 792 313 865 Qui
329 789 423 855 simul
437 801 535 875 atque
550 791 618 854 vias
634 789 801 856 oculorum
815 789 887 855 luce
903 790 1051 876 replevit,

241 894 353 979 Atque
369 893 535 978 patefecit,
551 915 632 977 quas
648 903 724 957 aute
739 894 915 958 obsederat
929 905 1019 972 ater3

241 997 405 1061 Continuo
420 1018 529 1061 rerum
544 993 725 1059 Simulacra
740 995 898 1079 adaperta
913 1006 1096 1080 sequuntur

241 1099 328 1173 Quae
343 1099 405 1162 sita
420 1108 496 1162 suut
511 1098 544 1161 in
557 1096 641 1174 luce,
657 1095 898 1181 lacessuntque,
915 1109 952 1162 ut
968 1098 1146 1165 videamus.

241 1202 342 1277 Quod
358 1212 471 1266 contra
486 1200 593 1264 facere
608 1200 641 1263 in
656 1200 800 1263 tenebris
815 1223 835 1264 3
850 1199 922 1265 luce
938 1203 1120 1285 nequimus,

175 1318 223 1364 350
243 1304 435 1388 Propterea,
452 1303 528 1387 quia
543 1303 705 1386 posterior
719 1301 863 1386 caliginis
879 1302 951 1367 Aer

239 1406 389 1495 Crassior
403 1406 596 1490 insequitur,
613 1406 670 1489 qui
685 1416 802 1470 cuncta
817 1406 974 1470 foramina
988 1406 1147 1491 complet;

239 1510 439 1593 Obsiditque
454 1509 522 1572 vias
538 1507 716 1584 oculorum,
732 1530 773 1571 ne
789 1506 970 1573 Simulacra

241 1610 375 1676 Possint
390 1609 528 1674 ullarum
543 1630 653 1674 rerum
667 1611 815 1694 conjecta
829 1611 961 1674 moveri.

283 1713 538 1796 Quadratasque
551 1712 667 1797 procul
681 1714 799 1777 turreis
816 1735 889 1778 cum
904 1713 1064 1777 cernimus
1080 1710 1193 1790 urbis3

175 1829 222 1875 355
242 1815 424 1899 Propterea
438 1813 477 1877 fit
490 1813 538 1877 uti
554 1815 724 1879 videantur
742 1838 829 1899 saepe
843 1814 1007 1890 rotuudae,

240 1916 393 2001 Angulus
409 1918 548 1981 obtusus
564 1918 638 2001 quia
654 1916 751 2002 longe
766 1918 909 1981 cernitur
925 1917 1039 1992 omnis,

239 2020 315 2084 Sive
330 2018 428 2083 etiam
443 2018 552 2103 potius
567 2041 632 2082 non
648 2007 810 2097 cernitur3
834 2041 872 2083 ac
887 2019 972 2102 perit
986 2018 1059 2102 ejus

240 2122 353 2208 Plaga,
370 2143 431 2185 uec
446 2121 488 2184 ad
503 2131 632 2185 nostras
647 2120 733 2185 acies
749 2119 929 2205 perlabitur
944 2121 1046 2185 ictus:

240 2224 331 2289 Aera
346 2246 406 2309 per
420 2222 557 2287 multum
571 2223 647 2308 quia
662 2224 741 2287 dum
756 2222 935 2287 Simulacra
950 2222 1112 2300 feruntur,

174 2339 222 2386 300
239 2327 336 2412 Cogit
351 2328 531 2392 hebescere
546 2349 620 2390 eum
635 2326 759 2390 crebris
776 2326 956 2390 offensibus
973 2323 1054 2389 Aer.

237 2429 338 2506 Hinc,
354 2430 411 2493 ubi
426 2428 563 2511 suffugit
579 2449 710 2492 sensum
726 2426 820 2491 simul
835 2427 973 2511 angulus
989 2426 1103 2503 omnis,

239 2529 303 2607 Fit,
319 2531 414 2614 quasi
428 2540 558 2594 tornata
573 2539 609 2592 ut
625 2550 778 2592 saxorum
791 2538 915 2592 structa
930 2539 1082 2606 tuantur,

237 2630 316 2695 Non
332 2641 440 2695 tamen
455 2641 492 2694 ut
507 2653 616 2694 coram
632 2653 705 2714 quae
722 2640 808 2707 sunt,
824 2652 965 2714 vereque
980 2629 1131 2707 rotunda,

163 2777 165 2780 -
239 2732 306 2796 Sed
322 2734 416 2817 quasi
431 2733 648 2796 adumbratim
662 2731 809 2816 paullum
824 2731 972 2796 simulata
988 2732 1149 2797 videntur.

174 2845 221 2894 305
280 2832 406 2897 Umbra
421 2834 549 2898 videtur
565 2837 642 2899 item
657 2835 751 2898 nobis
766 2835 799 2897 in
816 2832 891 2897 Sole
907 2834 1040 2911 moveri,

239 2937 286 3000 Et
299 2936 436 3020 vestigia
450 2946 562 3000 nostra
578 2937 681 3020 sequi,
697 2948 891 3021 gestumque
906 2938 1023 3001 imitari

238 3037 343 3121 (Aera
357 3040 384 3103 si
399 3039 514 3104 credas
530 3041 691 3124 privatum
705 3039 826 3104 lumine
839 3062 937 3125 posse

238 3142 429 3228 Indugredi,
445 3154 551 3208 motus
566 3143 743 3221 hominum,
759 3154 937 3228 gestusque
953 3153 1160 3228 sequentem:

151 3324 259 3388 conjecto,
270 3342 319 3375 nou
328 3335 438 3385 contecta,
447 3336 475 3375 ut
484 3326 617 3376 Lambinus
629 3343 687 3376 con·
720 3344 778 3386 rum,
795 3337 821 3376 et
841 3328 921 3376 clausa
940 3331 1069 3376 domuum:
1092 3333 1185 3375 tornata
1201 3342 1264 3376 vero

151 3390 236 3448 tendit,
249 3392 364 3453 quoniam
375 3408 424 3441 vox
434 3394 547 3454 adaperta
558 3391 584 3440 iu
595 3409 617 3440 v.
631 3391 686 3444 347.
719 3392 831 3449 rotunda,
842 3400 933 3441 tornare
944 3391 1076 3441 rotundum
1088 3391 1198 3446 efficere3
1218 3392 1264 3441 ei·

151 3451 248 3515 legitur.
720 3472 776 3504 cero
794 3456 820 3505 in
839 3457 938 3515 Timaeo,
957 3461 1034 3518 Atque
1052 3460 1087 3504 tta
1106 3459 1215 3514 tumuit,
1235 3465 1264 3505 ut

183 3519 238 3566 354.
258 3523 433 3583 Quadratasque
447 3518 604 3582 0000001010]
622 3521 686 3569 Tur-
720 3524 780 3569 011011
790 3525 847 3582 effici
856 3527 929 3583 possit
940 3524 1067 3570 rotundius.

149 3596 189 3630 res
200 3584 323 3645 quadratas
333 3586 404 3635 nobis
414 3584 499 3650 procul
512 3584 687 3648 aspicientibus
752 3586 807 3634 865.
834 3589 920 3635 Umbra
936 3591 1027 3636 uidetur
1044 3589 1106 3643 item,
1123 3582 1180 3647 ctu]
1201 3585 1262 3635 Nou

150 3658 269 3710 apparent
279 3650 396 3706 rotunda,
407 3650 464 3711 quia
472 3649 517 3697 viz.
528 3650 599 3698 ull.
613 3648 687 3698 turris
719 3649 798 3698 solum
819 3651 900 3714 imago
922 3651 948 3698 in
972 3651 1085 3716 speculis,
1106 3649 1149 3698 sed
1171 3650 1263 3700 umbra

150 3710 274 3774 quadratu
285 3711 365 3774 imago
377 3714 435 3762 dum
446 3713 531 3776 procul
543 3713 573 3761 ad
585 3729 629 3761 nos
642 3728 687 3776 per
719 3714 828 3776 corporis
839 3715 937 3764 videtur
954 3717 1080 3764 uobiscum
1097 3714 1220 3772 incedere,
1235 3724 1264 3764 et

150 3777 206 3824 atra
216 3774 321 3832 advolat,
333 3777 422 3840 saepiu
434 3777 570 3840 percutitur
578 3780 634 3825 aere
645 3793 686 3825 oc·
719 3787 815 3842 gestum
837 3778 944 3834 imitari3
971 3781 1086 3842 quoniam
1106 3779 1151 3828 viz.
1172 3794 1195 3827 v.
1221 3781 1261 3830 15.

150 3849 271 3896 comante,
283 3854 331 3901 quo
347 3841 376 3888 fit
391 3852 419 3890 ut
435 3841 519 3904 auguli
535 3842 601 3891 illius
618 3842 686 3890 dete·
719 3844 805 3892 umbra
822 3843 884 3892 nibil
900 3843 967 3891 aliud
985 3855 1023 3892 est
1041 3845 1089 3894 nisi
1108 3846 1149 3893 etr
1164 3841 1263 3894 lumina

150 3914 243 3962 rantur,
255 3903 342 3953 saltem
353 3904 388 3954 ita
402 3905 575 3963 obtunduntur,
587 3915 615 3954 ut
631 3922 687 3955 cum
719 3907 830 3971 privatus
839 3923 853 3956 3
863 3922 964 3971 corpore
976 3908 1057 3972 aliquo
1068 3909 1145 3957 denso
1156 3907 1202 3956 soli
1214 3909 1261 3959 ob·

150 3970 182 4019 ad
197 3985 243 4018 uos
258 3968 378 4033 pervenit,
396 3970 465 4032 quasi
481 3978 585 4027 tornata,
603 3979 628 4018 et
645 3985 684 4019 ro·
718 3987 796 4029 verso,
809 3971 912 4035 ideoque
924 3983 951 4021 ut
966 3989 1054 4037 corpus
1070 3973 1137 4022 istud
1153 3972 1262 4027 densum

149 4035 226 4084 tunda
243 4035 288 4082 sub
306 4033 384 4082 forma
404 4033 461 4082 ferit
480 4034 562 4083 oculos
582 4044 685 4093 nostros,
718 4045 852 4095 moveatur,
871 4046 899 4085 ut
916 4053 969 4086 sese
988 4039 1066 4102 erigat
1085 4047 1128 4088 aut
1146 4037 1261 4099 inclinet,

149 4099 208 4149 licet
223 4098 271 4148 istu
286 4098 423 4147 rotunditas
440 4112 490 4147 non
506 4098 539 4147 sit
555 4100 615 4149 adeo
633 4099 682 4148 dis·
718 4104 829 4151 umbram
842 4100 916 4150 etiam
927 4102 1016 4152 variari
1028 4118 1128 4152 necesse
1139 4112 1183 4160 est,
1195 4119 1259 4166 quo·

150 4164 233 4223 tincta,
242 4179 270 4212 ac
281 4162 304 4212 si
314 4163 389 4212 turris
399 4163 454 4228 ipsa
464 4165 569 4213 rotunda
580 4165 650 4236 fore-t,
660 4177 686 4214 et
717 4166 783 4215 niam
801 4167 831 4214 ab
848 4165 896 4216 isto
912 4182 1013 4242 corpore
1030 4178 1152 4226 movente,
1166 4177 1259 4228 erecto,

148 4229 260 4279 cominus
269 4237 428 4294 spectaretur.
717 4231 842 4288 inclinato,
864 4240 909 4280 etc.
931 4232 994 4281 abus
1014 4232 1125 4294 aliusque
1147 4235 1188 4281 ae'r
1208 4233 1260 4283 alio

159 4336 161 4340 .
181 4295 236 4343 862.
255 4296 364 4345 10303003
374 4291 477 4355 structo]
491 4291 526 4340 Ut
541 4302 618 4343 strato
634 4299 682 4345 uiu-
717 4296 813 4359 alioque
825 4297 1000 4346 modolamine
1012 4296 1130 4361 privatur.
