2872 4852
408 224 580 292 LIBER
608 215 912 292 SECUNDUS.
1175 230 1216 294 77

127 390 175 442 att
193 381 376 465 Perspicua
390 381 440 460 ’st,
457 383 551 447 nobis
566 382 684 461 invitia,
700 384 758 461 ire,
772 385 921 468 rapique,

191 483 356 548 Donicum
370 506 441 548 eam
456 484 641 549 refraenavit
655 507 715 569 per
729 486 874 550 membra
886 483 1060 550 Voluntas.

189 585 306 650 damne
321 586 412 650 vides
429 586 539 669 igitur,
557 608 751 670 quamquam
766 588 813 651 vis
829 597 943 651 extera
956 586 1075 652 multos

190 686 299 764 Pellit,
316 698 349 751 et
363 688 480 751 invitos
496 688 583 771 cogit
596 689 775 772 procedere
792 711 891 772 saepe,

190 787 458 872 Praecipiteisque
473 791 570 873 rapit,
588 799 694 854 tamen
708 812 781 854 esse
796 790 830 853 in
845 798 978 873 pectore
994 800 1106 853 nostro

126 900 173 947 aso
192 890 371 968 Quiddam,
387 892 476 975 quod
492 902 606 956 contra
619 914 778 976 pugnare,
795 892 991 973 obstareque
1004 892 1122 975 possit,

191 990 295 1076 Cujus
311 993 354 1056 ad
370 993 538 1057 arbitrium
554 1015 683 1076 quoque
699 992 794 1076 copia
809 993 954 1055 materiai

190 1092 328 1176 Cogitur
342 1095 505 1157 interdum
519 1093 608 1158 flecti
623 1116 682 1177 per
696 1094 851 1169 membra,
867 1115 927 1176 per
942 1102 1044 1168 artus,

190 1194 237 1271 Et
252 1197 399 1279 projecta
413 1195 617 1272 refraenatur,
634 1206 788 1278 retroque
802 1195 938 1258 residit?

234 1296 346 1369 Quare
361 1298 394 1360 in
410 1296 594 1360 Seminibus
610 1318 740 1380 quoque
755 1296 842 1359 idem
856 1296 978 1359 fateare
993 1317 1126 1360 necesse
1141 1296 1191 1374 'st,

126 1410 173 1456 285
192 1397 278 1462 Esse
295 1397 389 1461 aliam
403 1408 523 1482 praeter
538 1396 669 1481 Plagas,
686 1407 720 1460 et
737 1397 891 1461 Pondera
906 1419 1037 1461 causam

189 1499 351 1576 Motibus,
364 1500 452 1563 unde
467 1498 539 1570 haec
554 1509 605 1573 est
621 1499 713 1562 nobis
729 1499 839 1562 innata
853 1508 1015 1582 potestas:

189 1601 244 1665 De
259 1599 373 1664 Nihilo
388 1602 539 1685 quoniam
553 1600 626 1665 lieri
642 1600 700 1664 Nil
714 1623 812 1685 posse
827 1601 984 1665 videmus.
1068 1661 1071 1671 ,

190 1702 325 1766 Pondus
341 1703 425 1766 enim
440 1703 604 1787 prohibet,
619 1726 660 1766 ne
676 1701 787 1786 Plagis
804 1703 910 1767 omnia
924 1704 1016 1780 fiant,

189 1803 338 1869 Externa
353 1807 446 1889 quasi
460 1806 509 1883 vi;
533 1807 592 1869 sed
608 1827 648 1868 ne
663 1827 753 1868 mens
769 1805 841 1887 ipsa
856 1826 1028 1869 necessum

124 1917 172 1964 290
189 1905 382 1970 Intestinum
396 1906 517 1970 habeat
532 1908 656 1971 cunctis
671 1907 704 1968 in
719 1907 817 1970 rebus
834 1907 981 1989 agendis,

189 2008 236 2071 Et
249 2008 376 2072 devicta
392 2010 485 2091 quasi
500 2019 636 2092 cogatur
652 2008 748 2083 ferre,
765 2008 917 2092 patique3

188 2108 229 2173 Id
243 2108 320 2174 facit
335 2111 490 2194 exiguum
506 2109 694 2173 Cumanas
710 2108 949 2192 Principiorum

189 2209 264 2274 Nec
279 2212 412 2295 regione
425 2211 489 2275 loci
504 2221 603 2288 certa,
620 2232 680 2274 nec
696 2220 842 2293 tempore
857 2219 956 2274 certo·

135 2406 190 2457 277.
217 2407 319 2470 lietera]
349 2406 441 2463 Melius
464 2423 536 2470 quam
557 2411 642 2456 estimo
674 2407 759 2455 innata
770 2407 803 2456 sit
812 2407 913 2456 libertas
924 2407 1026 2470 agendi3
1047 2408 1099 2454 haec
1117 2407 1213 2470 Fsyus:

104 2470 224 2518 Lambini.
675 2472 762 2534 quibus
775 2472 836 2520 nihil
847 2472 975 2520 absurdius
987 2472 1026 2521 vel
1037 2472 1090 2535 ipse
1104 2472 1191 2533 Fayus.

135 2537 189 2583 283.
208 2534 329 2598 Ρνιῄεοῑα]
347 2535 424 2591 Quasi
439 2537 526 2600 procul
543 2538 641 2598 rejecta,
708 2538 762 2594 289,
776 2538 830 2584 290.
851 2539 887 2583 Ne
899 2554 959 2584 mens
975 2540 1026 2598 ipsc
1042 2552 1154 2584 necessum
1172 2539 1212 2584 In-

103 2600 183 2662 Fayus
193 2617 198 2646 :
216 2601 282 2648 Ama
293 2600 460 2664 interpretem.
675 2605 788 2658 testitum,
796 2599 852 2662 etc]
861 2601 964 2648 Codices
970 2616 1061 2659 omnes,
1070 2618 1098 2649 ne
1105 2618 1141 2648 res
1149 2604 1200 2661 ipsa
1204 2619 1213 2654 ;

135 2665 189 2712 284.
206 2667 282 2716 Quare
293 2669 317 2712 in
326 2668 462 2722 Seminibus,
471 2664 527 2727 etc]
536 2666 557 2714 E
567 2665 640 2714 liber·
673 2664 727 2713 istis
739 2665 851 2712 omnibus
868 2664 992 2713 codicibus
1008 2665 1160 2729 praeferenda
1177 2674 1214 2713 est

102 2737 152 2777 tate
164 2728 304 2777 Voluntatis
316 2740 409 2777 motum
421 2730 607 2787 Declinationis,
618 2747 640 2778 v.
674 2730 787 2777 Lambini
797 2731 943 2791 conjectura,
956 2730 1078 2777 sententia
1090 2729 1144 2793 ipsa
1155 2745 1211 2793 pos-

104 2795 141 2840 10.
155 2794 253 2841 demum
264 2794 368 2842 adstruit
378 2813 384 2850 ;
402 2810 433 2842 ex
450 2795 501 2842 ictu
516 2810 640 2857 nunquam
674 2794 735 2842 tulst
748 2811 823 2841 mens:
846 2795 912 2842 hunc
931 2794 1019 2851 locum,
1037 2794 1067 2842 de
1085 2810 1133 2856 quo
1151 2793 1213 2841 nihil

101 2867 215 2905 nascetur
226 2858 273 2906 ista
288 2858 395 2917 libertas,
409 2859 472 2907 ictus
493 2859 583 2922 quippe
604 2868 641 2906 est
672 2858 827 2922 interpretes,
848 2858 970 2906 difficilem
992 2858 1112 2916 existimo,
1133 2868 1158 2906 et
1178 2857 1213 2906 ita

101 2922 139 2970 vis
151 2931 259 2980 externa,
272 2939 326 2984 quae
337 2923 457 2971 Libertati
474 2923 580 2971 maxime
597 2923 638 2970 ad·
673 2922 861 2985 explicandum
880 2923 919 2970 De
929 2923 1007 2970 nihilo
1022 2923 1083 2970 nihil
1100 2923 1136 2981 fit,
1154 2938 1213 2985 ergo

102 2994 221 3044 versatur,
245 2987 352 3045 Pondus,
369 2988 426 3035 licet
443 2987 476 3035 sit
492 2987 641 3051 principium
674 2987 787 3035 Libertas
810 2987 943 3035 voluntatis
965 3003 997 3034 ex
1019 2987 1100 3048 aliquo
1126 2987 1211 3044 oritur,

102 3059 183 3099 motus
200 3051 332 3109 internum,
350 3052 408 3099 dum
429 3060 510 3099 tamen
528 3051 641 3099 deorsum
674 3053 796 3114 quodnam
812 3067 871 3099 vero
887 3051 953 3100 istud
971 3051 1004 3099 sit
1016 3053 1067 3112 Jam
1086 3051 1211 3113 inquiren-

103 3115 187 3162 eodem
199 3131 296 3177 semper
306 3126 390 3164 tenore
400 3117 491 3172 tendat,
502 3131 551 3163 non
560 3115 642 3163 minus
674 3116 732 3164 dum
744 3125 794 3164 est:
819 3117 904 3163 Motus
921 3115 1042 3164 seminum
1059 3126 1096 3163 est
1112 3116 1211 3180 duplex,

101 3180 244 3228 adversatur
256 3180 381 3237 Libertati‚
394 3196 467 3243 quam
483 3179 537 3242 ipse
555 3181 638 3228 lctus:
672 3180 735 3228 alter
751 3180 869 3228 naturalis
886 3180 1006 3236 deorsum,
1024 3179 1066 3240 qui
1080 3195 1095 3226 a
1109 3182 1213 3227 Pondere

101 3243 153 3291 sola
169 3243 244 3306 igitur
264 3253 341 3292 restat
358 3243 504 3301 Declinatio,
523 3260 577 3305 quae
595 3260 641 3292 nec
673 3244 790 3307 procedit,
803 3245 865 3291 alter
876 3243 997 3292 violentus
1009 3259 1113 3300 sursum,
1125 3244 1167 3305 qui
1182 3244 1213 3291 ab

103 3317 170 3355 certo
182 3317 300 3370 tempore,
312 3324 357 3356 nec
369 3318 436 3356 certo
448 3308 502 3355 loco
516 3309 580 3356 facta
596 3325 640 3356 ne·
674 3311 726 3356 Ictu
733 3329 742 3363 ;
756 3311 807 3369 iam
819 3309 849 3355 ab
861 3311 913 3356 Ictu
925 3307 1006 3354 omnia
1023 3322 1073 3354 non
1090 3307 1144 3354 fieri
1160 3322 1211 3354 ma·

101 3372 240 3419 cessitatem
252 3371 331 3428 istam,
342 3388 414 3433 quam
423 3381 448 3419 et
460 3373 527 3419 Ictus
539 3382 564 3418 et
575 3372 641 3419 Pon·
674 3372 790 3420 nilestum
802 3381 845 3428 est,
864 3371 978 3433 quoniam
995 3370 1083 3432 aliquis
1100 3381 1180 3419 motus
1197 3387 1212 3419 a

102 3436 148 3483 dus
159 3436 286 3493 inducunt,
300 3435 382 3494 evitat,
395 3445 420 3483 et
430 3435 523 3498 rumpit
536 3435 580 3483 tati
596 3436 640 3484 foe-
675 3436 787 3482 Pondere
796 3435 917 3498 procedit;
935 3435 981 3482 iste
990 3443 1071 3482 autem
1082 3446 1161 3483 motus
1170 3435 1212 3498 qui

102 3500 169 3547 dera
674 3514 688 3546 a
700 3502 803 3547 Pondere
814 3499 930 3562 procedit,
941 3499 999 3546 dum
1008 3499 1040 3546 sit
1050 3499 1174 3557 naturalis,
1187 3509 1212 3548 et

136 3564 191 3612 286.
209 3562 296 3626 Nobis]
308 3564 329 3611 E
341 3571 399 3612 vett
410 3564 479 3612 codd
492 3563 639 3620 Lambinus'3
674 3563 759 3611 eodem
771 3578 868 3626 semper
878 3573 962 3611 tenore
975 3563 1077 3621 labatur,
1094 3567 1212 3613 libertati

104 3629 163 3676 dum
174 3628 216 3676 alii
227 3628 319 3693 legunt,
332 3631 390 3676 ollis.
409 3628 502 3685 Cicero,
517 3628 559 3676 lib.
573 3629 593 3676 I.
610 3628 640 3676 de
673 3644 723 3676 non
735 3627 812 3690 magis
828 3629 901 3686 favet,
920 3643 992 3690 quam
1011 3628 1064 3691 ipse
1082 3630 1162 3677 Ictus:
1179 3645 1211 3677 ne

103 3694 162 3742 Nat.
181 3694 307 3749 Deorum,
327 3693 456 3756 Epicurus,
474 3708 529 3741 cum
546 3692 641 3741 videret
673 3692 749 3755 igitur
759 3692 862 3750 animus,
872 3691 914 3754 qui
923 3709 955 3740 ex
963 3691 1096 3741 seminibus
1107 3701 1212 3751 constat,

102 3758 125 3806 si
135 3758 210 3806 atomi
222 3757 248 3805 in
265 3757 405 3805 inferiorem
421 3757 501 3805 locum
518 3757 641 3805 ferrentur
673 3756 818 3804 necessitate
838 3757 919 3819 aliqua
938 3757 1041 3814 interna,
1063 3757 1078 3805 i.
1098 3773 1118 3805 e.
1142 3767 1212 3806 motu

102 3832 188 3886 suopte
200 3822 315 3886 pondere,
328 3821 390 3869 nihil
401 3822 452 3869 fore
463 3821 489 3868 in
501 3831 585 3869 nostra
595 3838 639 3886 po·
673 3821 846 3883 quiaPondere
852 3821 963 3885 procedit
970 3821 1152 3879 determinetur,
1160 3822 1212 3870 sola

102 3896 198 3945 testate,
209 3886 274 3948 quod
283 3887 381 3934 illarum
392 3897 472 3934 motus
483 3894 548 3934 esset
558 3895 640 3934 certus
672 3895 754 3960 potest
764 3885 884 3934 seminum
896 3889 1028 3934 Declinatio
1042 3885 1144 3943 efficere,
1157 3902 1212 3949 quae

102 3965 128 3998 et
136 3951 294 4008 necessarius,
306 3951 402 3999 invenit
412 3953 600 4009 Declinationem‚
612 3959 641 3998 ut
671 3966 698 3998 rn
712 3949 805 3997 incerto
821 3949 881 4008 loco,
899 3951 993 3998 incerto
1010 3949 1084 3998 etiam
1100 3960 1211 4013 tempore

101 4016 165 4063 hanc
177 4015 346 4063 necessitatem
358 4015 482 4076 effugeret.
671 4015 742 4072 facta,
754 4013 820 4062 illius
832 4017 961 4063 Libertatis
972 4030 1045 4062 causa
1057 4030 1110 4062 esse
1121 4023 1211 4077 potest.

135 4079 190 4131 287.
207 4082 244 4127 De
255 4082 336 4127 Nitu'lo
349 4083 460 4140 quonism,
472 4076 528 4140 etc]
547 4080 578 4126 Id
595 4087 639 4136 est,
705 4081 759 4126 289.
779 4077 914 4142 Necessum]
936 4081 1034 4126 Necesse
1056 4087 1094 4126 est
1113 4092 1212 4134 nomen,

104 4158 143 4190 res
154 4159 203 4191 non
215 4144 278 4191 liunt
289 4159 321 4192 ex
332 4143 424 4200 Nihilo,
437 4143 494 4205 quia
504 4142 600 4206 pondus
617 4152 643 4191 et
674 4159 731 4191 nam
742 4159 852 4201 recessus,
864 4147 968 4199 accessis,
983 4145 1112 4198 necessitas,
1130 4151 1156 4188 et
1170 4157 1210 4187 ne-

104 4205 167 4254 ictus
176 4217 310 4256 atomorum
318 4208 343 4255 id
352 4207 496 4272 impediunt,
508 4216 534 4255 at
544 4207 640 4271 pondus
672 4225 758 4256 cessum
770 4207 861 4255 lectum
879 4216 929 4255 est:
957 4208 1069 4254 Donatus
1084 4205 1114 4254 ad
1131 4205 1169 4251 Sc.
1188 4205 1211 4251 5.

105 4277 130 4317 et
140 4269 204 4320 ictus
214 4280 350 4322 atomorum
360 4288 410 4322 non
419 4272 519 4331 faciunt,
532 4281 559 4321 ut
570 4271 640 4321 nobis
674 4273 728 4322 Act
741 4275 763 4320 5.
777 4271 892 4320 Eunuchi
902 4271 1000 4319 Terent
