2872 4852
231 241 293 306 136
608 236 651 300 T.
684 231 953 300 LUCRETII

312 395 403 459 Inter
420 415 466 470 se,
483 404 581 477 atque
596 413 694 455 unam
708 399 856 453 naturam
871 385 1032 452 conficere
1047 407 1089 449 ex
1105 409 1160 463 se;

314 497 381 560 Sed
398 495 506 579 Caput
520 516 593 560 esse
608 493 712 577 quasi,
728 502 763 555 et
778 489 936 554 dominari
949 488 984 551 in
998 509 1135 571 corpore
1151 499 1219 552 toto

251 612 297 658 140
312 596 501 674 Consilium,
517 597 606 681 quod
621 617 680 658 nos
697 592 863 667 Animum,
880 590 1093 675 Montemque
1108 613 1279 655 vocamus:

314 700 420 783 quue
435 700 532 763 situm
546 697 652 761 media
666 695 799 778 regione
814 694 846 757 in
862 694 1004 777 pectoris
1019 691 1132 757 lraeret.

313 801 379 866 Hic
394 799 537 864 exsultat
551 799 636 863 enim
652 796 770 873 Pavor,
787 795 975 860 acMetus:
999 794 1071 858 haec
1085 793 1157 858 loca
1171 794 1291 858 circum

314 903 455 968 Laetitiae
470 900 629 966 mulcent:
653 897 707 962 hic
723 920 802 982 ergo
818 896 917 961 Mens
932 895 1136 981 Animusque
1152 896 1201 960 'st

315 1004 444 1068 Gaetera
458 1025 535 1088 pars
550 1000 678 1066 Animae
693 1023 752 1084 per
767 1009 872 1063 totum
885 998 1001 1063 dissita
1015 1020 1134 1083 corpus

253 1121 297 1167 145
314 1108 432 1182 Paret3
455 1117 489 1169 et
504 1105 546 1168 ad
561 1124 679 1168 numen
696 1102 831 1177 Mentis,
847 1123 1039 1185 momenque
1054 1110 1219 1164 movetur:

314 1209 420 1293 quue
436 1207 498 1271 sibi
513 1204 618 1270 solum
631 1226 691 1288 per
706 1225 741 1267 se
758 1203 855 1288 sapit,
870 1213 904 1269 et
919 1203 981 1267 sibi
995 1203 1136 1286 gaudet;

314 1311 399 1375 Cum
413 1329 520 1392 neque
535 1330 587 1372 res
603 1304 767 1382 Animam,
783 1327 889 1388 neque
904 1304 1033 1389 Corpus
1048 1315 1227 1369 commovet
1241 1303 1316 1368 ulla.

317 1412 365 1476 Et
379 1411 472 1494 quasi
486 1431 560 1473 cum
576 1407 684 1491 Caput
699 1418 755 1471 aut
771 1406 908 1484 Oculus,
924 1416 1070 1470 tentante
1084 1406 1206 1482 dolore,

317 1513 468 1578 Laeditur
483 1512 517 1575 in
532 1509 638 1586 nobis,
654 1531 720 1573 non
735 1510 821 1574 omni
835 1509 1077 1574 concruciamur

254 1627 300 1674 160
315 1615 481 1699 Corpore:
507 1614 552 1676 sio
568 1610 707 1675 Animus
722 1632 953 1696 nonnunquam
967 1609 1098 1675 laeditur
1112 1612 1195 1694 ipse,

318 1715 513 1799 Laetitiaque
529 1715 628 1798 viget,
641 1735 717 1778 cum
730 1724 850 1778 caetera
864 1735 941 1797 pars
957 1711 1089 1777 Animai

317 1818 384 1884 Per
397 1817 553 1894 membra,
570 1826 669 1901 atque
684 1826 775 1880 artus
791 1814 878 1880 nulla
893 1815 1035 1880 novitate
1051 1816 1164 1880 cietur.

316 1920 442 1985 Verum
456 1920 514 1984 ubi
527 1919 711 1984 vehementi
726 1920 827 2003 magis
843 1928 895 1983 est
909 1928 1069 1983 commota
1082 1929 1171 1983 metu
1186 1918 1295 1995 Mens,

316 2022 509 2087 Consentire
525 2019 676 2085 Animam
691 2030 793 2085 totam
808 2042 868 2106 per
882 2021 1026 2085 membra
1041 2020 1187 2085 videmus
1199 2047 1207 2098 ;

254 2137 301 2183 166
318 2125 463 2188 Sudores
478 2125 589 2209 itaque
603 2133 637 2188 et
650 2122 805 2208 pallorem
820 2123 961 2187 existere
976 2131 1045 2186 toto

316 2227 476 2312 Corpore,
492 2237 526 2291 et
540 2225 672 2310 infringi
685 2224 838 2310 linguam,
854 2214 1030 2309 vocemque
1045 2225 1176 2302 aboriri,

316 2327 466 2414 Caligare
480 2328 602 2408 oculos,
618 2351 733 2394 sonere
748 2329 866 2408 aureis,
884 2329 1050 2393 succidere
1065 2338 1165 2392 artus.

360 2431 512 2516 Denique
528 2431 699 2496 concidere
714 2453 756 2495 ex
771 2431 882 2495 Animi
897 2442 1022 2495 terrore
1037 2431 1183 2495 videmus

316 2533 413 2618 Saepe
427 2534 585 2611 homines,
603 2532 697 2598 facile
712 2543 749 2598 ut
762 2534 867 2616 quivis
882 2533 959 2598 hino
975 2554 1110 2597 noscere
1125 2531 1240 2616 possit,

255 2644 301 2691 rto
317 2634 403 2698 Esse
413 2633 565 2698 Animam
573 2657 647 2700 cum
655 2633 773 2698 Animo
784 2635 1003 2719 conjunctam3
1020 2656 1095 2719 quae
1104 2657 1178 2700 cum
1187 2632 1298 2698 Animi
1306 2633 1338 2695 vi

318 2734 481 2799 Percussa
495 2736 546 2814 ‘st,
559 2738 635 2801 exin
650 2759 769 2821 corpus
785 2735 949 2821 propellit,
965 2747 999 2801 et
1011 2736 1077 2802 icit.

362 2835 446 2900 Haec
461 2838 575 2902 eadem
589 2839 672 2903 ratio
686 2848 835 2902 naturam
849 2836 970 2916 Animi,
986 2849 1084 2923 atque
1100 2836 1230 2903 Animal

231 3002 373 3062 diffusaeat,
383 3013 408 3052 et
416 3003 446 3052 ad
455 3013 542 3053 nutum
554 3005 639 3054 Animi
650 3015 768 3055 moretur.
802 3005 1006 3056 Lucretiauarum
1018 3023 1105 3056 vocum
1118 3015 1282 3064 conservator,
1295 3004 1337 3054 liu

232 3068 304 3118 Licet
316 3078 398 3117 tamen
411 3069 448 3117 illi
459 3070 611 3132 obsequatur,
624 3085 673 3119 non
685 3086 770 3120 omues
804 3071 855 3120 111.
873 3071 927 3119 adv.
945 3073 1045 3121 Gentes.
1069 3075 1102 3120 Et
1118 3073 1339 3134 quoniamquidem

232 3133 299 3182 illiue
308 3133 449 3184 affectiones
464 3135 546 3192 sentit,
559 3136 603 3183 sed
613 3136 770 3185 vehementes
800 3134 1010 3197 runtsoemr‘naram
1019 3141 1112 3200 generis
1121 3140 1225 3198 propria,
1236 3139 1339 3197 requitur

232 3206 340 3255 tautum3
358 3199 416 3247 hinc
425 3198 508 3247 dolore
520 3209 545 3247 et
556 3199 656 3248 tristitia
665 3200 770 3250 Animus
802 3209 830 3249 et
840 3218 879 3250 eae
891 3200 1040 3263 (Decetia)
1055 3218 1140 3264 quoque
1156 3204 1275 3250 meriamur
1291 3204 1337 3248 oir-

232 3263 407 3322 afficitur,cum
414 3264 569 3326 tranquillam
576 3273 672 3312 atatem
679 3266 771 3315 Anima
802 3270 912 3315 cumactir
926 3269 1052 3328 perreium
1068 3283 1122 3315 ruas
1141 3270 1253 3315 mercibus
1270 3267 1339 3328 leges,

233 3338 303 3392 agat:
329 3339 355 3377 at
371 3329 393 3378 ai
409 3345 498 3394 magno
514 3329 597 3378 dolore
613 3338 663 3377 tota
674 3328 771 3378 'Anima
796 3329 933 3394 fastidiosos
941 3335 1030 3390 durare,
1041 3339 1110 3394 etque
1120 3334 1205 3380 tatere
1213 3338 1339 3391 conceptus,

139 3431 142 3435 .
232 3404 407 3453 commovetur,
417 3395 551 3457 deliquium
568 3393 661 3459 patitur
672 3395 770 3454 animal,
803 3394 900 3453 aboriri,
910 3394 1021 3458 perferre,
1032 3404 1076 3445 etc.
1106 3395 1245 3458 Aliquando
1257 3404 1340 3443 tamen

232 3458 318 3505 necin
330 3467 383 3506 tuto
393 3458 448 3524 ipsa
459 3460 509 3508 vita
521 3471 564 3508 eat
594 3459 666 3508 Unde
677 3469 771 3510 certum
802 3461 859 3524 legi,
872 3464 965 3510 ιιὸοὶιή.

233 3529 272 3569 est
289 3521 406 3571 Animum
423 3540 477 3572 esse
493 3525 591 3572 Anima
607 3526 771 3586 conjunctum,
838 3525 891 3577 157.
904 3528 1000 3590 Sonare]
1020 3526 1059 3574 Ita
1072 3525 1178 3573 Accius:
1196 3528 1273 3586 Atque
1282 3525 1340 3572 adeo

232 3585 349 3647 quoniam
360 3598 443 3636 movet
454 3588 571 3637 Animam
583 3598 608 3637 et
618 3590 649 3637 ab
665 3589 708 3637 illo
724 3590 770 3638 im·
803 3593 1131 3652 odommnereaeariregics.
1153 3588 1260 3636 Ennius:
1282 3591 1340 3636 Tum

253 3648 305 3697 ulsa
326 3650 416 3699 Anima
434 3653 530 3715 Corpus
553 3653 626 3701 etiam
648 3654 770 3717 propellit
802 3657 878 3717 clypei
894 3661 1054 3711 resonuntet
1064 3653 1128 3715 fem*
1144 3655 1339 3701 stridetacumea

264 3728 299 3766 rec
314 3714 403 3773 omnia,
416 3731 438 3763 v.
452 3718 490 3763 25.
525 3717 573 3764 Pro
584 3717 705 3778 conjuncta
716 3719 769 3780 qui·
803 3719 933 3767 Lucretius
943 3718 1015 3776 infra,
1028 3734 1049 3766 v.
1063 3718 1118 3765 886.
1142 3720 1206 3766 Scire
1222 3719 1283 3776 licet,
1296 3735 1340 3766 non

233 3777 291 3825 dam
303 3778 372 3825 codd.
385 3782 509 3827 coccinata.
538 3779 692 3843 Δημόκριτος,
704 3781 769 3829 Ἐπί·
801 3787 914 3831 sincerum
925 3797 1019 3831 sonere.

236 3858 324 3904 eorpus,
336 3844 417 3904 διμερῆ
428 3843 569 3904 valamir,
580 3846 610 3892 τὸ
618 3843 662 3903 μὲν
671 3845 772 3906 λογικὸν
837 3847 891 3894 161.
914 3845 989 3908 Exin]
1009 3845 1060 3893 Seu
1079 3849 1160 3894 taliae
1179 3845 1228 3909 legi
1251 3856 1339 3910 potest,

236 3903 342 3967 Ιχουσαν
359 3907 384 3953 ἐν
398 3907 434 3967 τῷ
450 3906 535 3969 θώρακι
552 3905 724 3969 καθιδρυμένον,
741 3909 770 3958 τὺ
802 3910 871 3959 nullo
882 3926 941 3959 vero
951 3911 1024 3959 modo
1034 3917 1109 3959 extra.

234 3967 262 4018 δὲ
272 3968 365 4030 ἄλογον
379 3972 430 4018 καθ’
448 3970 510 4029 ὅλην
525 3970 571 4029 τὴν
587 3969 712 4033 σύγκρισιν
727 3976 772 4022 τοῦ
838 3976 892 4023 162.
915 3978 974 4025 Hac
989 3977 1068 4024 eadem
1083 3978 1151 4033 ratio,
1169 3975 1226 4037 eta]
1244 3976 1339 4024 Eodem

235 4032 531 4109 (όμιτιιςδιεστιιρμέιον.
556 4035 701 4085 Plutarchus
712 4037 768 4087 Pla·
801 4049 946 4103 argumento
968 4039 1061 4104 probat,
1082 4054 1104 4088 v.
1127 4039 1150 4091 7.
1172 4040 1290 4088 Animum
1314 4049 1340 4088 et

234 4107 275 4147 ort.
289 4098 351 4147 Phu.
363 4098 404 4146 hb.
418 4099 464 4146 lv.
477 4116 497 4148 c
510 4101 533 4147 4.
683 4149 685 4156 ,
803 4103 919 4154 Animam
936 4120 989 4153 cere
1006 4105 1136 4166 corporea
1151 4114 1258 4154 natura:
1280 4104 1339 4152 dum

270 4164 322 4238 liti.
354 4165 476 4226 Vocemque
502 4163 603 4227 aboriri]
634 4165 674 4214 lta
700 4166 768 4214 codd„
803 4168 909 4218 Animus
928 4178 1010 4218 movet
1028 4169 1152 4228 Animam,
1170 4168 1237 4216 illam
1256 4178 1341 4232 tangat

234 4227 334 4277 Aborrri
353 4243 411 4278 vero
427 4228 527 4294 proprie
547 4230 658 4278 abortum
676 4230 769 4287 lacerer
800 4247 901 4282 necesse
917 4243 964 4292 eat,
981 4234 1040 4282 dum
1058 4233 1148 4283 Anima
1163 4234 1262 4297 Corpus
1281 4248 1338 4296 pro-

235 4293 341 4342 Nom'ar:
367 4307 444 4357 eaque
464 4309 524 4343 voce
547 4293 625 4343 utitur
645 4295 770 4346 Arnobiue
802 4297 880 4360 pellit,
893 4297 928 4349 ibi
944 4298 1019 4348 etiam
1034 4307 1175 4354 contecmar
1192 4308 1218 4347 at
1236 4301 1340 4361 Tangere
