2872 4852
149 256 214 324 336
531 255 573 319 Τ.
608 249 881 320 LUCRETll
922 265 923 268 ’

237 415 378 491 Semina,
397 402 463 476 sive
480 410 626 488 AEstum,
641 414 698 496 qui
714 410 847 475 discutit
863 409 954 475 Aera
969 411 1093 496 plagis3

236 515 326 580 Inter
341 514 398 600 qui
413 507 583 598 Lapidem,
599 512 802 597 Ferrumque
818 513 858 576 ’st
873 535 1002 597 cunque
1016 513 1153 580 locatus.

237 619 313 682 Hoc
328 618 385 681 ubi
402 617 543 680 inanitur
560 615 711 700 spatium,
727 614 914 699 multusque
928 614 1046 681 vacefit

238 720 277 785 In
291 719 399 783 medio
413 718 524 782 locus:
548 715 712 801 extemplo
727 718 904 801 primordia
918 717 1012 780 Ferri

84 830 88 838 '
164 822 278 887 1005111
294 844 429 886 vacuum
446 818 600 905 prolapsa
615 820 737 883 cadunt
752 820 936 903 conjuncta,
952 818 992 884 fit
1005 829 1107 903 utque

238 923 389 989 Annulus
405 923 475 1007 ipse
492 932 658 1006 sequatur,
674 932 793 1005 eatque
809 923 854 985 ita
869 943 1005 1006 corpore
1019 932 1099 986 toto.

237 1026 312 1090 Nec
327 1048 379 1090 res
395 1024 460 1090 ulla
474 1026 576 1110 magis
592 1025 787 1110 primoribus
802 1046 844 1088 ex
860 1023 1026 1088 elementis

238 1128 437 1214 indupedita
453 1129 520 1191 suis
536 1137 624 1191 arcte
642 1148 789 1192 connexa
804 1126 959 1204 oohaeret,

238 1231 346 1304 Quam
363 1230 459 1294 validi
474 1230 566 1294 Ferri
582 1241 707 1294 naturae
722 1229 861 1313 frigidus
876 1229 1004 1293 horror.

164 1346 226 1394 1010
239 1334 316 1407 Quo
331 1335 434 1398 minus
451 1343 502 1398 est
517 1334 642 1411 mirum,
657 1332 747 1417 quod
763 1331 872 1416 paullo
888 1332 1028 1396 diximus
1045 1342 1131 1408 ante,

238 1436 386 1522 Corpora
401 1438 427 1501 si
443 1447 611 1521 nequeunt
626 1436 667 1500 de
683 1435 785 1499 Ferro
801 1434 895 1520 plura
911 1445 1023 1499 coorta

238 1538 277 1603 In
292 1562 429 1604 vacuum
444 1538 531 1616 ferri,
548 1539 626 1622 quin
642 1535 795 1601 Annulus
810 1537 881 1621 ipse
897 1546 1071 1620 sequatur:

238 1641 340 1714 Quod
356 1640 443 1717 facit,
459 1650 493 1704 et
508 1641 655 1724 sequitur
670 1640 774 1704 donec
789 1639 938 1724 pervenit
950 1638 992 1703 ad
1007 1639 1114 1723 ipsum

238 1741 314 1806 Jam
329 1742 500 1827 Lapidem,
517 1743 676 1826 caecisque
691 1743 725 1804 in
739 1763 778 1805 eo
793 1743 1005 1827 compagibus
1021 1741 1126 1806 haesit.

166 1857 227 1904 1015
240 1844 316 1910 Hoc
330 1845 368 1909 fit
384 1844 462 1909 item
476 1855 609 1908 cunctas
625 1845 658 1907 in
673 1847 807 1928 parteis,
824 1844 911 1908 unde
928 1844 1044 1908 vacelit

240 1947 378 2031 Cunque
392 1945 494 2023 locus,
512 1946 578 2010 sive
594 1969 635 2010 ex
651 1957 847 2024 transverso,
865 1947 931 2010 sive
947 1968 1107 2030 superne;

238 2049 387 2134 Corpora
401 2049 554 2112 continuo
569 2049 602 2111 in
618 2071 755 2114 vacuum
768 2050 871 2113 vicina
885 2049 1049 2112 feruntur:

238 2152 373 2236 Quippe
389 2151 554 2236 agitantur
568 2152 653 2215 enim
665 2150 769 2236 plagis
786 2151 927 2228 aliunde,
943 2174 1003 2215 nec
1018 2152 1090 2234 ipsa

192 2250 198 2259 ’
238 2253 363 2338 Sponte
380 2275 439 2317 sua
455 2275 583 2316 sursum
597 2265 737 2344 possunt
751 2275 947 2337 consurgere
963 2255 1117 2317 inauras.

165 2367 227 2416 1020
282 2356 360 2421 Huc
375 2356 502 2422 accedit
516 2356 605 2432 item,
621 2369 722 2440 quare
737 2366 837 2440 qu'eat
851 2356 885 2419 id
900 2356 1002 2440 magis
1018 2379 1108 2420 esse:

238 2463 260 2493 “
277 2457 361 2523 Haec
376 2480 506 2543 1111011110
520 2450 574 2521 res
591 2457 789 2543 adjumento,
806 2468 963 2542 motuque
976 2459 1127 2543 juvatur:

239 2559 339 2632 Quod
356 2559 450 2624 simul
465 2582 484 2623 a
498 2558 606 2623 fronte
621 2568 672 2623 est
687 2557 819 2623 Annelli
833 2559 937 2623 rarior
953 2557 1024 2623 Aer

238 2661 371 2739 Factus,
387 2663 593 2746 inanitusque
608 2661 700 2726 locus
716 2663 818 2746 magis
833 2683 871 2726 ac
887 2672 1061 2726 vacuatus:

239 2763 401 2828 Continuo
416 2764 465 2841 fit,
481 2765 529 2828 uti
544 2764 600 2849 qui
615 2774 691 2847 post
705 2773 756 2827 est
771 2785 898 2847 cunque
910 2761 1036 2828 locatus

165 2875 227 2922 1025
240 2861 322 2941 Aer,
338 2887 357 2927 a
372 2876 466 2949 tergo
480 2867 574 2948 quasi
589 2864 748 2949 provehat
763 2876 861 2949 atque
878 2864 1056 2950 propellat;

239 2965 376 3050 Semper
391 2966 475 3030 enim
490 2967 611 3030 circum
625 2966 751 3049 positus
768 2988 819 3030 res
835 2969 986 3032 verberat
1001 2967 1083 3032 Aer.

239 3068 307 3132 Sed
323 3066 380 3131 tali
394 3067 433 3132 fit
448 3069 496 3133 uti
512 3067 675 3152 propellat
689 3079 834 3154 tempore
849 3069 997 3148 Ferrum,

238 3172 338 3236 Parte
353 3172 442 3256 quod
456 3193 499 3236 ex
513 3194 578 3235 una
595 3172 733 3256 spatium
749 3182 853 3249 vacat,
869 3183 903 3237 et
918 3175 1004 3257 capit
1019 3174 1053 3236 in
1068 3194 1114 3237 se.

239 3274 315 3353 Hic,
332 3275 399 3353 ubi,
415 3297 511 3360 quem
526 3297 679 3351 memoro,
695 3297 755 3358 per
770 3276 885 3339 crebra
899 3275 1055 3340 foramina
1070 3275 1164 3341 Ferri
1178 3277 1220 3341 ’st

186 3493 255 3541 1015.
268 3493 493 3556 111011τὶ10110οᾷ
506 3493 620 3556 Quinque
632 3508 686 3541 ver·
720 3494 775 3542 aere
791 3492 919 3550 exteriore,
932 3491 1040 3554 quicum
1054 3506 1151 3554 semper
1162 3500 1259 3554 urgeat,

150 3557 607 3621 susquisequunturadexplicationem
616 3557 688 3606 modo
720 3557 1260 3620 eturgeatvehementiusquaexpartecopio-

150 3621 308 3683 propositam,
321 3622 431 3683 quamvis
442 3622 468 3669 id
479 3621 569 3670 sentiat
580 3623 686 3669 Gassen-
720 3620 770 3669 sior
777 3632 822 3680 est,
832 3638 880 3670 non
889 3622 967 3686 possit
974 3638 1022 3670 non
1031 3621 1157 3685 impellere
1163 3620 1259 3670 serrum

151 3685 204 3741 dus,
221 3684 345 3747 pertinere
361 3701 410 3732 non
422 3686 549 3734 existimo:
568 3685 603 3733 ibi
620 3685 687 3733 enim
719 3685 745 3732 in
754 3702 827 3748 quam
833 3696 929 3750 partem
941 3698 979 3736 est
989 3686 1085 3750 parcior
1097 3702 1140 3734 seu
1151 3686 1259 3745 inanior,

151 3764 197 3813 per
206 3748 300 3796 semina
311 3763 324 3796 e
336 3749 400 3797 ferro
411 3749 437 3797 in
448 3750 528 3798 locum
541 3764 644 3798 vacuum
656 3750 686 3797 ab
718 3759 803 3814 utpote
810 3766 895 3799 versus
901 3751 981 3814 ipsum
989 3761 1133 3816 magnetem.
1150 3750 1258 3810 Deinde,

151 3811 256 3862 effluviis
267 3813 387 3875 magnetis
398 3812 487 3862 factum
499 3813 637 3862 exsilientia
649 3823 686 3861 to·
719 3830 741 3862 v.
752 3818 773 3863 8.
784 3815 857 3863 etiam
867 3817 896 3864 ab
905 3816 1029 3875 interiore,
1039 3817 1080 3879 qui
1090 3815 1143 3880 pari
1152 3815 1259 3876 ratione,

151 3887 177 3927 ta
193 3893 233 3926 res
250 3876 346 3938 agitur3
372 3877 398 3924 in
415 3877 453 3925 his
474 3886 556 3926 autem
576 3877 686 3927 versibus
718 3895 774 3927 cum
786 3895 882 3944 semper
890 3881 972 3944 agitet,
980 3890 1137 3939 commoveat,
1148 3881 1257 3943 compel-

149 3957 251 4007 corpora
260 3940 348 3989 ictibus
354 3940 380 3987 in
387 3956 490 3989 vacuum
496 3943 684 4005 protruduntur:
719 3942 760 4000 lat,
768 3945 1141 4009 nonpossitnoninderemotum
1150 3945 1257 4007 inquam

149 4007 253 4070 ideoque
274 4021 330 4054 cum
346 4004 503 4068 sequentibus
520 4005 611 4055 rectius
627 4022 685 4055 con·
718 4018 813 4072 partem
825 4010 931 4074 spatium
943 4021 980 4059 est
991 4011 1088 4059 inanius
1099 4010 1230 4059 redditum.

146 4071 219 4136 jungi
230 4077 339 4135 possunt.
753 4073 823 4121 1021.
840 4077 899 4123 Hac
907 4091 992 4136 quoque
1001 4091 1038 4121 ret
1047 4073 1191 4137 ocijumento]
1205 4075 1257 4125 Hic

184 4138 253 4185 1020.
266 4137 320 4184 Huc
331 4136 420 4182 00001111
432 4137 494 4190 item,
506 4133 564 4196 eto]
577 4135 684 4184 Conten-
718 4152 803 4186 versus
820 4137 879 4186 mihi
897 4148 1024 4202 suspectus
1041 4149 1086 4198 est,
1099 4139 1172 4202 longe
1188 4139 1257 4188 enim

149 4201 285 4251 ditmotum
292 4199 350 4248 ferri
358 4197 466 4261 adjuvari
476 4199 506 4246 ab
514 4201 577 4256 1010,
586 4200 617 4248 011
624 4214 682 4248 0011-
717 4203 785 4250 abest
797 4203 827 4250 ab
839 4201 959 4264 elegantia
971 4203 1125 4264 Lucretiana,
1138 4213 1210 4267 atque
1226 4220 1257 4253 00

148 4265 372 4329 tinuarnquandum
381 4263 453 4313 istius
461 4262 594 4317 motionem
605 4264 682 4328 agita-
716 4267 826 4315 detracto
848 4266 910 4314 nihil
936 4267 966 4316 de
993 4268 1116 4317 sententia
1143 4269 1254 4318 decedit:

149 4331 295 4394 tionemque.
314 4328 643 4394 Etprimumquidem,v.l2.
654 4330 683 4378 ab
717 4332 849 4380 1111111111.
877 4330 1013 4382 Palmarius
1024 4332 1091 4397 legit,
1103 4335 1236 4383 molimento.
