2872 4852
487 253 656 319 ursus
684 222 916 322 saurus

231 410 314 478 Inde
328 409 438 475 videre
452 408 538 487 licet,
554 407 659 494 qualis
670 410 738 495 jam
752 411 819 476 vita
834 423 1000 497 sequatur.

231 514 340 588 Quam
354 512 485 597 quidem
499 524 536 577 ut
551 536 570 576 a
585 513 679 578 nobis
696 512 796 577 Ratio
810 515 977 580 verissima
990 513 1086 601 longe

180 625 213 672 80
231 615 383 700 Rejiciat,
400 636 584 698 quanquam
600 623 677 678 sunt
691 637 709 678 a
722 637 773 680 me
788 615 889 680 multa
900 616 1040 702 profata,

229 716 339 782 Multa
352 726 459 782 tamen
474 726 609 794 restant,
625 726 660 781 et
675 727 751 782 sunt
766 718 911 782 amanda
925 718 1034 803 politis

228 817 401 896 Versibus,
417 830 451 883 et
465 819 548 883 ratio
564 817 659 895 Coeli,
676 819 868 904 speciesque
883 822 1035 887 tenenda.

227 920 313 985 Sunt
328 921 569 1006 Tempestates,
585 930 619 983 et
633 917 781 984 Fulmina
796 919 883 985 clara
896 921 1055 1001 canenda,

226 1020 318 1095 Quid
332 1021 462 1098 faciant,
479 1032 513 1085 et
528 1043 593 1104 qua
607 1021 650 1084 de
665 1043 764 1086 causa
778 1043 917 1107 quaeque
933 1022 1097 1090 ferantur:

175 1135 207 1182 85
225 1123 281 1189 Ne
297 1124 441 1208 trepides
455 1121 530 1188 coeli
545 1122 655 1186 divisis
670 1124 819 1207 partibus
833 1145 954 1202 amens,

227 1225 326 1290 Unde
340 1224 452 1289 volans
467 1223 557 1308 Ignis
572 1224 768 1309 pervenerit,
785 1235 841 1289 aut
856 1225 889 1289 in
904 1236 1011 1290 utram
1026 1250 1061 1292 se

226 1328 373 1393 Verterit
386 1327 461 1392 hinc
476 1337 603 1411 partem
615 1352 623 1403 ;
646 1349 712 1410 quo
726 1337 823 1411 pacto
837 1349 898 1412 per
912 1314 983 1392 loca
999 1341 1094 1415 septa

224 1427 411 1506 Insinuirit,
427 1438 461 1493 et
476 1428 551 1493 hinc
567 1428 751 1492 dominatus
766 1438 804 1492 ut
819 1425 973 1494 extulerit
989 1453 1044 1496 se:

224 1532 374 1606 Quorum
389 1553 525 1616 operum
539 1553 654 1596 causas
669 1529 758 1594 nulla
772 1531 897 1596 ratione
912 1532 1025 1598 videre

176 1649 208 1696 90
225 1635 380 1712 Possunt,
396 1657 435 1699 ac
449 1633 522 1697 fieri
537 1632 658 1697 Divino
672 1633 802 1697 numine
818 1644 943 1699 rentur.

267 1736 324 1801 Tu
338 1736 417 1800 mihi
432 1758 592 1821 supremae
608 1735 801 1820 praescripta
815 1736 857 1800 ad
870 1737 1010 1802 candida
1024 1736 1122 1806 calcis

226 1839 379 1903 Currenti
395 1839 535 1922 spatium
549 1848 763 1922 praemonstra
777 1836 894 1902 callida
909 1838 1021 1917 Musa,

224 1940 382 2026 Calliope,
398 1940 527 2025 requies
543 1939 733 2016 Hominum,
749 1937 937 2025 Divrimque
952 1940 1121 2027 voluptas:

221 2042 273 2106 Te
288 2044 371 2107 duce
387 2053 425 2106 ut
438 2041 598 2125 insignem
612 2041 738 2125 capiam
753 2061 827 2104 cum
841 2039 938 2106 laude
954 2065 1115 2108 coronam.

172 2158 203 2204 95
263 2144 440 2227 Principio,
456 2142 599 2206 Tonitru
613 2142 803 2224 quatiuntur
818 2141 937 2205 caerula
950 2142 1036 2220 coeli,

222 2246 404 2329 Propterea
419 2243 495 2326 quia
509 2229 708 2307 concurrunt
724 2241 860 2307 sublime
875 2243 1021 2308 volantes

222 2346 385 2411 AEtheriae
397 2343 517 2408 Nubes
532 2353 645 2408 contra
659 2343 874 2428 pugnantibu'
888 2342 1025 2408 Ventis:

221 2448 296 2513 Nec
310 2447 350 2511 fit
363 2447 448 2510 enim
464 2446 588 2510 sonitus
603 2446 678 2510 coeli
694 2446 735 2509 de
749 2458 843 2530 parte
859 2468 985 2523 serena,

221 2551 346 2615 Verum
361 2548 547 2633 ubicunque
560 2549 662 2632 magis
678 2548 781 2614 denso
796 2559 872 2614 sunt
887 2549 1014 2633 agmine
1029 2548 1159 2627 Nubes,

167 2761 206 2813 79.
221 2764 292 2810 Ratio
300 2760 431 2825 aerumma]
442 2760 544 2825 Epicuri
553 2759 671 2818 doctrina
704 2759 763 2809 licet
793 2759 908 2824 colligere
942 2760 1085 2810 Lucretium
1117 2774 1242 2822 uunquam

134 2843 188 2888 quae
208 2825 297 2874 rationi
313 2836 477 2875 consentanea
496 2835 540 2885 est,
560 2834 585 2874 et
602 2841 672 2875 veras
704 2824 787 2889 plures
804 2841 875 2887 quam
893 2841 936 2874 sex
953 2825 1028 2874 libros
1044 2825 1119 2873 fuisse
1137 2824 1240 2873 medita-

133 2907 215 2939 rerum
227 2907 312 2940 causas
323 2891 437 2954 explicat.
704 2899 764 2947 turn,
775 2892 826 2951 jam
844 2890 909 2938 enim
926 2899 1042 2954 properat
1058 2893 1090 2938 ad
1102 2893 1242 2952 pramipta

166 2958 204 3004 80.
222 2954 396 3019 Prqsata]Alii
397 2959 525 3018 ,prosecta
703 2958 1013 3016 candidasupremoecalcis.

165 3024 204 3069 82.
221 3024 292 3069 Ratio
310 3023 375 3079 Caeli,
391 3019 532 3100 speciesque]
551 3019 586 3068 Ut
604 3035 669 3083 saepe
736 3021 774 3069 95.
792 3022 918 3081 Principio,
935 3022 1039 3078 Tcuilrm
1056 3018 1113 3083 eta]
1132 3021 1171 3068 De
1187 3034 1240 3068 me·

132 3085 199 3142 alibi,
223 3089 322 3134 Nature
349 3090 442 3147 species,
465 3090 576 3148 ratioque.
617 3085 669 3132 Alii
702 3083 776 3132 teoris
798 3084 967 3148 disputaturus
989 3101 1004 3133 a
1026 3084 1119 3133 tonitru
1144 3083 1240 3160 incipit,

132 3121 204 3198 aliani
221 3161 356 3212 sequuntur
369 3151 506 3207 lectionem,
518 3165 615 3213 nempe,
627 3166 667 3196 ra·
702 3148 766 3210 quod
784 3150 851 3197 varie
871 3149 992 3212 explicat:
1014 3158 1039 3197 et
1058 3149 1165 3212 primum
1184 3148 1239 3212 qui-

132 3218 164 3262 tto
186 3220 291 3277 superum
319 3218 427 3276 coelique:
457 3215 551 3278 Supera
578 3224 668 3272 autem,
702 3213 765 3271 dem,
775 3229 797 3261 v.
810 3215 846 3260 12.
857 3213 901 3261 lit
894 3224 940 3261 rste
952 3229 1026 3262 sonus
1038 3229 1094 3262 cum
1106 3214 1184 3262 nubes
1195 3213 1238 3262 ad

133 3280 252 3328 Meteora.
279 3279 411 3328 Etehhro
422 3295 502 3342 primo
514 3279 667 3336 confirmant
701 3293 779 3325 versis
791 3277 870 3326 venus
882 3277 994 3341 rmpulsae
1005 3276 1169 3333 colliduntur
1187 3278 1239 3327 haec

134 3347 278 3405 Quapropter
297 3347 418 3392 benacum
438 3343 533 3406 superis
553 3346 581 3391 de
601 3346 669 3391 rebus
700 3341 748 3395 fuit
760 3342 903 3399 Stoicorum,
915 3341 1059 3398 Democriti,
1071 3312 1173 3390 alioruui
1184 3342 1237 3417 opi·

130 3411 235 3456 habenda
246 3411 320 3456 Nobis
331 3416 365 3455 est
376 3411 443 3456 ratio.
701 3405 750 3463 nio,
763 3415 787 3453 et
804 3407 824 3454 si
842 3377 973 3454 hodiernos
990 3406 1152 3482 Philosophus
1168 3407 1237 3455 audi·

164 3475 202 3520 84.
224 3475 275 3524 Qua
291 3476 319 3520 de
336 3489 405 3520 causa
422 3470 527 3534 quaque]
546 3470 604 3528 Alii,
621 3488 667 3533 qua
700 3486 776 3527 arnus,
789 3469 934 3519 estveritati
947 3471 1071 3533 proxima.
1090 3470 1237 3534 siquisvero

130 3539 344 3598 mcazcsacuaque.
699 3505 798 3596 objiciat
817 3535 895 3583 nubes
914 3550 981 3582 raras
1002 3551 1063 3594 esse,
1082 3534 1194 3611 ideoque
1206 3537 1237 3586 ad

163 3604 201 3649 85.
228 3603 287 3649 Caeli
299 3605 379 3649 divisis
394 3599 515 3663 partibus]
535 3601 592 3647 Hoc
609 3615 666 3662 per·
699 3599 914 3648 tantumsonitum
927 3599 1048 3648 edendum
1066 3600 1171 3649 maxime
1188 3600 1236 3649 ini·

130 3676 193 3714 truet
201 3667 400 3714 adEtruscorum
409 3665 571 3729 disciplinam
581 3665 611 3712 de
620 3681 668 3727 qua
699 3663 804 3719 doneas;
823 3664 961 3722 dicendum,
973 3664 1038 3727 quod
1054 3664 1111 3713 licet
1126 3665 1236 3729 lapidum

129 3730 243 3789 Cicero,
236 3747 262 3779 ιιι
275 3731 311 3779 11.
324 3731 365 3780 111)
377 3730 408 3779 de
420 3730 530 3779 Divinat
544 3731 651 3778 Coelam'
642 3746 667 3777 m
699 3737 742 3777 eut
759 3699 820 3791 ligiri
840 3698 986 3776 densitatem
1005 3745 1055 3778 non
1074 3740 1179 3792 aequant,
1197 3739 1234 3780 ta·

128 3800 174 3846 avi.
190 3804 270 3858 parler
286 3799 413 3843 diuiserunt
429 3798 540 3850 Etrusci,-
550 3793 625 3856 facile
641 3797 667 3842 id
698 3809 755 3841 meu
767 3809 816 3841 non
828 3793 889 3841 adeo
899 3808 961 3841 rarae
972 3803 1036 3853 sunt,
1048 3810 1107 3856 qum
1124 3795 1194 3844 nives
1210 3804 1236 3844 et

128 3864 219 3923 quidem
233 3861 285 3924 suit
304 3869 402 3922 quatuor
421 3877 478 3923 quos
499 3876 538 3907 noe
559 3861 666 3908 hahemus
697 3857 1001 3920 grandinemcohiberent.

128 3929 254 3988 duplicare,
264 3929 388 3987 postidem
402 3929 484 3972 ilerum
494 3923 583 3985 secere,
595 3931 622 3970 ul
637 3940 666 3972 esc
731 3925 769 3971 98.
794 3922 1240 3986 Coelideparteserena]1denim.

127 4008 153 4038 eo
164 3988 360 4051 diceremsulmcn
371 4006 416 4050 qua
428 4006 456 4036 ea
465 3997 532 4050 parte
543 3991 647 4036 cenaret.
697 3989 820 4050 negabant
840 3987 964 4062 Epicurei,
981 3987 1085 4050 ideoque
1106 3987 1233 4047 Horatius,

161 4057 199 4103 91.
217 4058 358 4116 Proescra'pta
370 4056 402 4101 ad
413 4056 512 4101 candida
523 4051 605 4114 calcis]
620 4053 664 4100 Se·
697 4051 859 4100 insanientem
877 4051 949 4100 istam
966 4052 1117 4116 Sapientiam
1133 4051 1233 4100 relictu-

128 4133 194 4192 pecc,
208 4119 287 4182 Epist.
302 4121 339 4167 19
351 4118 423 4167 docet
440 4134 492 4166 eam
510 4133 582 4179 quam
599 4133 664 4165 nuuc
697 4132 747 4175 rus,
759 4117 811 4164 haec
828 4116 908 4175 habet,
921 4116 962 4165 lib.
977 4117 996 4165 Ι.
1011 4117 1057 4165 Od
1070 4119 1109 4164 34.
1127 4118 1233 4176 Namque

127 4182 154 4230 in
174 4182 245 4231 Circo
264 4192 346 4232 metam
366 4183 451 4231 dicunt
472 4182 561 4239 Latini,
580 4185 664 4230 calcem
698 4152 816 4243 Diespiter
839 4184 893 4244 1ςηί
916 4199 1006 4230 corusco
1027 4184 1107 4228 nubila
1129 4183 1233 4228 dividens

127 4245 239 4308 antiquos
255 4249 398 4312 appellasse,
410 4263 467 4310 qma
476 4264 522 4298 vrz
535 4217 591 4295 filiis
607 4262 662 4295 cur-
695 4249 840 4308 Plerumque,
863 4261 908 4309 per
929 4261 1018 4309 purum
1043 4251 1146 4292 tonantes
1173 4246 1232 4308 Egit

127 4309 198 4359 nauh
210 4327 275 4376 sape
286 4316 347 4363 calce
364 4322 496 4362 notaretur.
527 4311 593 4361 Hrnc
605 4327 663 4361 vero
696 4329 763 4373 equos
774 4315 927 4373 volucremque
938 4325 1037 4368 currum,
1048 4316 1091 4357 etc
