2872 4852
455 257 626 329 urnnn
655 244 880 326 sux‘rus'.
1143 235 1218 327 ‘311

200 416 325 481 Indicia
338 417 473 482 occultae
491 416 610 480 Divdm
624 418 814 502 perquirere
830 419 957 496 mentis,

202 518 302 584 Unde
317 518 428 585 volans
443 520 533 604 Ignis
548 521 744 604 pervenerit,
760 530 817 583 aut
830 521 864 583 in
880 530 988 584 utram
1003 542 1037 584 se

202 622 350 686 Verterit
363 621 417 686 hic
432 633 569 707 partem,
585 646 651 707 quo
666 634 764 708 pacto
777 644 838 707 per
851 621 923 687 loco
939 632 1033 707 septa
1128 675 1130 677 .

200 718 387 801 Insinudrit,
404 733 437 788 et
451 724 526 789 hinc
542 725 725 789 dominatus
740 737 777 789 ut
791 723 944 789 extulerit
961 746 1007 801 se,
1071 749 1073 753 ·

137 837 184 884 385
203 819 334 898 Quidre
349 847 466 891 nocere
481 837 581 911 queat
595 828 636 891 de
652 826 735 892 coelo
751 826 890 891 fulminis
906 826 1002 890 ictus.

245 927 346 1001 Quod
362 927 390 990 si
401 927 533 1012 Jupiter
548 938 645 1012 atque
661 927 715 993 alii
729 927 885 1012 fulgentia
902 927 968 991 divi

201 1029 363 1094 Terrifico
378 1031 528 1113 quatiunt
543 1031 651 1094 sonitu
664 1028 810 1095 coelestia
824 1026 957 1112 templa,

202 1130 250 1195 Et
259 1131 386 1215 jaciunt
400 1132 515 1216 igneis,
530 1153 596 1215 quo
610 1131 727 1216 cuique
741 1130 781 1194 'st
797 1151 935 1215 cumque
949 1128 1112 1215 voluptas,

202 1231 281 1309 Cur,
297 1233 416 1316 quibus
430 1234 596 1297 incautum
611 1231 716 1297 scelus
732 1231 910 1297 aversabile
925 1254 1063 1317 cumque
1077 1239 1128 1309 ’st,

137 1346 185 1394 000
202 1334 283 1398 Non
298 1332 431 1411 faciunt,
446 1334 502 1398 icti
516 1334 659 1399 flammas
675 1344 712 1398 ut
727 1333 880 1419 Fulguris
896 1332 1008 1399 halent

201 1435 341 1501 Pectore
356 1435 495 1520 perfixo,
512 1435 671 1500 documen
686 1435 875 1500 mortalibus
891 1439 989 1501 acret

202 1537 248 1601 Et
262 1537 372 1622 potius
387 1536 484 1602 nullae
500 1537 561 1602 sibi
576 1539 680 1625 turpis
696 1539 837 1603 consciu’
852 1539 899 1604 rei

200 1639 353 1705 Volvitur
367 1641 400 1704 in
415 1639 550 1704 flammis
566 1641 728 1717 innoxius,
742 1642 841 1724 inque
856 1641 1000 1725 peditur,
1069 1689 1070 1692 ,

204 1743 353 1807 Turbine
368 1741 494 1807 coelesti
509 1744 617 1808 subito
632 1753 808 1828 conreptus
823 1752 857 1808 et
871 1744 960 1828 ignit

136 1857 184 1905 300
243 1845 312 1909 Cur
325 1846 421 1909 etiam
436 1842 506 1909 loca
523 1844 591 1909 sola
606 1856 734 1930 petunt,
751 1844 937 1930 frustraque
953 1845 1123 1912 laboranti

200 1951 256 2013 An
272 1969 332 2011 con
347 1945 481 2011 brachia
497 1947 690 2026 suefaciunt,
706 1947 900 2033 firmantque
916 1946 1078 2013 lacertos?

186 2092 187 2095 =
200 2049 239 2114 In
255 2059 407 2132 terraque
423 2048 532 2113 Patris
548 2071 606 2114 cur
621 2049 720 2114 telum
734 2051 964 2134 perpetiuntur

202 2149 376 2217 Obtundif
399 2172 458 2214 cur
472 2149 549 2234 Ipse
565 2152 650 2229 sinit,
666 2173 772 2236 neque
787 2152 892 2236 parcit
906 2152 939 2214 in
952 2151 1098 2216 hosteisf

246 2251 410 2335 Denique,
426 2273 484 2315 cur
498 2275 664 2337 nunquam
679 2253 762 2318 coelo
773 2254 854 2338 jacit
868 2254 1012 2337 undique
1028 2275 1124 2337 puro,

135 2367 184 2414 400
201 2354 334 2438 Jupiter
348 2354 382 2415 in
396 2363 500 2417 terras
515 2352 662 2431 Fulmen,
679 2355 868 2439 sonitusque
882 2353 1074 2438 profundit?

201 2455 258 2521 An
274 2454 368 2519 simul
383 2477 420 2520 ac
435 2455 555 2520 Nubes
571 2478 769 2535 successere,
785 2456 862 2541 Ipse
877 2457 910 2520 in
925 2479 980 2521 eas
996 2466 1065 2520 tum

200 2556 394 2635 Descendit,
410 2579 514 2642 prope
529 2568 565 2621 ut
579 2557 656 2622 hinc
671 2557 727 2623 teli
742 2558 936 2623 determinet
948 2559 1055 2622 ictus?

200 2661 240 2724 In
256 2659 352 2725 Mare
368 2681 434 2743 qua
448 2681 547 2743 porro
561 2659 818 2724 mittit‘rationet
841 2659 921 2744 quid
934 2659 1039 2724 undas
1059 2681 1061 2683 ’

201 2761 333 2846 Arguit,
349 2772 383 2826 et
396 2761 551 2847 liquidam
566 2761 693 2841 molem,
709 2785 905 2847 camposque
920 2763 1091 2826 natantes?
1103 2813 1108 2824 1.

137 2876 185 2924 405
244 2863 421 2942 Praeterea,
438 2864 465 2927 si
478 2863 548 2929 0010
562 2886 731 2930 caveamus
747 2864 903 2930 Fulminis
918 2865 1028 2941 ictum,

118 3040 121 3046 '
148 3042 431 3091 8801Γο0001οωίηαίοε
447 3050 474 3090 00
489 3044 598 3092 extulerit
613 3040 650 3105 se]
684 3057 772 3092 novem
795 3043 862 3091 Deos
883 3041 977 3090 fulmen
1000 3040 1111 3090 emittere
1134 3041 1218 3090 existi-¹

115 3105 181 3154 Nam
192 3105 286 3155 reditus
296 3105 407 3155 fulminis
419 3107 525 3155 maxime
536 3108 650 3157 observa·
684 3117 765 3163 mant3
783 3106 886 3165 Plinius,
903 3107 944 3155 lib.
960 3107 995 3154 11.
1009 3122 1061 3170 cap.
1080 3108 1120 3154 52.
1137 3107 1218 3154 Arno·

114 3170 193 3218 batur.
613 3221 616 3224 ,
684 3171 746 3229 bius,
757 3187 781 3235 p.
796 3173 850 3220 122.
878 3174 932 3219 Diis
946 3187 1022 3219 000000
1038 3173 1220 3232 10ρίοε000000-

149 3235 204 3282 386.
224 3237 325 3286 Quodsi
341 3237 442 3296 Jupiter,
459 3233 515 3297 eto]
533 3235 651 3284 Versibus
685 3242 754 3284 tatem
759 3236 867 3297 Jaciendi
876 3239 913 3283 sui
917 3235 1026 3297 fulminis
1034 3238 1148 3296 permisit.

116 3299 154 3346 36.
176 3299 239 3356 lovi,
259 3298 360 3361 aliisque
379 3299 435 3346 Diis
452 3299 525 3362 eripit
542 3299 651 3357 fulmina,
717 3298 891 3362 890.Ηο1000]
910 3298 968 3356 Alii,
985 3302 1070 3346 edant:
1088 3307 1113 3346 et
1124 3315 1146 3347 0.
1164 3300 1219 3347 888.

115 3362 203 3424 quibus
224 3377 273 3410 non
293 3362 352 3410 satis
373 3363 508 3426 prudenter
529 3362 566 3410 uti
583 3363 652 3411 vide·
687 3366 736 3415 Quo
747 3367 837 3411 inducit
847 3379 954 3424 quemque
965 3366 1076 3423 uoluptas.

116 3435 203 3475 antur:
222 3435 247 3474 et
255 3426 342 3473 iisdem
351 3427 502 3488 argumentis
512 3435 585 3475 totum
598 3427 651 3475 He·
718 3427 773 3475 396.
792 3431 882 3475 Ancon
898 3429 992 3474 boetio
1007 3424 1147 3489 suasorium]
1161 3425 1220 3486 Alii,

116 3500 253 3539 truncorum
264 3489 418 3553 disciplinam
429 3490 527 3549 refutat,
536 3506 594 3539 nam
604 3491 653 3539 nisi
685 3508 715 3539 00
728 3499 775 3539 tum
788 3494 881 3539 1000100
892 3499 1045 3539 consuescunt.

117 3555 161 3603 Dii
175 3554 314 3617 Jaculentur
324 3554 434 3611 fulmina,
451 3555 518 3603 nulla
534 3568 572 3604 est
588 3555 650 3604 divi·
717 3556 771 3603 398.
789 3558 870 3618 Neque
885 3558 963 3617 percit
978 3559 1003 3603 in
1019 3553 1115 3618 10000οἰ0]
1133 3555 1220 3618 Neque

116 3619 198 3675 0001ος
216 3619 237 3667 si
249 3634 307 3667 vero
324 3619 368 3666 Dii
385 3619 531 3678 emitterent,
544 3635 588 3668 cur
598 3635 651 3668 see·
683 3619 715 3668 iis
731 3619 813 3668 minus
828 3621 969 3683 frequenter
980 3619 1064 3677 utitur,
1076 3629 1104 3667 ut
1119 3619 1162 3668 ubi
1178 3636 1219 3668 oc·

114 3684 186 3732 lereti
203 3683 314 3759 homines
330 3683 423 3759 intacti,
440 3684 583 3733 innocentes
594 3699 653 3733 vero
684 3683 750 3732 casio
760 3684 841 3743 fuerit,
854 3686 936 3732 hostes
947 3700 1003 3733 suos
1014 3684 1077 3732 mele
1088 3684 1200 3760 perdat..
1219 3689 1220 3692 ’

115 3749 652 3876 {333333‘tlttltfittlttlt
684 3747 1220 3877 ,13333333333332333

115 3879 166 3928 citt
185 3878 251 3934 Quid
260 3894 315 3926 cum
327 3878 353 3925 in
365 3877 473 3927 medium
484 3881 568 3927 maret
586 3878 653 3933 Quid
684 3877 765 3941 aliquo
788 3878 890 3927 crimine
916 3880 1018 3941 arguett
1049 3878 1116 3926 Huic
1138 3877 1221 3927 versui

116 3959 172 3992 cum
183 3943 210 3990 in
222 3941 353 3991 altissimos
365 3951 460 3991 montes
469 3943 533 4005 quod
544 3943 651 4006 plerum·
685 3943 818 3992 Lambinus
829 3943 953 3992 existimat
965 3959 1069 4002 versum,
1079 3943 1121 4006 qui
1133 3943 1220 3991 abhoc

117 4023 163 4070 que
177 4008 221 4055 1101
240 4008 291 4056 Cur
303 4007 407 4069 denique
424 4008 518 4055 nullum
535 4007 588 4056 sine
605 4022 651 4056 nu·
685 4008 878 4072 septuagesimus
890 4016 934 4065 est,
944 4007 965 4055 si
976 4009 1048 4056 modo
1060 4007 1221 4055 Lucretianus

116 4072 188 4120 bibus
205 4071 314 4120 fulmeut
338 4073 390 4121 Cur
407 4087 451 4120 sua
469 4072 560 4135 templa
581 4081 653 4135 atque
686 4082 730 4131 est,
749 4076 810 4121 Nom
826 4076 887 4121 ratio
903 4089 953 4120 oum
969 4075 1080 4135 sanguine
1097 4073 1221 4119 00000100-

118 4135 220 4184 eliorum
229 4135 366 4185 Nominum
378 4136 525 4184 simulachra
536 4136 651 4185 discutitt
686 4141 784 4187 moribus
796 4141 873 4200 omnis,
886 4136 1089 4199 subjungendum.

119 4198 171 4247 Hic
185 4199 262 4249 mults
277 4201 372 4260 acriter,
384 4201 461 4249 multa
477 4202 508 4250 sd
523 4201 654 4251 ridiculum
718 4204 774 4251 405.
795 4206 921 4260 Praetmo,
939 4204 960 4249 00·
978 4204 1034 4258 vult,
1053 4197 1109 4260 000]
1132 4197 1222 4267 His'v.

119 4262 185 4311 (ficta
195 4263 312 4313 invenies.
688 4268 726 4315 ll.
738 4267 854 4332 proponit
864 4266 912 4314 duo
927 4264 990 4313 mira
1006 4271 1155 4327 argumenta,
1167 4261 1222 4324 quiss

153 4326 217 4376 lbid
241 4329 385 4394 Alit-idiot]
406 4331 559 4382 Thuscorum
575 4332 654 4382 litere
686 4333 733 4381 bus
749 4331 841 4382 fulmen
858 4330 914 4379 Jovi
931 4334 1033 4378 conatur
1044 4326 1152 4391 eripere:
1170 4326 1223 4376 vult
