<?xml version="1.0" encoding="UTF-8"?>
<!DOCTYPE html PUBLIC "-//W3C//DTD XHTML 1.0 Transitional//EN"
    "http://www.w3.org/TR/xhtml1/DTD/xhtml1-transitional.dtd">
<html xmlns="http://www.w3.org/1999/xhtml" xml:lang="en" lang="en">
 <head>
  <title>
</title>
<meta http-equiv="Content-Type" content="text/html;charset=utf-8" />
  <meta name='ocr-system' content='tesseract 3.04.00' />
  <meta name='ocr-capabilities' content='ocr_page ocr_carea ocr_par ocr_line ocrx_word'/>
</head>
<body>
  <div class='ocr_page' id='page_1' title='image "./titilucretiicar04carugoog_0180.png"; bbox 0 0 2872 4852; ppageno 0'>
   <div class='ocr_carea' id='block_1_1' title="bbox 211 208 935 276">
    <p class='ocr_par' dir='ltr' id='par_1_1' title="bbox 211 208 935 276">
     <span class='ocr_line' id='line_1_1' title="bbox 211 208 935 276; baseline 0.003 -2"><span class='ocrx_word' id='word_1_1' title='bbox 211 212 273 275; x_wconf 79' lang='lat'>156</span> <span class='ocrx_word' id='word_1_2' title='bbox 534 237 548 271; x_wconf 56' lang='lat'>⁴.</span> <span class='ocrx_word' id='word_1_3' title='bbox 589 208 631 273; x_wconf 89' lang='grc' dir='ltr'>Τ.</span> <span class='ocrx_word' id='word_1_4' title='bbox 662 209 935 276; x_wconf 85' lang='lat' dir='ltr'>LUCRETII</span> 
     </span>
    </p>
   </div>
   <div class='ocr_carea' id='block_1_2' title="bbox 233 365 1271 2379">
    <p class='ocr_par' dir='ltr' id='par_1_2' title="bbox 233 365 1271 2379">
     <span class='ocr_line' id='line_1_2' title="bbox 296 365 1105 450; baseline 0.005 -20"><span class='ocrx_word' id='word_1_5' title='bbox 296 370 394 450; x_wconf 58' lang='lat' dir='ltr'>§astra</span> <span class='ocrx_word' id='word_1_6' title='bbox 410 366 518 448; x_wconf 81' lang='lat' dir='ltr'>aliqua</span> <span class='ocrx_word' id='word_1_7' title='bbox 532 375 640 433; x_wconf 80' lang='lat' dir='ltr'>tanen</span> <span class='ocrx_word' id='word_1_8' title='bbox 654 389 672 430; x_wconf 92' lang='lat' dir='ltr'>e</span> <span class='ocrx_word' id='word_1_9' title='bbox 688 389 786 432; x_wconf 90' lang='lat' dir='ltr'>causa</span> <span class='ocrx_word' id='word_1_10' title='bbox 799 367 961 432; x_wconf 87' lang='lat' dir='ltr'>labefacta</span> <span class='ocrx_word' id='word_1_11' title='bbox 976 365 1105 434; x_wconf 89' lang='lat' dir='ltr'>videtur</span> 
     </span>
     <span class='ocr_line' id='line_1_3' title="bbox 295 463 1107 550; baseline 0.004 -18"><span class='ocrx_word' id='word_1_12' title='bbox 295 468 348 532; x_wconf 91' lang='lat' dir='ltr'>Ire</span> <span class='ocrx_word' id='word_1_13' title='bbox 364 465 494 543; x_wconf 87' lang='lat' dir='ltr'>Anima,</span> <span class='ocrx_word' id='word_1_14' title='bbox 509 477 543 530; x_wconf 93' lang='lat' dir='ltr'>et</span> <span class='ocrx_word' id='word_1_15' title='bbox 558 474 627 531; x_wconf 90' lang='lat' dir='ltr'>toto</span> <span class='ocrx_word' id='word_1_16' title='bbox 643 463 722 529; x_wconf 88' lang='lat' dir='ltr'>solvi</span> <span class='ocrx_word' id='word_1_17' title='bbox 737 463 779 530; x_wconf 89' lang='lat' dir='ltr'>de</span> <span class='ocrx_word' id='word_1_18' title='bbox 795 478 931 550; x_wconf 80' lang='lat' dir='ltr'>corpore</span> <span class='ocrx_word' id='word_1_19' title='bbox 944 473 1107 550; x_wconf 89' lang='lat' dir='ltr'>membra;</span> 
     </span>
     <span class='ocr_line' id='line_1_4' title="bbox 298 566 1194 653; baseline 0.001 -20"><span class='ocrx_word' id='word_1_20' title='bbox 298 569 346 633; x_wconf 90' lang='lat' dir='ltr'>Et</span> <span class='ocrx_word' id='word_1_21' title='bbox 360 571 453 653; x_wconf 90' lang='lat' dir='ltr'>quasi</span> <span class='ocrx_word' id='word_1_22' title='bbox 469 591 620 652; x_wconf 90' lang='lat' dir='ltr'>supremo</span> <span class='ocrx_word' id='word_1_23' title='bbox 634 566 844 651; x_wconf 84' lang='lat' dir='ltr'>languescere</span> <span class='ocrx_word' id='word_1_24' title='bbox 861 579 1007 653; x_wconf 89' lang='lat' dir='ltr'>tempore</span> <span class='ocrx_word' id='word_1_25' title='bbox 1023 570 1140 649; x_wconf 84' lang='lat' dir='ltr'>voltus,</span> <span class='ocrx_word' id='word_1_26' title='bbox 1187 596 1194 603; x_wconf 94' lang='lat'><strong>·</strong></span> 
     </span>
     <span class='ocr_line' id='line_1_5' title="bbox 234 670 1222 755; baseline 0.01 -26"><span class='ocrx_word' id='word_1_27' title='bbox 234 684 281 731; x_wconf 80' lang='lat'>595</span> <span class='ocrx_word' id='word_1_28' title='bbox 297 671 476 754; x_wconf 82' lang='lat' dir='ltr'>Molliaque</span> <span class='ocrx_word' id='word_1_29' title='bbox 491 671 631 754; x_wconf 86' lang='lat' dir='ltr'>exangui</span> <span class='ocrx_word' id='word_1_30' title='bbox 647 670 763 734; x_wconf 90' lang='lat' dir='ltr'>cadere</span> <span class='ocrx_word' id='word_1_31' title='bbox 779 670 885 735; x_wconf 90' lang='lat' dir='ltr'>omnia</span> <span class='ocrx_word' id='word_1_32' title='bbox 898 670 1044 755; x_wconf 88' lang='lat' dir='ltr'>Corpore</span> <span class='ocrx_word' id='word_1_33' title='bbox 1060 676 1222 739; x_wconf 90' lang='lat' dir='ltr'>membra:</span> 
     </span>
     <span class='ocr_line' id='line_1_6' title="bbox 299 767 1271 857; baseline 0.005 -22"><span class='ocrx_word' id='word_1_34' title='bbox 299 773 400 846; x_wconf 85' lang='lat' dir='ltr'>Quod</span> <span class='ocrx_word' id='word_1_35' title='bbox 416 795 520 856; x_wconf 91' lang='lat' dir='ltr'>genus</span> <span class='ocrx_word' id='word_1_36' title='bbox 535 783 596 847; x_wconf 91' lang='lat' dir='ltr'>est,</span> <span class='ocrx_word' id='word_1_37' title='bbox 612 767 731 835; x_wconf 90' lang='lat' dir='ltr'>Animo</span> <span class='ocrx_word' id='word_1_38' title='bbox 747 769 965 834; x_wconf 86' lang='lat' dir='ltr'>malefactum</span> <span class='ocrx_word' id='word_1_39' title='bbox 980 795 1053 836; x_wconf 92' lang='lat' dir='ltr'>cum</span> <span class='ocrx_word' id='word_1_40' title='bbox 1068 775 1271 857; x_wconf 87' lang='lat' dir='ltr'>perhibetur,</span> 
     </span>
     <span class='ocr_line' id='line_1_7' title="bbox 298 872 1223 958; baseline 0.005 -21"><span class='ocrx_word' id='word_1_41' title='bbox 298 873 369 937; x_wconf 94' lang='lat' dir='ltr'>Aut</span> <span class='ocrx_word' id='word_1_42' title='bbox 383 872 534 938; x_wconf 87' lang='lat' dir='ltr'>Animam</span> <span class='ocrx_word' id='word_1_43' title='bbox 545 873 690 957; x_wconf 89' lang='lat' dir='ltr'>liquisse,</span> <span class='ocrx_word' id='word_1_44' title='bbox 707 873 763 936; x_wconf 93' lang='lat' dir='ltr'>ubi</span> <span class='ocrx_word' id='word_1_45' title='bbox 774 874 842 958; x_wconf 88' lang='lat' dir='ltr'>jam</span> <span class='ocrx_word' id='word_1_46' title='bbox 857 874 1051 956; x_wconf 80' lang='lat' dir='ltr'>trepidatur,</span> <span class='ocrx_word' id='word_1_47' title='bbox 1067 887 1101 940; x_wconf 88' lang='lat' dir='ltr'>et</span> <span class='ocrx_word' id='word_1_48' title='bbox 1113 900 1223 942; x_wconf 90' lang='lat' dir='ltr'>omnes</span> 
     </span>
     <span class='ocr_line' id='line_1_8' title="bbox 299 976 1117 1059; baseline 0.005 -21"><span class='ocrx_word' id='word_1_49' title='bbox 299 976 493 1040; x_wconf 87' lang='lat' dir='ltr'>Extremum</span> <span class='ocrx_word' id='word_1_50' title='bbox 507 977 643 1059; x_wconf 92' lang='lat' dir='ltr'>cupiunt</span> <span class='ocrx_word' id='word_1_51' title='bbox 658 976 741 1039; x_wconf 89' lang='lat' dir='ltr'>vires</span> <span class='ocrx_word' id='word_1_52' title='bbox 756 976 953 1058; x_wconf 87' lang='lat' dir='ltr'>reprendere</span> <span class='ocrx_word' id='word_1_53' title='bbox 969 977 1117 1042; x_wconf 87' lang='lat' dir='ltr'>vinclum.</span> 
     </span>
     <span class='ocr_line' id='line_1_9' title="bbox 297 1075 1221 1163; baseline 0.005 -23"><span class='ocrx_word' id='word_1_54' title='bbox 297 1077 543 1161; x_wconf 88' lang='lat' dir='ltr'>Conquassatur</span> <span class='ocrx_word' id='word_1_55' title='bbox 557 1077 641 1141; x_wconf 89' lang='lat' dir='ltr'>enim</span> <span class='ocrx_word' id='word_1_56' title='bbox 657 1086 725 1140; x_wconf 91' lang='lat' dir='ltr'>tum</span> <span class='ocrx_word' id='word_1_57' title='bbox 740 1076 850 1152; x_wconf 91' lang='lat' dir='ltr'>Mens,</span> <span class='ocrx_word' id='word_1_58' title='bbox 866 1075 1059 1162; x_wconf 89' lang='lat' dir='ltr'>Animaeque</span> <span class='ocrx_word' id='word_1_59' title='bbox 1073 1090 1221 1163; x_wconf 88' lang='lat' dir='ltr'>potestas</span> 
     </span>
     <span class='ocr_line' id='line_1_10' title="bbox 234 1178 1170 1262; baseline 0.002 -19"><span class='ocrx_word' id='word_1_60' title='bbox 234 1197 281 1243; x_wconf 79' lang='lat'>600</span> <span class='ocrx_word' id='word_1_61' title='bbox 298 1181 431 1244; x_wconf 90' lang='lat' dir='ltr'>Omnis:</span> <span class='ocrx_word' id='word_1_62' title='bbox 456 1178 574 1243; x_wconf 83' lang='lat' dir='ltr'>ethaeo</span> <span class='ocrx_word' id='word_1_63' title='bbox 590 1179 662 1262; x_wconf 92' lang='lat' dir='ltr'>ipso</span> <span class='ocrx_word' id='word_1_64' title='bbox 677 1201 750 1242; x_wconf 82' lang='lat' dir='ltr'>curn</span> <span class='ocrx_word' id='word_1_65' title='bbox 765 1178 912 1262; x_wconf 88' lang='lat' dir='ltr'>Corpore</span> <span class='ocrx_word' id='word_1_66' title='bbox 928 1179 1170 1259; x_wconf 84' lang='lat' dir='ltr'>conlabefitmt3</span> 
     </span>
     <span class='ocr_line' id='line_1_11' title="bbox 299 1278 1049 1365; baseline -0.003 -19"><span class='ocrx_word' id='word_1_67' title='bbox 299 1283 347 1346; x_wconf 90' lang='lat' dir='ltr'>Ut</span> <span class='ocrx_word' id='word_1_68' title='bbox 361 1282 489 1365; x_wconf 89' lang='lat' dir='ltr'>gravior</span> <span class='ocrx_word' id='word_1_69' title='bbox 503 1279 613 1364; x_wconf 91' lang='lat' dir='ltr'>paullo</span> <span class='ocrx_word' id='word_1_70' title='bbox 627 1281 732 1363; x_wconf 88' lang='lat' dir='ltr'>possit</span> <span class='ocrx_word' id='word_1_71' title='bbox 747 1278 923 1343; x_wconf 86' lang='lat' dir='ltr'>dissolvere</span> <span class='ocrx_word' id='word_1_72' title='bbox 940 1302 1049 1362; x_wconf 86' lang='lat' dir='ltr'>causa.</span> 
     </span>
     <span class='ocr_line' id='line_1_12' title="bbox 341 1381 1241 1467; baseline 0.001 -21"><span class='ocrx_word' id='word_1_73' title='bbox 341 1383 432 1457; x_wconf 83' lang='lat' dir='ltr'>Quid</span> <span class='ocrx_word' id='word_1_74' title='bbox 447 1382 578 1446; x_wconf 89' lang='lat' dir='ltr'>dubitas</span> <span class='ocrx_word' id='word_1_75' title='bbox 593 1382 734 1457; x_wconf 88' lang='lat' dir='ltr'>tandem,</span> <span class='ocrx_word' id='word_1_76' title='bbox 751 1381 829 1464; x_wconf 94' lang='lat' dir='ltr'>quin</span> <span class='ocrx_word' id='word_1_77' title='bbox 844 1391 937 1444; x_wconf 90' lang='lat' dir='ltr'>extra</span> <span class='ocrx_word' id='word_1_78' title='bbox 952 1382 1083 1464; x_wconf 89' lang='lat' dir='ltr'>prodita</span> <span class='ocrx_word' id='word_1_79' title='bbox 1098 1405 1218 1467; x_wconf 89' lang='lat' dir='ltr'>corpus</span> <span class='ocrx_word' id='word_1_80' title='bbox 1239 1451 1241 1455; x_wconf 67' lang='grc'><strong>,</strong></span> 
     </span>
     <span class='ocr_line' id='line_1_13' title="bbox 298 1482 1080 1566; baseline -0.005 -16"><span class='ocrx_word' id='word_1_81' title='bbox 298 1482 463 1550; x_wconf 90' lang='lat' dir='ltr'>Imbecilla</span> <span class='ocrx_word' id='word_1_82' title='bbox 477 1482 576 1558; x_wconf 89' lang='lat' dir='ltr'>foras,</span> <span class='ocrx_word' id='word_1_83' title='bbox 591 1483 624 1545; x_wconf 95' lang='lat' dir='ltr'>in</span> <span class='ocrx_word' id='word_1_84' title='bbox 637 1491 762 1566; x_wconf 87' lang='lat' dir='ltr'>aperto,</span> <span class='ocrx_word' id='word_1_85' title='bbox 779 1482 919 1564; x_wconf 91' lang='lat' dir='ltr'>tegmine</span> <span class='ocrx_word' id='word_1_86' title='bbox 935 1482 1080 1566; x_wconf 89' lang='lat' dir='ltr'>dempto,</span> 
     </span>
     <span class='ocr_line' id='line_1_14' title="bbox 299 1583 1166 1666; baseline -0.003 -15"><span class='ocrx_word' id='word_1_87' title='bbox 299 1588 376 1652; x_wconf 90' lang='lat' dir='ltr'>Non</span> <span class='ocrx_word' id='word_1_88' title='bbox 392 1585 489 1649; x_wconf 91' lang='lat' dir='ltr'>modo</span> <span class='ocrx_word' id='word_1_89' title='bbox 504 1606 568 1647; x_wconf 91' lang='lat' dir='ltr'>non</span> <span class='ocrx_word' id='word_1_90' title='bbox 585 1605 710 1646; x_wconf 90' lang='lat' dir='ltr'>omnem</span> <span class='ocrx_word' id='word_1_91' title='bbox 725 1583 829 1666; x_wconf 86' lang='lat' dir='ltr'>possit</span> <span class='ocrx_word' id='word_1_92' title='bbox 840 1583 962 1646; x_wconf 89' lang='lat' dir='ltr'>durare</span> <span class='ocrx_word' id='word_1_93' title='bbox 976 1606 1037 1666; x_wconf 90' lang='lat' dir='ltr'>per</span> <span class='ocrx_word' id='word_1_94' title='bbox 1050 1607 1166 1662; x_wconf 88' lang='lat' dir='ltr'>aevum,</span> 
     </span>
     <span class='ocr_line' id='line_1_15' title="bbox 233 1684 1209 1769; baseline 0 -19"><span class='ocrx_word' id='word_1_95' title='bbox 233 1705 280 1750; x_wconf 79' lang='lat'>605</span> <span class='ocrx_word' id='word_1_96' title='bbox 297 1688 364 1751; x_wconf 85' lang='lat' dir='ltr'>Sed</span> <span class='ocrx_word' id='word_1_97' title='bbox 380 1687 543 1749; x_wconf 91' lang='lat' dir='ltr'>minimum</span> <span class='ocrx_word' id='word_1_98' title='bbox 557 1684 694 1767; x_wconf 89' lang='lat' dir='ltr'>quodvis</span> <span class='ocrx_word' id='word_1_99' title='bbox 710 1693 850 1767; x_wconf 85' lang='lat' dir='ltr'>nequeat</span> <span class='ocrx_word' id='word_1_100' title='bbox 865 1685 1042 1748; x_wconf 87' lang='lat' dir='ltr'>consistere</span> <span class='ocrx_word' id='word_1_101' title='bbox 1058 1690 1209 1769; x_wconf 77' lang='lat' dir='ltr'>tempus?</span> 
     </span>
     <span class='ocr_line' id='line_1_16' title="bbox 340 1786 1210 1869; baseline 0 -17"><span class='ocrx_word' id='word_1_102' title='bbox 340 1788 415 1852; x_wconf 89' lang='lat' dir='ltr'>Nec</span> <span class='ocrx_word' id='word_1_103' title='bbox 431 1787 492 1850; x_wconf 91' lang='lat' dir='ltr'>sibi</span> <span class='ocrx_word' id='word_1_104' title='bbox 506 1786 590 1849; x_wconf 89' lang='lat' dir='ltr'>enim</span> <span class='ocrx_word' id='word_1_105' title='bbox 605 1787 776 1869; x_wconf 91' lang='lat' dir='ltr'>quisquam</span> <span class='ocrx_word' id='word_1_106' title='bbox 790 1787 935 1868; x_wconf 26' lang='lat' dir='ltr'>moriens·</span> <span class='ocrx_word' id='word_1_107' title='bbox 946 1787 1066 1850; x_wconf 89' lang='lat' dir='ltr'>sentire</span> <span class='ocrx_word' id='word_1_108' title='bbox 1081 1788 1210 1852; x_wconf 92' lang='lat' dir='ltr'>videtur</span> 
     </span>
     <span class='ocr_line' id='line_1_17' title="bbox 298 1885 1141 1970; baseline -0.002 -16"><span class='ocrx_word' id='word_1_109' title='bbox 298 1892 350 1954; x_wconf 91' lang='lat' dir='ltr'>Ire</span> <span class='ocrx_word' id='word_1_110' title='bbox 367 1889 453 1953; x_wconf 79' lang='lat' dir='ltr'>foras</span> <span class='ocrx_word' id='word_1_111' title='bbox 469 1886 620 1951; x_wconf 84' lang='lat' dir='ltr'>Animam</span> <span class='ocrx_word' id='word_1_112' title='bbox 635 1885 824 1951; x_wconf 92' lang='lat' dir='ltr'>incolumem</span> <span class='ocrx_word' id='word_1_113' title='bbox 840 1886 881 1949; x_wconf 92' lang='lat' dir='ltr'>de</span> <span class='ocrx_word' id='word_1_114' title='bbox 898 1886 1044 1970; x_wconf 90' lang='lat' dir='ltr'>Corpore</span> <span class='ocrx_word' id='word_1_115' title='bbox 1059 1898 1141 1965; x_wconf 88' lang='lat' dir='ltr'>toto,</span> 
     </span>
     <span class='ocr_line' id='line_1_18' title="bbox 297 1987 1250 2074; baseline -0.003 -18"><span class='ocrx_word' id='word_1_116' title='bbox 297 1993 371 2056; x_wconf 89' lang='lat' dir='ltr'>Nec</span> <span class='ocrx_word' id='word_1_117' title='bbox 386 1991 477 2074; x_wconf 90' lang='lat' dir='ltr'>prius</span> <span class='ocrx_word' id='word_1_118' title='bbox 493 1990 535 2052; x_wconf 95' lang='lat' dir='ltr'>ad</span> <span class='ocrx_word' id='word_1_119' title='bbox 546 1987 707 2073; x_wconf 87' lang='lat' dir='ltr'>jugulum,</span> <span class='ocrx_word' id='word_1_120' title='bbox 724 1998 757 2051; x_wconf 89' lang='lat' dir='ltr'>et</span> <span class='ocrx_word' id='word_1_121' title='bbox 771 2009 907 2072; x_wconf 88' lang='lat' dir='ltr'>superas</span> <span class='ocrx_word' id='word_1_122' title='bbox 924 1990 1099 2054; x_wconf 87' lang='lat' dir='ltr'>succedere</span> <span class='ocrx_word' id='word_1_123' title='bbox 1115 1990 1250 2066; x_wconf 85' lang='lat' dir='ltr'>fauceis,</span> 
     </span>
     <span class='ocr_line' id='line_1_19' title="bbox 298 2090 1048 2174; baseline -0.004 -16"><span class='ocrx_word' id='word_1_124' title='bbox 298 2094 424 2158; x_wconf 90' lang='lat' dir='ltr'>Verum</span> <span class='ocrx_word' id='word_1_125' title='bbox 438 2091 579 2155; x_wconf 84' lang='lat' dir='ltr'>deficere</span> <span class='ocrx_word' id='word_1_126' title='bbox 594 2091 627 2153; x_wconf 93' lang='lat' dir='ltr'>in</span> <span class='ocrx_word' id='word_1_127' title='bbox 643 2103 732 2154; x_wconf 88' lang='lat' dir='ltr'>certa</span> <span class='ocrx_word' id='word_1_128' title='bbox 746 2092 878 2174; x_wconf 82' lang='lat' dir='ltr'>regione</span> <span class='ocrx_word' id='word_1_129' title='bbox 892 2090 1048 2170; x_wconf 84' lang='lat' dir='ltr'>locatam3</span> 
     </span>
     <span class='ocr_line' id='line_1_20' title="bbox 234 2192 1046 2275; baseline 0.002 -21"><span class='ocrx_word' id='word_1_130' title='bbox 234 2209 281 2255; x_wconf 82' lang='lat'>610</span> <span class='ocrx_word' id='word_1_131' title='bbox 298 2195 346 2258; x_wconf 91' lang='lat' dir='ltr'>Ut</span> <span class='ocrx_word' id='word_1_132' title='bbox 362 2216 476 2258; x_wconf 89' lang='lat' dir='ltr'>sensus</span> <span class='ocrx_word' id='word_1_133' title='bbox 492 2192 571 2257; x_wconf 89' lang='lat' dir='ltr'>alios</span> <span class='ocrx_word' id='word_1_134' title='bbox 585 2193 618 2255; x_wconf 95' lang='lat' dir='ltr'>in</span> <span class='ocrx_word' id='word_1_135' title='bbox 634 2192 718 2275; x_wconf 87' lang='lat' dir='ltr'>parti</span> <span class='ocrx_word' id='word_1_136' title='bbox 734 2214 895 2275; x_wconf 88' lang='lat' dir='ltr'>quemque</span> <span class='ocrx_word' id='word_1_137' title='bbox 911 2215 970 2255; x_wconf 91' lang='lat' dir='ltr'>sua</span> <span class='ocrx_word' id='word_1_138' title='bbox 986 2194 1046 2257; x_wconf 89' lang='lat' dir='ltr'>scit</span> 
     </span>
     <span class='ocr_line' id='line_1_21' title="bbox 299 2293 1177 2379; baseline 0 -21"><span class='ocrx_word' id='word_1_139' title='bbox 299 2295 460 2360; x_wconf 91' lang='lat' dir='ltr'>Dissolvi:</span> <span class='ocrx_word' id='word_1_140' title='bbox 484 2294 573 2379; x_wconf 93' lang='lat' dir='ltr'>quod</span> <span class='ocrx_word' id='word_1_141' title='bbox 589 2295 617 2357; x_wconf 90' lang='lat' dir='ltr'>si</span> <span class='ocrx_word' id='word_1_142' title='bbox 631 2293 817 2357; x_wconf 90' lang='lat' dir='ltr'>immortalis</span> <span class='ocrx_word' id='word_1_143' title='bbox 833 2303 944 2357; x_wconf 91' lang='lat' dir='ltr'>nostra</span> <span class='ocrx_word' id='word_1_144' title='bbox 960 2293 1045 2357; x_wconf 86' lang='lat' dir='ltr'>foret</span> <span class='ocrx_word' id='word_1_145' title='bbox 1059 2294 1177 2372; x_wconf 90' lang='lat' dir='ltr'>Mens;</span> 
     </span>
    </p>
   </div>
   <div class='ocr_carea' id='block_1_3' title="bbox 297 2395 1281 2582">
    <p class='ocr_par' dir='ltr' id='par_1_3' title="bbox 297 2395 1281 2582">
     <span class='ocr_line' id='line_1_22' title="bbox 297 2395 1095 2483; baseline -0.005 -21"><span class='ocrx_word' id='word_1_146' title='bbox 297 2398 376 2462; x_wconf 92' lang='lat' dir='ltr'>Non</span> <span class='ocrx_word' id='word_1_147' title='bbox 388 2399 456 2483; x_wconf 90' lang='lat' dir='ltr'>jam</span> <span class='ocrx_word' id='word_1_148' title='bbox 472 2420 506 2460; x_wconf 91' lang='lat' dir='ltr'>se</span> <span class='ocrx_word' id='word_1_149' title='bbox 522 2397 660 2460; x_wconf 91' lang='lat' dir='ltr'>moriens</span> <span class='ocrx_word' id='word_1_150' title='bbox 677 2395 809 2458; x_wconf 89' lang='lat' dir='ltr'>dissolvi</span> <span class='ocrx_word' id='word_1_151' title='bbox 824 2406 1095 2478; x_wconf 89' lang='lat' dir='ltr'>conquereretur:</span> 
     </span>
     <span class='ocr_line' id='line_1_23' title="bbox 299 2495 1281 2582; baseline -0.001 -20"><span class='ocrx_word' id='word_1_152' title='bbox 299 2500 367 2564; x_wconf 85' lang='lat' dir='ltr'>Sed</span> <span class='ocrx_word' id='word_1_153' title='bbox 382 2499 483 2582; x_wconf 88' lang='lat' dir='ltr'>magis</span> <span class='ocrx_word' id='word_1_154' title='bbox 498 2499 544 2561; x_wconf 90' lang='lat' dir='ltr'>ire</span> <span class='ocrx_word' id='word_1_155' title='bbox 560 2496 658 2575; x_wconf 86' lang='lat' dir='ltr'>foras,</span> <span class='ocrx_word' id='word_1_156' title='bbox 675 2507 862 2580; x_wconf 90' lang='lat' dir='ltr'>vestemque</span> <span class='ocrx_word' id='word_1_157' title='bbox 878 2497 1070 2580; x_wconf 88' lang='lat' dir='ltr'>relinquere,</span> <span class='ocrx_word' id='word_1_158' title='bbox 1088 2508 1124 2562; x_wconf 93' lang='lat' dir='ltr'>ut</span> <span class='ocrx_word' id='word_1_159' title='bbox 1139 2495 1281 2582; x_wconf 86' lang='lat' dir='ltr'>Anguis,</span> 
     </span>
    </p>
   </div>
   <div class='ocr_carea' id='block_1_4' title="bbox 210 2720 1328 4321">
    <p class='ocr_par' dir='ltr' id='par_1_4' title="bbox 213 2720 1317 2850">
     <span class='ocr_line' id='line_1_24' title="bbox 213 2720 1317 2786; baseline -0.005 -14"><span class='ocrx_word' id='word_1_160' title='bbox 213 2723 320 2786; x_wconf 91' lang='lat' dir='ltr'>deliquio</span> <span class='ocrx_word' id='word_1_161' title='bbox 332 2723 428 2771; x_wconf 83' lang='lat' dir='ltr'>Animae</span> <span class='ocrx_word' id='word_1_162' title='bbox 438 2722 569 2785; x_wconf 87' lang='lat' dir='ltr'>Animique</span> <span class='ocrx_word' id='word_1_163' title='bbox 579 2722 615 2770; x_wconf 89' lang='lat' dir='ltr'>vis</span> <span class='ocrx_word' id='word_1_164' title='bbox 627 2721 662 2769; x_wconf 86' lang='lat' dir='ltr'>sic</span> <span class='ocrx_word' id='word_1_165' title='bbox 674 2721 750 2768; x_wconf 87' lang='lat' dir='ltr'>fracta</span> <span class='ocrx_word' id='word_1_166' title='bbox 815 2722 870 2769; x_wconf 83' lang='lat'><strong>602.</strong></span> <span class='ocrx_word' id='word_1_167' title='bbox 883 2720 994 2783; x_wconf 78' lang='lat' dir='ltr'>Prodita]</span> <span class='ocrx_word' id='word_1_168' title='bbox 1008 2721 1048 2768; x_wconf 85' lang='lat' dir='ltr'>Ex</span> <span class='ocrx_word' id='word_1_169' title='bbox 1058 2720 1175 2769; x_wconf 87' lang='lat' dir='ltr'>interiore</span> <span class='ocrx_word' id='word_1_170' title='bbox 1192 2720 1244 2767; x_wconf 91' lang='lat' dir='ltr'>loco</span> <span class='ocrx_word' id='word_1_171' title='bbox 1260 2735 1317 2783; x_wconf 91' lang='lat' dir='ltr'>pro·</span> 
     </span>
     <span class='ocr_line' id='line_1_25' title="bbox 214 2785 994 2850; baseline -0.005 -14"><span class='ocrx_word' id='word_1_172' title='bbox 214 2797 258 2846; x_wconf 88' lang='lat' dir='ltr'>est,</span> <span class='ocrx_word' id='word_1_173' title='bbox 271 2797 298 2835; x_wconf 88' lang='lat' dir='ltr'>ut</span> <span class='ocrx_word' id='word_1_174' title='bbox 315 2787 388 2850; x_wconf 89' lang='lat' dir='ltr'>paulo</span> <span class='ocrx_word' id='word_1_175' title='bbox 404 2786 515 2849; x_wconf 89' lang='lat' dir='ltr'>graviore</span> <span class='ocrx_word' id='word_1_176' title='bbox 534 2801 607 2834; x_wconf 86' lang='lat' dir='ltr'>causa</span> <span class='ocrx_word' id='word_1_177' title='bbox 625 2785 749 2832; x_wconf 90' lang='lat' dir='ltr'>incidente</span> <span class='ocrx_word' id='word_1_178' title='bbox 782 2787 886 2841; x_wconf 91' lang='lat' dir='ltr'>cedens;</span> <span class='ocrx_word' id='word_1_179' title='bbox 904 2789 994 2834; x_wconf 82' lang='lat' dir='ltr'>Festus.</span> 
     </span>
    </p>

    <p class='ocr_par' dir='ltr' id='par_1_5' title="bbox 210 2846 1319 3300">
     <span class='ocr_line' id='line_1_26' title="bbox 212 2846 1319 2926; baseline -0.005 -27"><span class='ocrx_word' id='word_1_180' title='bbox 212 2852 285 2926; x_wconf 89' lang='lat' dir='ltr'>plane</span> <span class='ocrx_word' id='word_1_181' title='bbox 301 2850 454 2898; x_wconf 86' lang='lat' dir='ltr'>dissolvenda</span> <span class='ocrx_word' id='word_1_182' title='bbox 469 2859 600 2912; x_wconf 86' lang='lat' dir='ltr'>arguatur:</span> <span class='ocrx_word' id='word_1_183' title='bbox 618 2865 674 2897; x_wconf 89' lang='lat' dir='ltr'>cum</span> <span class='ocrx_word' id='word_1_184' title='bbox 691 2864 749 2896; x_wconf 89' lang='lat' dir='ltr'>vero</span> <span class='ocrx_word' id='word_1_185' title='bbox 815 2851 870 2897; x_wconf 78' lang='lat'><strong>604.</strong></span> <span class='ocrx_word' id='word_1_186' title='bbox 884 2853 936 2897; x_wconf 84' lang='lat' dir='ltr'>Nan</span> <span class='ocrx_word' id='word_1_187' title='bbox 948 2852 1011 2897; x_wconf 82' lang='lat' dir='ltr'>ruodo</span> <span class='ocrx_word' id='word_1_188' title='bbox 1022 2867 1065 2897; x_wconf 85' lang='lat' dir='ltr'>aaa</span> <span class='ocrx_word' id='word_1_189' title='bbox 1075 2846 1247 2910; x_wconf 81' lang='lat' dir='ltr'>omnempossr&#39;t]</span> <span class='ocrx_word' id='word_1_190' title='bbox 1259 2847 1319 2905; x_wconf 89' lang='lat' dir='ltr'>Alii,</span> 
     </span>
     <span class='ocr_line' id='line_1_27' title="bbox 212 2913 1194 2977; baseline -0.002 -15"><span class='ocrx_word' id='word_1_191' title='bbox 212 2925 248 2963; x_wconf 88' lang='lat' dir='ltr'>rta</span> <span class='ocrx_word' id='word_1_192' title='bbox 259 2915 397 2962; x_wconf 85' lang='lat' dir='ltr'>labefactari</span> <span class='ocrx_word' id='word_1_193' title='bbox 413 2913 491 2977; x_wconf 85' lang='lat' dir='ltr'>possit</span> <span class='ocrx_word' id='word_1_194' title='bbox 502 2913 607 2961; x_wconf 87' lang='lat' dir='ltr'>Animus</span> <span class='ocrx_word' id='word_1_195' title='bbox 618 2914 676 2960; x_wconf 91' lang='lat' dir='ltr'>dum</span> <span class='ocrx_word' id='word_1_196' title='bbox 687 2914 747 2960; x_wconf 87' lang='lat' dir='ltr'>Cor·</span> <span class='ocrx_word' id='word_1_197' title='bbox 782 2916 836 2961; x_wconf 83' lang='lat' dir='ltr'>Nou</span> <span class='ocrx_word' id='word_1_198' title='bbox 847 2918 910 2961; x_wconf 87' lang='lat' dir='ltr'>modo</span> <span class='ocrx_word' id='word_1_199' title='bbox 920 2931 963 2961; x_wconf 84' lang='lat' dir='ltr'>aaa</span> <span class='ocrx_word' id='word_1_200' title='bbox 975 2929 1047 2961; x_wconf 91' lang='lat' dir='ltr'>omne</span> <span class='ocrx_word' id='word_1_201' title='bbox 1059 2913 1194 2961; x_wconf 88' lang='lat' dir='ltr'>incolumis.</span> 
     </span>
     <span class='ocr_line' id='line_1_28' title="bbox 212 2975 1319 3044; baseline -0.003 -18"><span class='ocrx_word' id='word_1_202' title='bbox 212 2979 346 3044; x_wconf 89' lang='lat' dir='ltr'>pusillum</span> <span class='ocrx_word' id='word_1_203' title='bbox 365 2979 426 3041; x_wconf 87' lang='lat' dir='ltr'>tegit</span> <span class='ocrx_word' id='word_1_204' title='bbox 443 2986 468 3025; x_wconf 89' lang='lat' dir='ltr'>et</span> <span class='ocrx_word' id='word_1_205' title='bbox 486 2985 574 3034; x_wconf 87' lang='lat' dir='ltr'>tuetur,</span> <span class='ocrx_word' id='word_1_206' title='bbox 593 2977 647 3039; x_wconf 88' lang='lat' dir='ltr'>quis</span> <span class='ocrx_word' id='word_1_207' title='bbox 666 2977 750 3025; x_wconf 88' lang='lat' dir='ltr'>credat</span> <span class='ocrx_word' id='word_1_208' title='bbox 815 2978 869 3025; x_wconf 85' lang='lat'>606.</span> <span class='ocrx_word' id='word_1_209' title='bbox 894 2981 944 3025; x_wconf 88' lang='lat' dir='ltr'>Nec</span> <span class='ocrx_word' id='word_1_210' title='bbox 965 2981 1011 3025; x_wconf 82' lang='lat' dir='ltr'>ribi</span> <span class='ocrx_word' id='word_1_211' title='bbox 1031 2982 1091 3025; x_wconf 75' lang='lat' dir='ltr'>euim</span> <span class='ocrx_word' id='word_1_212' title='bbox 1113 2981 1237 3039; x_wconf 77' lang='lat' dir='ltr'>quisquam,</span> <span class='ocrx_word' id='word_1_213' title='bbox 1261 2975 1319 3038; x_wconf 82' lang='lat' dir='ltr'>eta]</span> 
     </span>
     <span class='ocr_line' id='line_1_29' title="bbox 213 3040 1317 3103; baseline -0.003 -13"><span class='ocrx_word' id='word_1_214' title='bbox 213 3055 312 3091; x_wconf 89' lang='lat' dir='ltr'>tenuem</span> <span class='ocrx_word' id='word_1_215' title='bbox 328 3042 399 3090; x_wconf 87' lang='lat' dir='ltr'>istam</span> <span class='ocrx_word' id='word_1_216' title='bbox 412 3041 571 3090; x_wconf 82' lang='lat' dir='ltr'>substantiam</span> <span class='ocrx_word' id='word_1_217' title='bbox 584 3057 628 3089; x_wconf 92' lang='lat' dir='ltr'>suo</span> <span class='ocrx_word' id='word_1_218' title='bbox 642 3040 748 3103; x_wconf 86' lang='lat' dir='ltr'>tegmine</span> <span class='ocrx_word' id='word_1_219' title='bbox 783 3041 969 3098; x_wconf 89' lang='lat' dir='ltr'>Duodecimum,</span> <span class='ocrx_word' id='word_1_220' title='bbox 982 3057 1004 3089; x_wconf 88' lang='lat' dir='ltr'>v.</span> <span class='ocrx_word' id='word_1_221' title='bbox 1018 3043 1040 3090; x_wconf 88' lang='lat'>9.</span> <span class='ocrx_word' id='word_1_222' title='bbox 1065 3043 1098 3089; x_wconf 90' lang='lat' dir='ltr'>Et</span> <span class='ocrx_word' id='word_1_223' title='bbox 1109 3042 1199 3103; x_wconf 91' lang='lat' dir='ltr'>nequid</span> <span class='ocrx_word' id='word_1_224' title='bbox 1211 3041 1317 3088; x_wconf 89' lang='lat' dir='ltr'>inteuta-</span> 
     </span>
     <span class='ocr_line' id='line_1_30' title="bbox 213 3105 1317 3180; baseline -0.003 -25"><span class='ocrx_word' id='word_1_225' title='bbox 213 3117 311 3155; x_wconf 84' lang='lat' dir='ltr'>exntam</span> <span class='ocrx_word' id='word_1_226' title='bbox 328 3107 489 3169; x_wconf 87' lang='lat' dir='ltr'>procellarum</span> <span class='ocrx_word' id='word_1_227' title='bbox 507 3115 531 3153; x_wconf 87' lang='lat' dir='ltr'>et</span> <span class='ocrx_word' id='word_1_228' title='bbox 548 3105 650 3153; x_wconf 86' lang='lat' dir='ltr'>aliamm</span> <span class='ocrx_word' id='word_1_229' title='bbox 666 3120 747 3154; x_wconf 86' lang='lat' dir='ltr'>rerum</span> <span class='ocrx_word' id='word_1_230' title='bbox 781 3114 834 3154; x_wconf 91' lang='lat' dir='ltr'>tum</span> <span class='ocrx_word' id='word_1_231' title='bbox 849 3105 977 3168; x_wconf 85' lang='lat' dir='ltr'>relinquat,</span> <span class='ocrx_word' id='word_1_232' title='bbox 991 3106 1022 3154; x_wconf 86' lang='lat' dir='ltr'>ad</span> <span class='ocrx_word' id='word_1_233' title='bbox 1038 3107 1171 3154; x_wconf 84' lang='lat' dir='ltr'>morientes</span> <span class='ocrx_word' id='word_1_234' title='bbox 1187 3113 1317 3180; x_wconf 84' lang='lat' dir='ltr'>provocat:</span> 
     </span>
     <span class='ocr_line' id='line_1_31' title="bbox 210 3168 1316 3235; baseline -0.004 -16"><span class='ocrx_word' id='word_1_235' title='bbox 210 3171 303 3235; x_wconf 84' lang='lat' dir='ltr'>jugiter</span> <span class='ocrx_word' id='word_1_236' title='bbox 320 3170 497 3219; x_wconf 88' lang='lat' dir='ltr'>incurrentium</span> <span class='ocrx_word' id='word_1_237' title='bbox 514 3170 620 3233; x_wconf 83' lang='lat' dir='ltr'>impetus</span> <span class='ocrx_word' id='word_1_238' title='bbox 640 3169 748 3233; x_wconf 82' lang='lat' dir='ltr'>perferre</span> <span class='ocrx_word' id='word_1_239' title='bbox 781 3170 835 3231; x_wconf 93' lang='lat' dir='ltr'>quis</span> <span class='ocrx_word' id='word_1_240' title='bbox 847 3179 928 3218; x_wconf 86' lang='lat' dir='ltr'>autem</span> <span class='ocrx_word' id='word_1_241' title='bbox 945 3170 1102 3218; x_wconf 86' lang='lat' dir='ltr'>morientium</span> <span class='ocrx_word' id='word_1_242' title='bbox 1114 3179 1240 3233; x_wconf 79' lang='lat' dir='ltr'>experitur</span> <span class='ocrx_word' id='word_1_243' title='bbox 1252 3168 1316 3216; x_wconf 89' lang='lat' dir='ltr'>Ani-</span> 
     </span>
     <span class='ocr_line' id='line_1_32' title="bbox 212 3234 1319 3300; baseline -0.005 -15"><span class='ocrx_word' id='word_1_244' title='bbox 212 3238 303 3300; x_wconf 84' lang='lat' dir='ltr'>possel</span> <span class='ocrx_word' id='word_1_245' title='bbox 781 3251 845 3283; x_wconf 90' lang='lat' dir='ltr'>mam</span> <span class='ocrx_word' id='word_1_246' title='bbox 866 3250 935 3283; x_wconf 85' lang='lat' dir='ltr'>suam</span> <span class='ocrx_word' id='word_1_247' title='bbox 955 3237 985 3282; x_wconf 93' lang='lat' dir='ltr'>ab</span> <span class='ocrx_word' id='word_1_248' title='bbox 1002 3234 1118 3282; x_wconf 86' lang='lat' dir='ltr'>extremis</span> <span class='ocrx_word' id='word_1_249' title='bbox 1136 3234 1247 3296; x_wconf 86' lang='lat' dir='ltr'>partibus</span> <span class='ocrx_word' id='word_1_250' title='bbox 1264 3248 1319 3280; x_wconf 84' lang='lat' dir='ltr'>sur-</span> 
     </span>
    </p>

    <p class='ocr_par' dir='ltr' id='par_1_6' title="bbox 213 3297 1320 3491">
     <span class='ocr_line' id='line_1_33' title="bbox 247 3297 1319 3363; baseline -0.004 -15"><span class='ocrx_word' id='word_1_251' title='bbox 247 3303 301 3350; x_wconf 75' lang='lat'>694.</span> <span class='ocrx_word' id='word_1_252' title='bbox 319 3304 352 3349; x_wconf 78' lang='lat' dir='ltr'>ut</span> <span class='ocrx_word' id='word_1_253' title='bbox 363 3303 430 3363; x_wconf 81' lang='lat' dir='ltr'>quasi</span> <span class='ocrx_word' id='word_1_254' title='bbox 442 3298 557 3362; x_wconf 85' lang='lat' dir='ltr'>supremo]</span> <span class='ocrx_word' id='word_1_255' title='bbox 576 3300 651 3346; x_wconf 90' lang='lat' dir='ltr'>Hunc</span> <span class='ocrx_word' id='word_1_256' title='bbox 668 3307 693 3346; x_wconf 88' lang='lat' dir='ltr'>et</span> <span class='ocrx_word' id='word_1_257' title='bbox 709 3313 747 3346; x_wconf 87' lang='lat' dir='ltr'>se·</span> <span class='ocrx_word' id='word_1_258' title='bbox 781 3309 879 3362; x_wconf 86' lang='lat' dir='ltr'>gentem</span> <span class='ocrx_word' id='word_1_259' title='bbox 892 3315 936 3362; x_wconf 89' lang='lat' dir='ltr'>per</span> <span class='ocrx_word' id='word_1_260' title='bbox 947 3316 974 3347; x_wconf 92' lang='lat' dir='ltr'>os</span> <span class='ocrx_word' id='word_1_261' title='bbox 986 3315 1057 3347; x_wconf 89' lang='lat' dir='ltr'>suum</span> <span class='ocrx_word' id='word_1_262' title='bbox 1074 3299 1193 3360; x_wconf 89' lang='lat' dir='ltr'>integram</span> <span class='ocrx_word' id='word_1_263' title='bbox 1206 3297 1280 3355; x_wconf 86' lang='lat' dir='ltr'>exire,</span> <span class='ocrx_word' id='word_1_264' title='bbox 1293 3307 1319 3344; x_wconf 91' lang='lat' dir='ltr'>et</span> 
     </span>
     <span class='ocr_line' id='line_1_34' title="bbox 213 3361 1320 3475; baseline -0.005 -62"><span class='ocrx_word' id='word_1_265' title='bbox 213 3374 328 3427; x_wconf 88' lang='lat' dir='ltr'>quentem</span> <span class='ocrx_word' id='word_1_266' title='bbox 352 3381 449 3413; x_wconf 88' lang='lat' dir='ltr'>versum</span> <span class='ocrx_word' id='word_1_267' title='bbox 469 3364 539 3411; x_wconf 88' lang='lat' dir='ltr'>multi</span> <span class='ocrx_word' id='word_1_268' title='bbox 558 3363 680 3426; x_wconf 85' lang='lat' dir='ltr'>rejiciunt,</span> <span class='ocrx_word' id='word_1_269' title='bbox 703 3378 748 3411; x_wconf 90' lang='lat' dir='ltr'>uec</span> <span class='ocrx_word' id='word_1_270' title='bbox 782 3379 831 3411; x_wconf 92' lang='lat' dir='ltr'>non</span> <span class='ocrx_word' id='word_1_271' title='bbox 854 3364 939 3475; x_wconf 78' lang='lat' dir='ltr'>potius</span> <span class='ocrx_word' id='word_1_272' title='bbox 966 3363 992 3410; x_wconf 89' lang='lat' dir='ltr'>in</span> <span class='ocrx_word' id='word_1_273' title='bbox 1021 3361 1124 3425; x_wconf 88' lang='lat' dir='ltr'>singulis</span> <span class='ocrx_word' id='word_1_274' title='bbox 1151 3361 1268 3425; x_wconf 87' lang='lat' dir='ltr'>partibus,</span> <span class='ocrx_word' id='word_1_275' title='bbox 1291 3370 1320 3408; x_wconf 89' lang='lat' dir='ltr'>ut</span> 
     </span>
     <span class='ocr_line' id='line_1_35' title="bbox 214 3425 1315 3491; baseline -0.005 -14"><span class='ocrx_word' id='word_1_276' title='bbox 214 3444 259 3491; x_wconf 83' lang='lat' dir='ltr'>ego</span> <span class='ocrx_word' id='word_1_277' title='bbox 270 3430 368 3491; x_wconf 88' lang='lat' dir='ltr'>quidem</span> <span class='ocrx_word' id='word_1_278' title='bbox 380 3430 435 3477; x_wconf 88' lang='lat' dir='ltr'>illos</span> <span class='ocrx_word' id='word_1_279' title='bbox 446 3428 591 3490; x_wconf 88' lang='lat' dir='ltr'>injuriarum</span> <span class='ocrx_word' id='word_1_280' title='bbox 602 3427 706 3491; x_wconf 88' lang='lat' dir='ltr'>postulo.</span> <span class='ocrx_word' id='word_1_281' title='bbox 782 3444 853 3490; x_wconf 89' lang='lat' dir='ltr'>quem</span> <span class='ocrx_word' id='word_1_282' title='bbox 864 3429 914 3476; x_wconf 88' lang='lat' dir='ltr'>ibet</span> <span class='ocrx_word' id='word_1_283' title='bbox 930 3443 1028 3476; x_wconf 88' lang='lat' dir='ltr'>sensum</span> <span class='ocrx_word' id='word_1_284' title='bbox 1045 3427 1072 3474; x_wconf 93' lang='lat' dir='ltr'>in</span> <span class='ocrx_word' id='word_1_285' title='bbox 1083 3442 1128 3475; x_wconf 90' lang='lat' dir='ltr'>suo</span> <span class='ocrx_word' id='word_1_286' title='bbox 1144 3441 1242 3488; x_wconf 83' lang='lat' dir='ltr'>organo,</span> <span class='ocrx_word' id='word_1_287' title='bbox 1255 3425 1315 3473; x_wconf 87' lang='lat' dir='ltr'>defi·</span> 
     </span>
    </p>

    <p class='ocr_par' dir='ltr' id='par_1_7' title="bbox 212 3489 1321 3811">
     <span class='ocr_line' id='line_1_36' title="bbox 246 3489 1321 3556; baseline -0.001 -17"><span class='ocrx_word' id='word_1_288' title='bbox 246 3494 301 3540; x_wconf 78' lang='lat'>596,</span> <span class='ocrx_word' id='word_1_289' title='bbox 318 3497 400 3541; x_wconf 81' lang='lat' dir='ltr'>Animo</span> <span class='ocrx_word' id='word_1_290' title='bbox 411 3491 583 3555; x_wconf 78' lang='lat' dir='ltr'>malefactum]</span> <span class='ocrx_word' id='word_1_291' title='bbox 602 3494 666 3540; x_wconf 90' lang='lat' dir='ltr'>Nam</span> <span class='ocrx_word' id='word_1_292' title='bbox 684 3492 749 3556; x_wconf 88' lang='lat' dir='ltr'>apud</span> <span class='ocrx_word' id='word_1_293' title='bbox 781 3495 856 3540; x_wconf 82' lang='lat' dir='ltr'>cerel</span> <span class='ocrx_word' id='word_1_294' title='bbox 882 3494 934 3540; x_wconf 90' lang='lat' dir='ltr'>Nec</span> <span class='ocrx_word' id='word_1_295' title='bbox 951 3492 1111 3541; x_wconf 89' lang='lat' dir='ltr'>dubitandum</span> <span class='ocrx_word' id='word_1_296' title='bbox 1128 3499 1166 3538; x_wconf 86' lang='lat' dir='ltr'>est</span> <span class='ocrx_word' id='word_1_297' title='bbox 1183 3489 1321 3538; x_wconf 88' lang='lat' dir='ltr'>Morientes</span> 
     </span>
     <span class='ocr_line' id='line_1_37' title="bbox 214 3554 1317 3614; baseline -0.002 -10"><span class='ocrx_word' id='word_1_298' title='bbox 214 3557 327 3605; x_wconf 89' lang='lat' dir='ltr'>Plautum</span> <span class='ocrx_word' id='word_1_299' title='bbox 338 3567 362 3604; x_wconf 88' lang='lat' dir='ltr'>et</span> <span class='ocrx_word' id='word_1_300' title='bbox 376 3557 527 3614; x_wconf 86' lang='lat' dir='ltr'>Terentium,</span> <span class='ocrx_word' id='word_1_301' title='bbox 539 3560 622 3604; x_wconf 82' lang='lat' dir='ltr'>Animo</span> <span class='ocrx_word' id='word_1_302' title='bbox 638 3559 696 3604; x_wconf 81' lang='lat' dir='ltr'>male</span> <span class='ocrx_word' id='word_1_303' title='bbox 713 3564 748 3604; x_wconf 79' lang='lat' dir='ltr'>est</span> <span class='ocrx_word' id='word_1_304' title='bbox 781 3557 926 3605; x_wconf 88' lang='lat' dir='ltr'>Animarum</span> <span class='ocrx_word' id='word_1_305' title='bbox 943 3555 1110 3605; x_wconf 87' lang='lat' dir='ltr'>dissolutionis</span> <span class='ocrx_word' id='word_1_306' title='bbox 1126 3554 1236 3603; x_wconf 88' lang='lat' dir='ltr'>conscios</span> <span class='ocrx_word' id='word_1_307' title='bbox 1248 3569 1317 3609; x_wconf 75' lang='lat' dir='ltr'>esse:</span> 
     </span>
     <span class='ocr_line' id='line_1_38' title="bbox 212 3618 1320 3683; baseline -0.002 -16"><span class='ocrx_word' id='word_1_308' title='bbox 212 3620 334 3682; x_wconf 83' lang='lat' dir='ltr'>ignificat</span> <span class='ocrx_word' id='word_1_309' title='bbox 344 3625 425 3669; x_wconf 78' lang='lat' dir='ltr'>Animi</span> <span class='ocrx_word' id='word_1_310' title='bbox 436 3623 560 3682; x_wconf 76' lang='lat' dir='ltr'>deliquium</span> <span class='ocrx_word' id='word_1_311' title='bbox 571 3625 655 3681; x_wconf 81' lang='lat' dir='ltr'>patior.</span> <span class='ocrx_word' id='word_1_312' title='bbox 686 3621 746 3675; x_wconf 83' lang='lat' dir='ltr'>Qni-</span> <span class='ocrx_word' id='word_1_313' title='bbox 780 3621 840 3668; x_wconf 84' lang='lat' dir='ltr'>alias</span> <span class='ocrx_word' id='word_1_314' title='bbox 857 3620 914 3681; x_wconf 90' lang='lat' dir='ltr'>quid</span> <span class='ocrx_word' id='word_1_315' title='bbox 932 3622 1109 3681; x_wconf 71' lang='lat' dir='ltr'>quererentur?</span> <span class='ocrx_word' id='word_1_316' title='bbox 1132 3618 1193 3666; x_wconf 85' lang='lat' dir='ltr'>Laeti</span> <span class='ocrx_word' id='word_1_317' title='bbox 1210 3619 1320 3683; x_wconf 90' lang='lat' dir='ltr'>profecto</span> 
     </span>
     <span class='ocr_line' id='line_1_39' title="bbox 213 3682 1318 3746; baseline -0.002 -14"><span class='ocrx_word' id='word_1_318' title='bbox 213 3683 269 3732; x_wconf 88' lang='lat' dir='ltr'>dam</span> <span class='ocrx_word' id='word_1_319' title='bbox 281 3693 370 3742; x_wconf 81' lang='lat' dir='ltr'>amant,</span> <span class='ocrx_word' id='word_1_320' title='bbox 385 3687 451 3736; x_wconf 83' lang='lat' dir='ltr'>Quod</span> <span class='ocrx_word' id='word_1_321' title='bbox 460 3701 541 3746; x_wconf 82' lang='lat' dir='ltr'>genus,</span> <span class='ocrx_word' id='word_1_322' title='bbox 552 3700 601 3732; x_wconf 86' lang='lat' dir='ltr'>esse</span> <span class='ocrx_word' id='word_1_323' title='bbox 612 3687 694 3742; x_wconf 77' lang='lat' dir='ltr'>auimo,</span> <span class='ocrx_word' id='word_1_324' title='bbox 706 3685 748 3732; x_wconf 90' lang='lat' dir='ltr'>sed</span> <span class='ocrx_word' id='word_1_325' title='bbox 780 3685 933 3746; x_wconf 87' lang='lat' dir='ltr'>deponerent</span> <span class='ocrx_word' id='word_1_326' title='bbox 951 3683 1058 3739; x_wconf 82' lang='lat' dir='ltr'>exuvias,</span> <span class='ocrx_word' id='word_1_327' title='bbox 1076 3692 1104 3731; x_wconf 93' lang='lat' dir='ltr'>ut</span> <span class='ocrx_word' id='word_1_328' title='bbox 1117 3682 1204 3746; x_wconf 84' lang='lat' dir='ltr'>anguis</span> <span class='ocrx_word' id='word_1_329' title='bbox 1220 3683 1318 3746; x_wconf 84' lang='lat' dir='ltr'>pellem,</span> 
     </span>
     <span class='ocr_line' id='line_1_40' title="bbox 212 3747 1162 3811; baseline -0.002 -15"><span class='ocrx_word' id='word_1_330' title='bbox 212 3747 242 3796; x_wconf 78' lang='lat' dir='ltr'>rb</span> <span class='ocrx_word' id='word_1_331' title='bbox 252 3755 287 3795; x_wconf 84' lang='lat' dir='ltr'>est</span> <span class='ocrx_word' id='word_1_332' title='bbox 297 3747 407 3795; x_wconf 85' lang='lat' dir='ltr'>damnari</span> <span class='ocrx_word' id='word_1_333' title='bbox 420 3763 468 3794; x_wconf 92' lang='lat' dir='ltr'>non</span> <span class='ocrx_word' id='word_1_334' title='bbox 481 3747 559 3796; x_wconf 83' lang='lat' dir='ltr'>debet</span> <span class='ocrx_word' id='word_1_335' title='bbox 577 3750 662 3796; x_wconf 82' lang='lat' dir='ltr'>Faber.</span> <span class='ocrx_word' id='word_1_336' title='bbox 781 3748 819 3797; x_wconf 86' lang='lat' dir='ltr'>vel</span> <span class='ocrx_word' id='word_1_337' title='bbox 831 3763 918 3794; x_wconf 88' lang='lat' dir='ltr'>cervus</span> <span class='ocrx_word' id='word_1_338' title='bbox 929 3747 1052 3811; x_wconf 78' lang='lat' dir='ltr'>praelonga</span> <span class='ocrx_word' id='word_1_339' title='bbox 1064 3763 1162 3795; x_wconf 89' lang='lat' dir='ltr'>cornua.</span> 
     </span>
    </p>

    <p class='ocr_par' dir='ltr' id='par_1_8' title="bbox 213 3810 1328 4001">
     <span class='ocr_line' id='line_1_41' title="bbox 246 3810 1328 3873; baseline 0 -14"><span class='ocrx_word' id='word_1_340' title='bbox 246 3811 301 3862; x_wconf 77' lang='lat'><strong>597.</strong></span> <span class='ocrx_word' id='word_1_341' title='bbox 319 3814 363 3858; x_wconf 81' lang='lat' dir='ltr'>Ubi</span> <span class='ocrx_word' id='word_1_342' title='bbox 373 3811 426 3872; x_wconf 84' lang='lat' dir='ltr'>jam</span> <span class='ocrx_word' id='word_1_343' title='bbox 438 3811 580 3873; x_wconf 80' lang='lat' dir='ltr'>trepidatur]</span> <span class='ocrx_word' id='word_1_344' title='bbox 593 3811 633 3858; x_wconf 90' lang='lat' dir='ltr'>Ab</span> <span class='ocrx_word' id='word_1_345' title='bbox 645 3811 746 3859; x_wconf 88' lang='lat' dir='ltr'>astanti·</span> <span class='ocrx_word' id='word_1_346' title='bbox 813 3813 867 3859; x_wconf 90' lang='grc'><strong>608.</strong></span> <span class='ocrx_word' id='word_1_347' title='bbox 886 3810 1022 3872; x_wconf 83' lang='lat' dir='ltr'>Succedere]</span> <span class='ocrx_word' id='word_1_348' title='bbox 1041 3814 1135 3859; x_wconf 80' lang='lat' dir='ltr'>Sursum</span> <span class='ocrx_word' id='word_1_349' title='bbox 1152 3814 1231 3861; x_wconf 87' lang='lat' dir='ltr'>cedere</span> <span class='ocrx_word' id='word_1_350' title='bbox 1243 3822 1268 3859; x_wconf 88' lang='lat' dir='ltr'>et</span> <span class='ocrx_word' id='word_1_351' title='bbox 1278 3828 1328 3859; x_wconf 51' lang='lat' dir='ltr'>aaa</span> 
     </span>
     <span class='ocr_line' id='line_1_42' title="bbox 213 3874 1321 3938; baseline 0.001 -16"><span class='ocrx_word' id='word_1_352' title='bbox 213 3878 278 3930; x_wconf 77' lang='lat' dir='ltr'>bus:</span> <span class='ocrx_word' id='word_1_353' title='bbox 315 3892 388 3922; x_wconf 72' lang='lat' dir='ltr'>carues</span> <span class='ocrx_word' id='word_1_354' title='bbox 416 3884 531 3930; x_wconf 83' lang='lat' dir='ltr'>astantes,</span> <span class='ocrx_word' id='word_1_355' title='bbox 564 3884 615 3921; x_wconf 86' lang='lat' dir='ltr'>tota</span> <span class='ocrx_word' id='word_1_356' title='bbox 648 3875 747 3933; x_wconf 82' lang='lat' dir='ltr'>familia,</span> <span class='ocrx_word' id='word_1_357' title='bbox 780 3877 891 3928; x_wconf 69' lang='lat' dir='ltr'>candae:</span> <span class='ocrx_word' id='word_1_358' title='bbox 908 3874 949 3922; x_wconf 87' lang='lat' dir='ltr'>lib.</span> <span class='ocrx_word' id='word_1_359' title='bbox 963 3876 999 3923; x_wconf 91' lang='lat'>11.</span> <span class='ocrx_word' id='word_1_360' title='bbox 1012 3891 1034 3922; x_wconf 85' lang='lat' dir='ltr'>v.</span> <span class='ocrx_word' id='word_1_361' title='bbox 1049 3877 1103 3922; x_wconf 79' lang='lat'>204.</span> <span class='ocrx_word' id='word_1_362' title='bbox 1117 3878 1240 3924; x_wconf 82' lang='lat' dir='ltr'>Perauras</span> <span class='ocrx_word' id='word_1_363' title='bbox 1249 3876 1321 3938; x_wconf 70' lang='lat' dir='ltr'>A&#39;s&#39;ta‘s</span> 
     </span>
     <span class='ocr_line' id='line_1_43' title="bbox 213 3938 1311 4001; baseline -0.001 -12"><span class='ocrx_word' id='word_1_364' title='bbox 213 3940 300 3994; x_wconf 83' lang='lat' dir='ltr'>amici:</span> <span class='ocrx_word' id='word_1_365' title='bbox 318 3942 410 4001; x_wconf 80' lang='lat' dir='ltr'>Fayus:</span> <span class='ocrx_word' id='word_1_366' title='bbox 424 3938 518 4000; x_wconf 87' lang='lat' dir='ltr'>judicet</span> <span class='ocrx_word' id='word_1_367' title='bbox 530 3939 624 3985; x_wconf 86' lang='lat' dir='ltr'>Lector.</span> <span class='ocrx_word' id='word_1_368' title='bbox 779 3955 891 4000; x_wconf 76' lang='lat' dir='ltr'>expressa</span> <span class='ocrx_word' id='word_1_369' title='bbox 903 3955 992 3986; x_wconf 84' lang='lat' dir='ltr'>sursum</span> <span class='ocrx_word' id='word_1_370' title='bbox 1005 3942 1130 3987; x_wconf 82' lang='lat' dir='ltr'>succedere.</span> <span class='ocrx_word' id='word_1_371' title='bbox 1143 3941 1183 3988; x_wconf 89' lang='lat' dir='ltr'>Al.</span> <span class='ocrx_word' id='word_1_372' title='bbox 1197 3942 1311 3988; x_wconf 81' lang='lat' dir='ltr'>accedere.</span> 
     </span>
    </p>

    <p class='ocr_par' dir='ltr' id='par_1_9' title="bbox 211 4001 1320 4321">
     <span class='ocr_line' id='line_1_44' title="bbox 245 4001 1318 4065; baseline -0.001 -12"><span class='ocrx_word' id='word_1_373' title='bbox 245 4007 300 4053; x_wconf 89' lang='grc'><strong>600.</strong></span> <span class='ocrx_word' id='word_1_374' title='bbox 313 4001 479 4064; x_wconf 81' lang='lat' dir='ltr'>Goulubefiunt]</span> <span class='ocrx_word' id='word_1_375' title='bbox 493 4005 665 4058; x_wconf 62' lang='lat' dir='ltr'>Caulatascuut</span> <span class='ocrx_word' id='word_1_376' title='bbox 678 4002 746 4050; x_wconf 86' lang='lat' dir='ltr'>Gifa·</span> <span class='ocrx_word' id='word_1_377' title='bbox 813 4005 867 4051; x_wconf 81' lang='lat'><strong>613.</strong></span> <span class='ocrx_word' id='word_1_378' title='bbox 886 4006 917 4051; x_wconf 83' lang='lat' dir='ltr'>Ut</span> <span class='ocrx_word' id='word_1_379' title='bbox 928 4002 1031 4065; x_wconf 79' lang='lat' dir='ltr'>Anguis]</span> <span class='ocrx_word' id='word_1_380' title='bbox 1044 4003 1170 4065; x_wconf 84' lang='lat' dir='ltr'>Virgilius,</span> <span class='ocrx_word' id='word_1_381' title='bbox 1185 4007 1267 4056; x_wconf 77' lang='lat' dir='ltr'>Qualis</span> <span class='ocrx_word' id='word_1_382' title='bbox 1278 4008 1318 4052; x_wconf 83' lang='lat' dir='ltr'>ubi</span> 
     </span>
     <span class='ocr_line' id='line_1_45' title="bbox 212 4066 1318 4130; baseline 0 -13"><span class='ocrx_word' id='word_1_383' title='bbox 212 4070 275 4126; x_wconf 88' lang='lat' dir='ltr'>nius,</span> <span class='ocrx_word' id='word_1_384' title='bbox 299 4068 343 4116; x_wconf 84' lang='lat' dir='ltr'>via.</span> <span class='ocrx_word' id='word_1_385' title='bbox 365 4066 514 4114; x_wconf 86' lang='lat' dir='ltr'>existimavit</span> <span class='ocrx_word' id='word_1_386' title='bbox 535 4066 576 4113; x_wconf 90' lang='lat' dir='ltr'>ille</span> <span class='ocrx_word' id='word_1_387' title='bbox 595 4066 693 4113; x_wconf 71' lang='lat' dir='ltr'>Paetum</span> <span class='ocrx_word' id='word_1_388' title='bbox 712 4066 747 4127; x_wconf 93' lang='lat'>(0</span> <span class='ocrx_word' id='word_1_389' title='bbox 781 4071 805 4114; x_wconf 76' lang='lat' dir='ltr'>ia</span> <span class='ocrx_word' id='word_1_390' title='bbox 823 4071 894 4116; x_wconf 85' lang='lat' dir='ltr'>lucem</span> <span class='ocrx_word' id='word_1_391' title='bbox 912 4067 1010 4115; x_wconf 90' lang='lat' dir='ltr'>coluber</span> <span class='ocrx_word' id='word_1_392' title='bbox 1027 4070 1088 4115; x_wconf 83' lang='lat' dir='ltr'>mala</span> <span class='ocrx_word' id='word_1_393' title='bbox 1106 4072 1214 4130; x_wconf 79' lang='lat' dir='ltr'>gramina</span> <span class='ocrx_word' id='word_1_394' title='bbox 1227 4076 1318 4130; x_wconf 80' lang='lat' dir='ltr'>pastus,</span> 
     </span>
     <span class='ocr_line' id='line_1_46' title="bbox 211 4128 1320 4196; baseline -0.002 -13"><span class='ocrx_word' id='word_1_395' title='bbox 211 4150 263 4182; x_wconf 89' lang='lat' dir='ltr'>rem</span> <span class='ocrx_word' id='word_1_396' title='bbox 275 4131 437 4196; x_wconf 89' lang='lat' dir='ltr'>ingeniosam)</span> <span class='ocrx_word' id='word_1_397' title='bbox 450 4147 505 4178; x_wconf 91' lang='lat' dir='ltr'>cum</span> <span class='ocrx_word' id='word_1_398' title='bbox 517 4129 640 4177; x_wconf 86' lang='lat' dir='ltr'>infirmum</span> <span class='ocrx_word' id='word_1_399' title='bbox 650 4128 747 4191; x_wconf 87' lang='lat' dir='ltr'>aliquod</span> <span class='ocrx_word' id='word_1_400' title='bbox 782 4135 880 4194; x_wconf 76' lang='lat' dir='ltr'>Frigida</span> <span class='ocrx_word' id='word_1_401' title='bbox 895 4135 937 4179; x_wconf 84' lang='lat' dir='ltr'>sub</span> <span class='ocrx_word' id='word_1_402' title='bbox 954 4139 1018 4179; x_wconf 82' lang='lat' dir='ltr'>terra</span> <span class='ocrx_word' id='word_1_403' title='bbox 1035 4135 1145 4179; x_wconf 79' lang='lat' dir='ltr'>tumidum</span> <span class='ocrx_word' id='word_1_404' title='bbox 1157 4149 1221 4193; x_wconf 86' lang='lat' dir='ltr'>quem</span> <span class='ocrx_word' id='word_1_405' title='bbox 1239 4136 1320 4181; x_wconf 79' lang='lat' dir='ltr'>bruma</span> 
     </span>
     <span class='ocr_line' id='line_1_47' title="bbox 212 4193 1316 4262; baseline -0.002 -15"><span class='ocrx_word' id='word_1_406' title='bbox 212 4196 374 4262; x_wconf 84' lang='lat' dir='ltr'>descripserit,</span> <span class='ocrx_word' id='word_1_407' title='bbox 385 4196 494 4243; x_wconf 83' lang='lat' dir='ltr'>infirmos</span> <span class='ocrx_word' id='word_1_408' title='bbox 506 4205 530 4242; x_wconf 83' lang='lat' dir='ltr'>et</span> <span class='ocrx_word' id='word_1_409' title='bbox 543 4193 684 4242; x_wconf 89' lang='lat' dir='ltr'>vacillantes</span> <span class='ocrx_word' id='word_1_410' title='bbox 693 4210 745 4242; x_wconf 89' lang='lat' dir='ltr'>ver·</span> <span class='ocrx_word' id='word_1_411' title='bbox 780 4199 878 4257; x_wconf 75' lang='lat' dir='ltr'>tegebat,</span> <span class='ocrx_word' id='word_1_412' title='bbox 891 4198 960 4242; x_wconf 86' lang='lat' dir='ltr'>Naue</span> <span class='ocrx_word' id='word_1_413' title='bbox 974 4200 1056 4257; x_wconf 77' lang='lat' dir='ltr'>positis</span> <span class='ocrx_word' id='word_1_414' title='bbox 1073 4212 1150 4244; x_wconf 90' lang='lat' dir='ltr'>novus</span> <span class='ocrx_word' id='word_1_415' title='bbox 1162 4197 1265 4253; x_wconf 85' lang='lat' dir='ltr'>exuviis,</span> <span class='ocrx_word' id='word_1_416' title='bbox 1278 4197 1316 4245; x_wconf 89' lang='lat' dir='ltr'>ni·</span> 
     </span>
     <span class='ocr_line' id='line_1_48' title="bbox 211 4259 1316 4321; baseline -0.003 -9"><span class='ocrx_word' id='word_1_417' title='bbox 211 4279 253 4312; x_wconf 87' lang='lat' dir='ltr'>sus</span> <span class='ocrx_word' id='word_1_418' title='bbox 265 4264 295 4311; x_wconf 88' lang='lat' dir='ltr'>de</span> <span class='ocrx_word' id='word_1_419' title='bbox 307 4261 425 4310; x_wconf 87' lang='lat' dir='ltr'>industria</span> <span class='ocrx_word' id='word_1_420' title='bbox 437 4259 529 4308; x_wconf 87' lang='lat' dir='ltr'>fecisse.</span> <span class='ocrx_word' id='word_1_421' title='bbox 780 4259 892 4321; x_wconf 85' lang='lat' dir='ltr'>tidusque</span> <span class='ocrx_word' id='word_1_422' title='bbox 907 4261 1016 4320; x_wconf 88' lang='lat' dir='ltr'>juventa,</span> <span class='ocrx_word' id='word_1_423' title='bbox 1030 4263 1130 4308; x_wconf 76' lang='lat' dir='ltr'>Lubrica</span> <span class='ocrx_word' id='word_1_424' title='bbox 1143 4265 1251 4310; x_wconf 81' lang='lat' dir='ltr'>convolvit</span> <span class='ocrx_word' id='word_1_425' title='bbox 1262 4265 1316 4310; x_wconf 83' lang='lat' dir='ltr'>sub-</span> 
     </span>
    </p>
   </div>
   <div class='ocr_carea' id='block_1_5' title="bbox 0 0 1440 4852">
    <p class='ocr_par' dir='ltr' id='par_1_10' title="bbox 0 0 1440 4852">
     <span class='ocr_line' id='line_1_49' title="bbox 0 0 1440 4852; baseline 0 0"><span class='ocrx_word' id='word_1_426' title='bbox 0 0 1440 4852; x_wconf 95' lang='lat' dir='ltr'> </span> 
     </span>
    </p>
   </div>
  </div>
 </body>
</html>
