2872 4852
452 214 625 279 LIBER
656 214 962 280 SECUNDUS.
1200 218 1259 280 113

164 385 226 431 1010
239 373 387 457 Corpora
400 372 514 454 prima,
526 372 618 455 ‚quod
633 372 667 433 in
677 373 814 435 'summis
830 372 957 435 fluitare
973 371 1118 436 videmus

238 475 366 551 Rebus,
381 483 415 536 et
430 473 593 537 interdum
608 475 709 549 nasci,
726 474 899 557 subitoque
915 474 1053 557 perimi:

239 577 330 650 Quin
345 577 441 640 etiam
456 575 557 640 refert
573 576 692 640 nostris
707 576 740 638 in
756 575 919 640 Versibus
933 577 1024 660 ipsis,

237 678 321 743 Cum
336 679 466 762 quibuS,
484 688 517 741 et
532 677 620 762 quali
636 679 699 742 sint
716 678 829 749 ordine
846 700 985 762 quaeque
999 677 1114 743 locata.

236 781 388 865 Namque
403 781 517 844 eadem
534 778 672 857 Coelum,
690 780 797 858 Mare,
814 779 949 857 Terras,
965 780 1125 859 Flumina,
1141 781 1250 848 Solem

164 896 226 943 1015
239 882 448 968 Significant:
473 882 588 945 eadem
605 881 744 965 Fruges,
761 879 922 959 Arbusta,
937 879 1159 947 Animanteis:
1236 892 1240 934 1

237 986 273 1050 si
287 1009 351 1050 non
367 985 473 1048 omnia
489 985 564 1060 sint,
581 993 615 1047 at
629 983 731 1047 multo
747 984 887 1046 maxima
901 1007 977 1067 pars
994 995 1045 1048 est

236 1086 437 1152 Consimilis:
462 1108 574 1150 verum
589 1085 743 1148 Positura
759 1085 972 1169 discrepitant
986 1085 1069 1150 haec.

236 1190 292 1253 Sic
306 1190 386 1272 ipsis
401 1189 434 1250 in
450 1189 548 1251 rebus
563 1187 640 1250 item
650 1187 720 1270 jam
735 1185 889 1249 Materiai
998 1251 999 1254 ,

237 1289 420 1366 Intervalla,
437 1287 523 1364 Viae,
540 1286 728 1364 Connexm,
746 1288 909 1365 Pondere,
927 1289 1050 1373 Plagae,

151 1508 205 1568 ejus
215 1508 402 1557 commentarios
419 1509 539 1570 legissem.
569 1509 609 1556 Ita
625 1517 690 1557 certe
723 1509 758 1557 ita
770 1508 901 1557 existimet.
930 1508 1004 1556 Certe
1014 1507 1142 1556 Lucretius
1150 1507 1262 1571 plurimis

152 1571 214 1619 ratio
225 1573 340 1636 postulat,
352 1574 395 1621 sed
410 1573 468 1635 quia
484 1572 650 1621 duriusculum
667 1573 690 1621 ei
723 1573 783 1621 locis
795 1573 923 1636 usurpavit
936 1589 1026 1622 manare
1043 1588 1088 1635 pro
1104 1589 1151 1622 essa
1167 1572 1262 1636 simpli·

153 1636 256 1695 videtur,
274 1654 368 1699 corpora
381 1642 459 1699 prima
476 1641 577 1686 resident
595 1646 689 1696 aterna,
723 1639 797 1693 citer;
826 1647 852 1685 at
877 1637 902 1685 ni
930 1637 1067 1700 frequentia
1094 1637 1262 1700 exemplorum

151 1700 207 1750 ideo
219 1701 266 1750 alio
278 1701 392 1765 confugit,
403 1713 431 1750 ut
441 1703 507 1751 dicat
517 1703 562 1750 hos
573 1715 623 1750 tres
635 1718 688 1751 ver·
724 1704 856 1767 probisset,
872 1718 901 1751 ea
918 1703 948 1750 de
966 1718 993 1750 re
1010 1701 1183 1755 dubitaremus.
1213 1701 1261 1750 Sed

150 1781 200 1823 aus,
213 1766 255 1828 qui
265 1775 347 1814 tamen
359 1767 419 1814 mibi
431 1782 578 1830 magnopere
596 1768 687 1815 Lucre·
722 1776 749 1815 ut
770 1783 809 1816 res
830 1776 887 1825 tota,
906 1783 955 1830 qua
974 1767 1004 1814 de
1023 1766 1111 1830 agium,
1150 1765 1260 1831 erspicue

152 1829 212 1878 tiaui
227 1831 348 1888 videntur,
367 1832 419 1879 tolli
435 1847 507 1894 posse
514 1851 520 1887 ;
539 1832 576 1880 vel
593 1831 628 1879 ita
645 1847 688 1879 ex·
722 1831 799 1895 magis
816 1840 939 1895 appareat,
975 1831 1062 1880 aurula
1077 1846 1110 1894 qu
1163 1831 1262 1879 maddi

150 1895 291 1958 plicandum
308 1895 337 1944 τὸ
355 1900 462 1954 residere,
481 1906 508 1944 ut
526 1896 688 1960 privationem
722 1913 821 1945 necesse
844 1906 888 1945 est
923 1847 983 1944 Vult
1006 1897 1109 1960 probare
1132 1895 1261 1953 Lucretius

151 1960 182 2007 ab
193 1960 260 2008 omni
272 1969 339 2007 motu
351 1961 478 2024 significet,
489 1970 514 2009 et
522 1978 591 2022 penes
602 1969 689 2009 aterna
722 1961 826 2009 mortem'
837 1961 916 2025 ipsam
928 1961 963 2008 nil
979 1976 1092 2024 prorsum
1108 1959 1135 2009 in
1151 1959 1259 2022 corpori-

151 2024 258 2086 positum
278 2025 353 2073 fuerit
374 2041 419 2089 pro
438 2043 508 2088 penes
529 2031 688 2074 aeternitatem.
722 2027 768 2075 bus
776 2025 974 2089 primordialibus
984 2025 1015 2072 ad
1026 2025 1132 2073 nihilum
1143 2025 1261 2087 redigere,

152 2089 201 2137 Sed
223 2105 276 2137 eam
299 2105 394 2152 quoque
416 2090 562 2138 sententiam
584 2090 690 2152 ipsemet
723 2090 766 2138 sed
790 2091 820 2137 ab
848 2105 877 2138 ea
902 2089 976 2138 situm
1002 2089 1083 2148 modo,
1103 2089 1213 2152 figuram,
1238 2098 1262 2137 et

153 2153 288 2202 Lambinus
299 2153 345 2202 sibi
357 2170 407 2202 non
419 2154 478 2202 satis
489 2153 587 2217 probari
599 2154 690 2201 ibidem
723 2153 771 2201 alia
781 2153 807 2202 id
817 2169 895 2217 genus
911 2153 1015 2202 mutari:
1033 2156 1084 2202 Nec
1099 2157 1133 2201 ric
1149 2157 1262 2201 interimit

151 2218 266 2275 ostendit,
286 2226 311 2265 et
330 2218 418 2266 merito
436 2219 543 2280 quidem.
577 2218 690 2266 Gifanius
722 2236 781 2266 mors
800 2236 844 2274 rer,
865 2227 891 2266 at
912 2221 1021 2266 materiai
1038 2234 1133 2278 corpora
1150 2220 1261 2278 corficiat,

151 2281 187 2329 ita
203 2282 295 2340 scribit,
308 2282 343 2330 ita
358 2298 443 2330 omnes
454 2292 512 2331 vett
524 2282 582 2330 libb.
597 2282 692 2330 Marul-
725 2282 812 2344 inquit,
829 2281 855 2329 id
872 2291 909 2330 est
925 2282 1042 2339 destruat,
1060 2290 1200 2336 consumat;
1218 2282 1262 2332 sed

152 2345 291 2407 lusparam,
305 2345 461 2409 etitaVulg.
475 2355 500 2394 et
516 2347 601 2394 Lamb.
614 2346 691 2393 male:
725 2355 820 2393 tantum
830 2355 920 2393 coetum
929 2345 1038 2408 dissipat.
1067 2347 1125 2394 Inda
1138 2344 1221 2407 (idest
1232 2362 1264 2394 ex
1292 2383 1293 2388 ,

153 2414 253 2458 residere
263 2427 332 2471 penes
347 2419 435 2459 aterna
452 2410 528 2473 (quod
544 2410 692 2474 profundum
724 2410 755 2458 iis
773 2409 926 2473 corporibus)
946 2413 1012 2458 aliud
1027 2412 1083 2458 aliia
1099 2410 1224 2474 conjungit,
1239 2419 1265 2464 m

153 2473 212 2522 alibi
224 2474 314 2536 vocat),
325 2484 349 2522 et
360 2474 386 2522 in
398 2490 479 2522 rerum
492 2475 608 2538 adspectu
619 2483 644 2522 et
656 2474 690 2522 fa·
724 2478 792 2534 efficit
814 2491 887 2522 omnes
910 2490 946 2522 res
968 2483 994 2522 ut
1021 2482 1155 2523 convertant
1174 2474 1264 2538 sermm

152 2538 191 2586 cie
213 2547 304 2597 extare,
323 2538 466 2603 opposuisse
484 2539 581 2587 videtur
601 2539 690 2586 Poeta:
725 2556 785 2598 suas,
803 2547 826 2586 et
843 2542 938 2600 capiant
954 2555 1032 2588 tensus
1053 2537 1223 2602 (animentur),
1241 2548 1264 2588 et

154 2619 185 2651 ex
197 2603 285 2666 quibus
296 2603 388 2666 liquido
400 2603 478 2652 cuivis
489 2613 600 2652 constare
611 2612 693 2667 potest
721 2611 807 2666 puncto
812 2611 910 2665 tempore
917 2606 1023 2662 reddant,
1033 2603 1070 2665 (id
1077 2612 1115 2652 est
1120 2604 1263 2662 moriantur,

154 2668 205 2716 vim
217 2669 345 2717 sententia
357 2668 424 2716 nulla
435 2669 535 2717 omnino
546 2668 641 2717 ratione
653 2684 690 2716 as·
725 2684 782 2716 nam
793 2669 844 2716 haec
856 2668 887 2715 ad
903 2667 1018 2716 animalia
1034 2667 1169 2732 prasertim
1186 2668 1262 2732 perti-

153 2742 264 2781 secutum
276 2748 331 2781 eum
349 2749 409 2782 esse.
436 2734 485 2781 Sed
501 2733 543 2781 ubi
560 2733 621 2780 illud
638 2747 691 2781 tan-
725 2733 805 2795 nent)
818 2741 844 2780 at
854 2749 933 2781 noscas
942 2735 1039 2794 plurimi
1054 2731 1148 2795 referre,
1160 2740 1202 2781 etc.
1231 2736 1265 2782 Et

152 2796 210 2845 dem
221 2798 287 2861 apud
299 2798 447 2856 Lucretium,
459 2807 487 2846 ut
494 2796 633 2860 prq‘undnm
641 2797 692 2860 'pro
723 2815 752 2846 ne
760 2805 829 2860 pater
837 2797 915 2859 prima
924 2798 1079 2859 corpora'ideo
1089 2800 1164 2845 minus
1176 2800 1264 2846 atatam

153 2866 247 2910 aeternis
262 2866 388 2910 sumaturl
410 2873 503 2926 quaerat
518 2863 597 2910 modo.
627 2863 692 2910 Nam
724 2879 779 2919 esse,
797 2865 857 2924 quod
872 2865 915 2910 illa
931 2866 956 2910 in
972 2866 1082 2910 concretis
1095 2865 1210 2924 fluctuare
1227 2866 1262 2911 vi·

154 2942 199 2975 nos
209 2927 240 2975 rb
247 2927 385 2990 prffnndum
394 2927 421 2975 in
436 2928 482 2975 hoc
499 2927 553 2990 ipso
569 2926 631 2975 libro
646 2943 693 3039 pro
724 2929 815 2986 dantur,
833 2930 895 2975 modo
915 2930 986 2984 nasci,
1004 2926 1068 2974 modo
1087 2931 1199 2982 interire,·
1220 2928 1263 2990 qui

154 2994 242 3051 infinito
261 2992 324 3039 sumi
344 2992 441 3041 scimus.
479 2992 552 3049 Dein,
571 2991 625 3053 quis
663 3008 691 3040 u·
725 2991 792 3040 enim
805 2992 872 3040 nasci
889 2991 938 3049 illa,
951 3000 976 3039 et
991 2990 1093 3039 interire
1110 2999 1205 3054 putant,
1217 2991 1262 3054 falf

154 3055 216 3104 bitet
227 3057 309 3104 omnia
321 3072 429 3120 corpora,
441 3073 490 3104 non
508 3057 580 3105 modo
596 3056 690 3119 simpli·
724 3055 822 3112 lantum
846 3071 903 3104 nam
920 3071 952 3103 ex
968 3055 1044 3104 oculis
1062 3055 1153 3104 nostris
1171 3056 1263 3105 subdu-

153 3119 199 3178 cia,
221 3120 264 3168 sed
285 3130 310 3168 et
330 3131 443 3171 concreta
463 3137 516 3169 esse
536 3121 562 3169 in
585 3124 692 3181 infinito?
725 3130 814 3169 cuntur
829 3136 874 3184 per
889 3119 1017 3168 interitum
1034 3119 1207 3181 συγκριμάτων,
1220 3121 1264 3169 aed

153 3185 197 3232 ubi
214 3184 279 3233 enim
298 3201 350 3234 esse
369 3194 459 3248 queant
478 3185 527 3234 nisi
548 3185 575 3233 in
596 3188 692 3246 infinito,
725 3201 774 3233 non
786 3193 898 3247 pereunt,
909 3185 1001 3248 quippe
1012 3184 1043 3233 ad
1054 3192 1142 3232 caetera
1158 3185 1264 3247 primor·

153 3249 219 3297 baud
235 3265 293 3298 sane
311 3250 389 3298 video.
424 3251 463 3299 De
480 3250 614 3298 Latinitate
630 3249 693 3297 nihil
725 3249 765 3297 tiia
784 3249 942 3306 reducuntur,
961 3264 1004 3296 seu
1022 3252 1054 3296 ad
1072 3265 1114 3296 aaa
1136 3251 1212 3305 amota,
1235 3258 1264 3296 ut

153 3312 241 3372 dicam,
253 3314 343 3378 quippe
355 3314 397 3375 qui
407 3313 456 3377 legi
467 3314 542 3362 sciam
553 3313 619 3377 apud
630 3314 691 3361 Ter·
725 3328 781 3361 mox
793 3314 908 3375 loquitur,
920 3315 1037 3370 recedunt,
1049 3312 1127 3360 donec
1138 3320 1207 3359 motu
1218 3311 1265 3361 sibi

154 3377 283 3426 tullianum
292 3395 361 3438 penes
371 3393 416 3440 pro
427 3382 458 3424 in.
484 3377 692 3438 insamainquit,
725 3377 835 3440 ingenito
852 3377 880 3425 in
898 3385 975 3425 coetus
994 3391 1070 3424 novos
1089 3375 1198 3434 redeant,
1216 3385 1263 3424 etc.

151 3458 222 3503 penes
235 3441 341 3504 Africam
357 3444 456 3488 Saturno
472 3444 654 3498 immolabantur,
666 3441 693 3490 in
728 3443 852 3492 Quodnisi
862 3449 939 3490 autem
949 3443 978 3488 de
986 3444 1092 3501 positura
1103 3448 1126 3487 et
1137 3442 1264 3499 collatione,

155 3505 324 3568 Apologetico.
354 3504 403 3553 Sed
413 3505 488 3552 missa
498 3505 550 3553 heac
567 3505 636 3562 facio,
648 3520 692 3552 ne·
722 3513 799 3567 potest
809 3508 835 3553 id
849 3523 865 3553 a
880 3508 958 3563 simili,
969 3521 997 3552 ec
1014 3508 1134 3552 literarum
1149 3507 1265 3554 elementis

154 3585 202 3632 que
219 3569 285 3617 enim
302 3569 328 3617 id
344 3569 425 3633 agitur
441 3578 524 3617 utrum
541 3584 580 3617 res
598 3569 648 3616 sint
666 3569 693 3617 in
723 3572 825 3630 probari,
842 3579 886 3618 etr.
917 3571 957 3618 An
974 3568 1057 3631 itaque
1074 3584 1147 3626 nunc,
1167 3568 1263 3628 Lector,

151 3632 272 3697 prffando,
290 3650 334 3682 seu
348 3651 418 3696 penes
435 3642 529 3691 aterna,
546 3633 612 3696 quod
630 3633 693 3681 nihil
725 3643 775 3682 tres
786 3633 841 3682 illos
852 3649 937 3683 versus
949 3632 1069 3681 tollendos
1080 3648 1133 3681 esse
1148 3634 1264 3696 putabis?

154 3708 204 3756 est;
222 3700 320 3748 sedhoc
330 3698 459 3748 Lucretius
468 3699 509 3756 ait,
519 3699 628 3762 Corpora
638 3713 693 3760 quae
706 3755 711 3765 ⁴
726 3698 789 3746 Hac
810 3699 889 3746 Faber
909 3698 1019 3746 versibus
1037 3697 1168 3746 immeritis
1190 3698 1264 3763 nimia

153 3764 180 3813 in
191 3764 312 3813 concretis
323 3763 404 3829 perire
416 3763 536 3821 videntur,
548 3779 598 3810 non
612 3761 692 3826 perire
724 3763 816 3812 favens.
845 3762 913 3826 Lego
925 3771 1013 3819 autem,
1024 3764 1087 3810 Nem
1094 3771 1163 3823 pates
1173 3765 1266 3812 interno

154 3839 243 3888 tamen,
261 3845 340 3892 neque
359 3828 416 3877 ideo
433 3832 508 3885 mima
524 3836 612 3876 mterrm
628 3844 693 3882 esse,-
725 3831 807 3885 minas,
825 3835 867 3875 etc.
884 3836 943 3875 etv.
957 3828 1011 3874 958.
1029 3827 1163 3890 subJungo:
1185 3826 1266 3891 placet

154 3895 219 3956 quod
230 3894 313 3942 videre
325 3894 442 3942 debuerat
457 3892 576 3941 Gitaniua
606 3892 693 3953 ltaque
725 3891 773 3940 ista
783 3894 930 3952 conjectura,
942 3899 968 3939 et
978 3891 1029 3939 scio
1040 3890 1101 3939 alios
1117 3891 1265 3956 interpretes

154 3967 183 4006 ut
198 3958 224 4006 id
240 3957 347 4021 ingenue
364 3957 443 4005 dicam
460 3958 525 4020 quod
545 3956 631 4014 sentio,
648 3972 694 4020 pro
725 3956 788 4004 nihil
799 3956 887 4004 melius
898 3955 1035 4019 protulisse.

152 4039 221 4084 panea
233 4022 371 4071 necessario
387 4022 517 4084 legendum
529 4021 633 4070 arbitror
650 4024 692 4068 mi·
727 4048 728 4051 =
760 4019 830 4070 1017.
859 4023 1020 4081 Dismapitaat
1041 4019 1102 4084 icc]
1127 4019 1266 4068 Literarum

155 4095 259 4144 amam
272 4103 362 4148 param,
377 4094 405 4134 ut
421 4086 549 4149 invulgat.
578 4084 693 4148 Denique
726 4085 853 4134 elementa.
897 4084 957 4143 Alii,
985 4100 1037 4139 retr
1070 4084 1169 4158 inepte:
1202 4084 1266 4132 hanc

156 4149 202 4197 etsi
218 4151 311 4200 nullum
328 4152 468 4216 exemplum
484 4149 589 4214 proferri
608 4150 692 4214 possit,
725 4149 921 4198 emendationem
928 4147 1265 4209 LambiuiJudicrodebemus.

157 4212 184 4258 in
194 4228 241 4274 quo
252 4219 353 4265 residere
363 4215 470 4278 positum
486 4214 560 4263 fuerit
577 4231 622 4278 pro
638 4230 693 4271 ease,
761 4215 831 4262 1019.
853 4212 914 4276 Via]
932 4213 973 4278 Ap
991 4212 1053 4261 osite
1069 4210 1194 4274 Virgilius,
1212 4210 1266 4275 ipse

158 4290 207 4324 non
218 4277 333 4337 mutiano
347 4279 457 4342 sequitur
468 4295 550 4329 errare
567 4279 636 4327 illum
652 4279 694 4341 qui
727 4279 872 4342 Epicureus,
884 4277 911 4325 in
922 4277 964 4326 lib.
973 4229 1000 4326 l
1007 4278 1101 4337 'Georgi
1132 4275 1267 4327 meutt

858 4357 874 4392 a
