2872 4852
219 231 261 294 72
605 221 648 286 T.
674 220 946 287 LUCRETII

305 383 352 448 Et
367 399 496 446 sursum
510 378 622 442 nitidae
637 377 777 462 Fruges,
792 376 1006 461 Arbustaque
1022 386 1185 454 crescunt,

243 498 289 545 19⁰
308 485 471 560 Pondera,
483 492 640 567 quantum
648 481 681 544 in
694 503 728 545 se
739 481 790 557 ’st,
802 502 876 545 cum
884 480 1038 544 deorsum
1047 489 1166 544 cuncta
1174 477 1338 544 ferantur.

305 588 379 652 Nec
396 609 469 651 cum
484 582 657 649 subsiliunt
672 582 770 671 Ignes
786 584 828 647 ad
844 592 932 647 tecta
946 582 1129 658 domorum,

306 690 354 753 Et
369 687 467 753 celeri
479 687 607 751 flamma
622 686 799 771 degustant
813 685 913 769 tigna,
930 683 1130 767 trabeisque,
1208 707 1210 711 ·

307 791 433 874 Sponte
448 811 507 853 sua
521 787 629 853 facere
644 788 689 865 id,
706 788 774 852 sine
791 787 822 850 vi
838 787 1020 870 subigente,
1036 785 1187 869 putandu
1201 785 1260 850 st:

309 892 410 965 Quod
425 914 540 976 genus,
557 913 576 955 e
591 900 703 954 nostro
718 911 792 955 cum
805 888 923 952 missus
939 908 1076 971 corpore
1093 887 1237 972 Sanguis

244 1005 290 1052 195
308 993 437 1058 Emicat
451 992 618 1058 exsultans
634 991 709 1069 alte,
727 991 917 1075 spargitque
933 1009 1090 1054 cruorem.

308 1096 430 1160 Nonne
445 1096 537 1160 vides
553 1094 661 1171 etiam,
677 1101 799 1177 quanta
813 1093 844 1155 vi
860 1091 970 1176 Tigna
985 1090 1191 1174 Trabeisque

307 1196 459 1282 Respuat
470 1197 588 1261 humor
599 1194 727 1280 Aquael
751 1218 825 1259 nam
838 1217 935 1279 quam
946 1194 1041 1278 magi'
1054 1194 1224 1259 mersimus
1235 1191 1340 1257 altum

307 1299 456 1376 Directa,
473 1309 507 1363 et
520 1320 638 1382 magna
652 1298 683 1361 vi
696 1295 789 1361 multi
803 1297 982 1382 pressimus
997 1317 1104 1380 aegre3

307 1400 392 1466 Tam
407 1401 526 1486 cupide
542 1421 671 1464 sursum
684 1399 821 1463 revomit
835 1399 950 1483 magis,
967 1409 1066 1482 atque
1081 1396 1227 1475 remittit,

244 1516 292 1563 aoo
310 1503 390 1567 Plus
406 1513 444 1566 ut
458 1513 552 1587 parte
567 1501 655 1566 foras
671 1512 850 1586 emergant,
866 1500 1097 1584 exsiliantque:

308 1605 383 1670 Nec
397 1616 506 1669 tamen
519 1604 602 1681 haec,
619 1613 744 1687 quantu
758 1603 798 1667 'st
813 1603 847 1666 in
862 1625 909 1681 se,
926 1603 1126 1680 dubitamus,
1143 1602 1271 1686 opinor,

309 1707 400 1780 Quin
413 1729 550 1771 vacuum
565 1728 625 1790 per
639 1704 740 1770 Inane
756 1705 908 1770 deorsum
924 1714 1042 1770 cuncta
1055 1703 1214 1769 ferantur.

311 1809 366 1873 Sic
380 1809 480 1894 igitur
494 1808 617 1873 debent
632 1806 786 1871 Flammae
800 1829 930 1892 quoque
945 1829 1043 1892 posse
1058 1828 1119 1891 per
1132 1828 1230 1871 auras

309 1909 409 1975 Acris
424 1931 591 1994 expressae
606 1931 736 1974 sursum
750 1910 953 1988 succedere:
970 1931 1156 1994 quanquam

246 2024 294 2073 20⁵
313 2011 478 2090 Pondera,
494 2023 652 2096 quantum
665 2013 699 2076 in
711 2035 746 2077 se
758 2013 809 2090 ’st,
826 2013 980 2078 deorsum
994 2012 1158 2078 deducere
1173 2021 1341 2096 pugnent:

310 2115 568 2200 Nocturnasque
582 2114 671 2180 faces
687 2115 771 2180 Coeli
787 2114 924 2180 sublime
938 2113 1096 2180 volenteis

312 2218 433 2282 Nonne
449 2218 540 2282 vides
554 2217 670 2302 longos
685 2218 884 2282 flammarum
900 2218 1021 2288 ducere
1035 2225 1171 2292 tractus,

309 2320 349 2385 ln
364 2343 576 2406 quascunque
591 2321 683 2387 dedit
698 2321 819 2406 parteis
835 2321 968 2386 Natura
982 2318 1146 2385 meatum?

308 2422 389 2488 Non
402 2425 520 2489 cadere
535 2425 569 2487 in
584 2434 704 2490 terram
719 2423 849 2502 Stellas,
866 2434 900 2488 et
916 2423 1032 2488 Sidera
1047 2423 1177 2488 cernis?

244 2538 293 2585 210
312 2525 370 2589 Sol
384 2527 481 2589 etiam
497 2548 620 2589 summo
636 2525 677 2589 de
692 2526 813 2589 vertice
829 2525 979 2608 dissupat
993 2524 1115 2589 omneis

310 2625 474 2691 Ardorem
489 2626 522 2690 in
538 2628 673 2710 parteis,
689 2638 722 2692 et
736 2626 856 2692 lumine
872 2628 1013 2692 conserit
1028 2649 1121 2691 arva:

310 2727 351 2790 ln
366 2737 470 2791 terras
485 2727 585 2812 igitur
600 2750 730 2813 quoque
747 2727 832 2792 Solis
847 2730 992 2813 vergitur
1007 2729 1115 2793 ardor.

310 2828 599 2913 Transversosque
614 2830 721 2897 volare
736 2852 797 2915 per
812 2831 931 2896 imbres
946 2831 1095 2897 Fulmina
1106 2831 1229 2897 cernis:

311 2930 412 2997 Nunc
425 2932 512 3010 hinc,
528 2954 614 2998 nunc
629 2931 714 2997 illinc
729 2931 862 3018 abrupti
876 2933 1019 2999 nubibus
1034 2933 1136 3019 Ignes

259 3197 312 3246 193.
331 3199 384 3246 Sine
395 3200 418 3245 ri
429 3198 560 3262 subigente]
575 3200 615 3249 Ita
629 3199 763 3250 Lambinus
796 3204 941 3265 Saadentque
953 3202 1065 3251 cadentia
1075 3205 1154 3252 sidero
1164 3218 1283 3251 somnum:
1300 3202 1339 3251 lo·

223 3278 274 3312 uno
295 3263 350 3312 MS.
371 3263 475 3326 adjutus.
522 3264 574 3312 Alii
596 3280 689 3324 omues,
708 3268 763 3313 :ub-
795 3282 852 3314 cum
870 3267 973 3331 inspice,
992 3283 1082 3330 eosque
1098 3267 1164 3316 viros
1181 3266 1244 3316 nihil
1261 3282 1339 3332 agere

217 3328 293 3390 jecta.
796 3331 971 3396 deprehendes.

259 3393 312 3445 197.
335 3397 409 3446 Quam
435 3396 505 3458 mugi'
535 3393 664 3458 mamus]
690 3398 764 3448 Qum
829 3398 884 3445 212.
901 3396 1023 3460 Vergitar]
1036 3395 1143 3455 Servius,
1154 3396 1186 3444 ad
1198 3396 1261 3445 XII.
1276 3397 1340 3446 AEn.

224 3462 298 3520 magu
315 3462 426 3520 urgtmua,
440 3459 468 3507 Β.
486 3468 511 3507 et
528 3460 571 3509 alii
584 3461 662 3517 codd:
680 3477 762 3524 urgere
797 3464 846 3514 Quo
861 3470 947 3526 vergat
963 3465 1067 3511 Pondere
1084 3465 1184 3515 lotham:
1204 3461 1267 3510 bene
1283 3479 1337 3512 ocr-

224 3521 290 3569 enim
302 3522 367 3585 apud
379 3532 474 3572 veteres
489 3533 517 3573 ut
528 3525 635 3591 seruere:
652 3525 702 3585 alii,
721 3542 762 3574 ur-
792 3535 842 3590 gnt,
857 3543 914 3575 nam
929 3526 1063 3576 morientes
1076 3526 1167 3575 inferos
1181 3535 1276 3602 petunt.
1302 3527 1339 3577 Et

223 3588 301 3633 rimu.
794 3591 847 3639 bac
858 3591 946 3639 melius
963 3592 1106 3641 Lucretium
1123 3591 1247 3657 explicant
1261 3606 1338 3655 quam

258 3651 311 3698 199.
329 3651 432 3697 Revoms't
458 3652 548 3701 Melius
565 3669 638 3716 quam
649 3663 752 3703 removet.
795 3655 838 3703 illa
855 3670 909 3718 quae
929 3655 972 3704 alii
989 3656 1136 3721 interpretes
1153 3672 1184 3705 ex
1201 3655 1288 3705 Servio
1304 3656 1339 3706 ad

255 3715 311 3762 206.
331 3716 431 3762 aarum
462 3717 589 3780 Virgilius,
607 3721 703 3780 Jamque
719 3722 761 3767 ltu·
795 3720 841 3767 vl.
854 3719 951 3768 AEneid.
963 3721 1103 3786 proferunt:
1114 3725 1239 3784 Frontiana
1250 3719 1336 3770 inver-

223 3780 297 3836 nu‘ler,
303 3778 400 3841 jamque
410 3781 467 3827 elau
477 3781 581 3829 sublime
586 3782 705 3845 seruntur.
794 3784 831 3859 git
841 3787 896 3832 olna
912 3788 1039 3834 Sacerdos:
1061 3789 1158 3850 Vergerc
1169 3795 1207 3835 est
1217 3800 1339 3836 conversa

257 3844 313 3892 209.
325 3844 378 3916 N.⁰'¹
387 3845 468 3917 cadere
477 3848 595 3893 interram
605 3849 695 3905 Stellam
704 3845 761 3910 eta]
795 3863 821 3897 ru
834 3847 959 3898 sinistram
975 3861 1070 3915 partem
1082 3867 1156 3900 manu
1172 3851 1208 3899 ita
1223 3849 1337 3910 fundere,

224 3907 335 3964 Fallitur,
346 3920 449 3981 inques,
467 3909 597 3972 Epicurus,
610 3919 702 3959 etcum
718 3911 762 3960 illo
794 3921 823 3961 ut
838 3913 924 3976 patina
940 3925 1103 3973 convertatur,
1115 3916 1180 3979 quod
1191 3915 1217 3963 in
1231 3914 1339 3966 infamis

223 3987 274 4021 una
290 3971 432 4027 Lucretius:
450 3988 530 4036 neque
547 3975 613 4023 enim
630 3975 707 4024 stelloe
721 3991 762 4025 ca·
795 3977 872 4026 sacris
883 3979 927 4027 fit:
946 3979 989 4029 alii
999 3980 1092 4044 legunt,
1104 3984 1230 4045 spargitur.

223 4037 292 4086 duur.
328 4036 367 4111 lta
384 4045 437 4084 est:
459 4039 501 4086 sed
519 4049 587 4088 muta
602 4054 699 4098 nomen,
717 4056 763 4104 pro
828 4044 1160 4108 214.Ampa]v1rgi1ius;
1182 4043 1272 4110 Empti
1289 4062 1337 4094 uo·

224 4101 302 4150 stellis
317 4114 442 4176 pinguem,
453 4102 618 4167 sulphuream,
631 4113 656 4152 et
670 4105 761 4169 oleagi-
795 4110 861 4157 bibe:
876 4110 1119 4172 ignea—Promptus
1141 4127 1231 4172 corpore
1255 4113 1336 4160 sudor.

223 4182 309 4215 nouam
323 4164 501 4216 exbalauonem
515 4168 608 4230 ponito,
626 4169 690 4231 quod
701 4169 762 4220 dicit
793 4182 819 4222 et
830 4173 928 4222 AEneid.
944 4175 994 4223 111.
1007 4191 1030 4223 v.
1044 4175 1097 4223 199.
1109 4175 1198 4224 melius
1214 4190 1246 4224 ex
1261 4174 1337 4227 codd.

202 4247 309 4281 ,verum
320 4229 367 4279 erit
375 4239 470 4288 tamen:
489 4232 574 4281 Faber.
593 4232 727 4283 Lambinus
736 4245 762 4284 et
793 4247 841 4286 vet.
869 4238 971 4302 legatur,
998 4238 1106 4304 Abrupti
1134 4242 1233 4288 nubitur
1260 4243 1337 4303 ignee,

224 4296 317 4345 Parcus
328 4310 341 4344 e
353 4294 458 4359 Virgilio
471 4297 596 4361 explicant
611 4298 759 4359 Lucretium,
793 4317 865 4364 qnam
877 4303 994 4367 abruptis.
