2872 4852
439 229 611 295 LIBER
638 229 900 304 QUINTUS.

203 384 315 460 Tanto
330 385 452 470 quippe
467 388 568 471 magis
584 387 688 452 victus
704 386 828 451 fateare
843 390 982 464 necesse
992 385 1044 461 ’st,
1103 389 1108 396 '

138 498 186 545 ast
206 487 353 551 Exitium
367 510 498 572 quoque
514 488 644 566 Terrai,
659 487 809 572 Coelique
823 486 981 578 futurum·
1012 525 1013 528 ¹

204 589 291 654 Nam
306 611 379 654 cum
394 612 448 655 res
462 592 561 654 tantis
576 592 697 656 morbis
712 591 875 674 tantisque
890 587 1020 674 periclis

205 691 437 769 Tentarentur,
453 693 499 756 ibi
515 694 543 757 si
557 693 679 757 tristior
692 692 894 757 incubuisset

204 792 331 872 Causa;
350 793 471 858 darent
485 793 551 858 late
566 794 703 872 cladem,
720 816 918 880 magnasque
932 793 1061 858 ruinas:
1107 805 1108 809 ’

203 895 276 960 Nec
292 896 416 960 ratione
431 894 493 960 alia
508 896 660 960 mortales
676 919 748 961 esse
763 896 910 961 videmur
948 956 953 964 .

137 1009 186 1055 sto
205 997 295 1061 Inter
309 1019 380 1074 nos,
396 998 458 1061 nisi
473 998 563 1082 quod
576 999 697 1061 morbis
713 997 911 1082 aegriscimus
925 995 1042 1072 isdem,

204 1097 317 1182 Atque
331 1097 388 1176 illi,
404 1104 487 1182 quos
503 1121 523 1162 a
537 1099 603 1162 vita
617 1108 734 1162 natura
748 1098 894 1162 removit.

143 1258 145 1263 .
246 1198 424 1275 Praeterea,
440 1221 643 1283 quaecunque
658 1209 790 1263 manent
804 1209 937 1275 aeterna,
953 1217 1086 1262 necesse
1100 1195 1151 1272 ’st,

202 1299 276 1363 Aut
289 1302 367 1384 quia
382 1312 458 1365 sunt
473 1300 577 1367 solido
591 1324 664 1366 curn
681 1322 829 1384 corpore,
844 1322 1001 1385 respuere
1015 1300 1111 1376 ictus,

205 1401 280 1465 Nec
295 1411 468 1485 penetrare
483 1403 553 1486 pati
569 1403 631 1467 sibi
644 1404 828 1486 quicquam,
844 1403 934 1486 quod
949 1410 1048 1486 queat
1063 1408 1169 1464 arctas

141 1512 189 1558 355
206 1501 394 1568 Dissociare
408 1503 496 1567 intus
511 1504 645 1588 parteis,
661 1514 699 1567 ut
713 1504 868 1568 Materiai
889 1537 894 1543 ·

205 1603 353 1688 Corpora
368 1616 454 1682 sunt,
471 1627 609 1689 quorum
624 1616 772 1670 naturam
787 1606 988 1672 ostendimus
1003 1615 1096 1669 ante:
1196 1628 1199 1634 ·

206 1703 277 1768 Aut
291 1706 366 1770 ideo
382 1707 501 1771 durare
515 1718 644 1772 aetatem
658 1730 756 1792 posse
770 1729 831 1792 per
846 1730 982 1786 omnem,

206 1804 382 1890 Plagarum
398 1809 473 1892 quia
488 1821 564 1872 sunt
579 1810 738 1893 expertia,
756 1811 840 1874 sicut
853 1811 954 1875 lnane
969 1810 1020 1885 'st,

204 1906 305 1980 Quod
319 1921 427 1975 manet
439 1911 606 1988 intactum,
623 1934 728 1996 neque
744 1914 787 1976 ab
801 1913 868 1977 ictu
883 1913 1031 1998 fungitur
1044 1909 1162 1975 hilum:

139 2018 187 2065 360
205 2007 276 2073 Aut
292 2010 398 2088 etiam,
416 2013 491 2095 quia
506 2011 594 2076 nulla
608 2010 671 2077 loci
687 2014 728 2076 sit
743 2014 837 2098 copia
852 2014 983 2091 circum,
1005 2047 1006 2050 ¹

204 2110 281 2184 Quo
297 2113 390 2195 quasi
406 2134 458 2176 res
473 2124 611 2196 possunt
623 2114 804 2191 discedere,
821 2113 1037 2199 dissolvique3

203 2212 295 2276 Sicut
311 2236 506 2277 summarum
522 2213 654 2279 Summa
669 2215 708 2279 ’st
724 2227 857 2293 aeterna,
874 2238 979 2300 neque
995 2225 1090 2278 extra

206 2313 291 2386 Quis
309 2313 400 2379 locus
417 2325 479 2391 est,
496 2337 561 2398 quo
575 2314 752 2394 dissiliant;
776 2338 883 2400 neque
898 2338 1037 2400 corpora
1050 2323 1138 2392 sunt,
1153 2335 1227 2398 quae

206 2414 339 2479 Possint
353 2416 507 2492 incidere,
524 2427 558 2480 et
572 2415 679 2480 valida
694 2416 871 2482 dissolvere
885 2416 993 2502 plaga.-
1031 2463 1033 2466 -

140 2528 188 2575 365
204 2515 251 2580 At
265 2540 371 2602 neque
388 2517 448 2600 (uti
463 2518 574 2602 docui)
590 2518 692 2583 solido
709 2541 782 2584 cum
796 2541 934 2602 corpore
950 2518 1072 2582 Mundi

205 2618 336 2683 Natura
350 2620 401 2697 'st,
418 2621 570 2703 quoniam
585 2621 757 2686 admistum
773 2620 813 2685 ’st
827 2622 860 2684 in
874 2621 973 2686 rebus
989 2618 1109 2686 Inane:

205 2719 279 2785 Nec
289 2736 401 2786 tamen
416 2720 518 2787 estut
533 2722 653 2787 Inane:
677 2744 783 2807 neque
798 2733 909 2787 autem
923 2722 1072 2806 Corpora
1086 2721 1216 2798 desunt,

206 2823 262 2886 Ex
276 2822 409 2887 Infinito
425 2847 498 2908 quaa
513 2825 640 2908 possint
655 2825 739 2889 forte
754 2835 867 2889 coorta

207 2923 370 2990 Proruere
385 2924 470 2992 hanc
485 2948 595 2991 rerum
608 2926 748 2993 violento
764 2928 893 2992 turbine
910 2926 1085 3004 Summam,

142 3034 190 3086 ³70
208 3024 279 3091 Aut
295 3026 388 3091 aliam
402 3029 547 3111 quamvis
562 3027 687 3094 cladem
701 3030 877 3114 importare
892 3028 1025 3114 pericli:

207 3128 281 3194 Nec
296 3151 395 3214 porro
410 3141 527 3194 natura
540 3128 614 3208 loci,
630 3132 836 3215 spatiumque
851 3130 1005 3216 profundi

206 3230 342 3309 Deficit,
355 3233 509 3316 exspargi
523 3254 589 3316 quo
604 3233 731 3317 possint
746 3233 866 3297 moenia
881 3232 1013 3310 Mundi,

207 3331 278 3397 Aut
293 3332 354 3398 alia
368 3334 481 3417 quavis
496 3335 623 3417 possint
637 3333 670 3395 vi
683 3333 778 3417 pulsa
792 3335 911 3418 perire.

208 3434 311 3499 Haud
325 3437 424 3520 igitur
437 3434 518 3499 lethi
533 3434 693 3519 praeclusa
708 3435 748 3497 ’st
758 3436 861 3519 janua
876 3433 981 3512 Coelo,
1112 3521 1114 3525 Α

142 3548 190 3602 375
208 3538 283 3603 Nec
299 3537 379 3615 Soli,
395 3538 588 3621 Terraeque,
603 3559 664 3602 nec
679 3535 752 3601 altis
768 3537 928 3622 AEquoris
943 3536 1058 3600 undis:

207 3640 276 3704 Sed
291 3650 382 3724 patet
396 3640 537 3717 immani,
553 3649 586 3705 et
600 3650 693 3704 vasto
707 3649 873 3724 respectat
887 3638 990 3703 hiatu.

251 3741 363 3814 Quare
379 3742 476 3807 etiam
491 3742 614 3806 Nativa
629 3765 800 3809 necessum
815 3743 855 3807 ’st
870 3742 1046 3807 confiteare

154 3968 210 4015 ³52.
222 3969 348 4026 Praetereo,
360 3985 505 4032 quecunque,
516 3969 573 4032 eta]
590 3968 661 4018 Nihil
693 3969 786 4028 mundi,
798 3969 850 4018 haec
862 3982 992 4032 compages
1005 3975 1087 4031 potest
1102 3963 1151 4014 dici
1168 3963 1232 4012 Uni·

121 4040 240 4080 aeternum
257 4041 301 4081 aut
316 4033 453 4082 immortale
470 4036 581 4096 agnoscit
597 4033 659 4098 Epi·
693 4049 798 4092 versum,
810 4050 833 4082 v.
846 4035 893 4082 242
911 4033 959 4082 vid.
971 4032 1013 4080 lib.
1028 4028 1183 4079 111.v.807.

120 4111 202 4154 curus,
222 4106 311 4160 praeter
328 4113 430 4162 corpora
448 4099 555 4162 perfecte
575 4098 660 4156 solida,
727 4098 786 4150 377.’
798 4102 875 4151 Quare
887 4103 956 4147 etiem
968 4099 1064 4154 Nativa,
1076 4092 1133 4154 ete]
1151 4093 1192 4140 Ex
1203 4105 1234 4139 ev

120 4159 203 4219 inane,
216 4170 241 4209 et
251 4161 280 4210 rb
297 4163 353 4220 πᾶν,
365 4162 529 4212 Universum:
547 4173 573 4211 at
589 4178 660 4210 mun·
695 4163 759 4225 quod
770 4164 845 4211 linem
857 4162 989 4210 habiturus
1000 4169 1038 4208 est
1048 4157 1162 4213 mundus,
1174 4169 1233 4203 con·

120 4224 168 4272 dus
187 4235 292 4274 nonest
312 4242 400 4290 corpus
420 4228 528 4291 perfecte
549 4227 662 4286 solidum,
694 4227 779 4286 cludit,
803 4245 825 4277 v.
849 4229 872 4275 4.
896 4225 995 4275 initium
1020 4221 1153 4294 habuissent·
1176 4232 1235 4268 nam

121 4304 168 4338 nec
194 4289 276 4349 inane,
298 4306 385 4354 neque,
409 4308 466 4342 eum
493 4292 585 4341 infiniti
613 4292 663 4341 sint
695 4293 760 4355 quod
771 4290 901 4356 aliquando
912 4288 1009 4355 peribit,
1022 4287 1081 4336 olim
1093 4291 1213 4349 peniteat.
1224 4292 1232 4336 ζ
