2872 4852
207 227 271 292 208
575 221 629 284 T.
662 217 933 285 LUCRETII

292 378 562 461 Chordarumque
578 398 675 439 sonos
690 375 773 451 fieri,
790 373 978 457 dulceisque
993 372 1154 458 querelas,

292 482 391 547 Tibia
405 502 486 564 quas
501 478 609 542 fundit
623 478 732 562 digitis
747 476 877 561 pulsata
891 486 1082 540 canentum:

229 595 278 642 ⁶90
295 584 343 647 Et
358 604 462 667 genus
477 579 669 665 Agricoldm
683 579 747 643 late
764 579 952 654 sentiscere,
968 599 1042 642 cum
1057 577 1128 640 Pan

295 685 397 749 Pinea
413 682 554 747 semiferi
569 682 684 766 capitis
699 680 858 745 velamina
873 702 1044 763 quassam,

295 785 391 850 Unco
408 806 495 868 saepe
510 783 603 848 labro
619 782 758 848 calamos
771 782 932 866 percurrit
947 781 1098 856 hianteis,

294 886 420 951 Fistula
436 883 615 950 silvestrem
630 907 671 948 ne
687 894 792 948 cesset
807 882 944 948 fundere
958 904 1093 947 musam.

295 989 424 1054 Caetera
439 988 480 1051 de
495 1009 616 1072 genere
631 987 694 1050 hoc
709 997 864 1062 monstra,
881 1008 919 1049 ac
934 995 1087 1069 portenta
1101 983 1291 1068 loquuntur,

230 1104 278 1151 595
295 1091 351 1155 Ne
364 1089 436 1154 loca
451 1089 581 1153 deserta
597 1091 638 1154 ab
657 1089 751 1153 Divis
767 1110 898 1173 quoque
915 1087 999 1151 forte
1014 1096 1172 1171 putentur

295 1192 373 1257 Sola
388 1204 519 1270 tenere3
542 1192 616 1255 ideo
628 1193 755 1276 jactant
771 1189 925 1253 miracula
942 1189 1055 1253 dictis:

293 1293 365 1358 Aut
379 1293 487 1378 aliqua
501 1295 625 1357 ratione
641 1293 703 1356 alia
718 1294 894 1376 ducuntur,
911 1303 948 1354 ut
963 1313 1057 1355 omne

294 1395 483 1460 Humanum
497 1416 600 1478 genus
616 1401 668 1458 est
683 1395 813 1458 avidum
827 1394 920 1456 nimis
936 1391 1163 1456 auricularum.

337 1499 438 1571 Quod
455 1508 616 1582 superest,
632 1507 763 1560 nonest
778 1496 970 1572 mirandum,
987 1518 1052 1579 qua
1067 1496 1192 1558 ratione

230 1612 278 1659 600
297 1599 383 1671 Quae
397 1598 469 1663 loca
483 1621 543 1683 per
557 1609 725 1683 nequeunt
740 1598 839 1662 Oculi
853 1620 905 1662 res
922 1620 1056 1662 cernere
1071 1608 1213 1681 apertas,
1230 1605 1233 1610 ’

295 1700 380 1764 Haec
394 1699 466 1764 loca
480 1721 541 1783 per
555 1700 666 1764 Voces
681 1701 821 1776 veniant,
838 1698 1024 1783 Aureisque
1038 1697 1216 1763 lacessant:

293 1801 527 1885 Conloquimur
542 1799 659 1864 clausis
674 1799 818 1877 foribus3
842 1800 932 1884 quod
947 1822 1035 1884 saepe
1049 1801 1214 1864 videmus:

294 1902 468 1977 Nimirum,
485 1903 561 1986 quia
576 1901 655 1966 Vox
670 1924 730 1986 per
745 1901 831 1966 flexa
845 1900 1002 1965 foramina
1016 1924 1125 1966 rerum

293 2003 466 2068 Incolumis
483 2004 620 2068 transire
637 2013 757 2087 potest,
775 2001 953 2066 Simulacra
968 2013 1142 2066 renutant:

227 2118 276 2165 σοῦ
292 2107 553 2171 Perscinduntur
567 2106 662 2183 enim,
680 2106 741 2169 nisi
755 2117 845 2169 recta
860 2104 1017 2169 foramina
1032 2115 1179 2182 tranant;

294 2207 414 2282 Qualia
430 2219 506 2272 sunt
520 2209 605 2285 vitri,
623 2208 748 2292 species
765 2230 839 2291 quae
856 2205 993 2270 travolat
1008 2207 1122 2270 omnis.

339 2310 515 2388 Praeterea,
531 2310 653 2394 parteis
668 2310 701 2372 in
716 2319 850 2373 cunctas
867 2308 1022 2373 dividitur
1037 2307 1126 2384 Vox,

297 2412 353 2475 Ex
368 2412 436 2476 aliis
452 2413 523 2479 aliae
539 2414 689 2496 quoniam
705 2413 895 2496 gignuntur,
910 2411 968 2473 ubi
984 2433 1049 2475 una

296 2514 450 2579 Dissiluit
466 2515 564 2579 semel
577 2516 611 2579 in
625 2514 742 2580 multas
757 2523 883 2590 exorta,
899 2513 993 2598 quasi
1007 2512 1090 2596 ignis

246 2738 300 2785 590.
313 2741 347 2786 Et
354 2755 426 2799 genas
435 2742 575 2802 Agricolam,
587 2739 644 2802 era]
657 2737 749 2803 Capra·
783 2741 822 2788 20.
840 2740 920 2788 Voces
931 2740 1040 2788 lormatae
1052 2739 1161 2801 obliquos
1175 2747 1277 2794 meatus,
1295 2745 1321 2784 et

212 2801 513 2864 riusapuduueocritum
539 2802 749 2864 obtestabatur·
783 2812 892 2852 tortuosa
918 2819 1048 2868 corporum
1075 2802 1194 2852 foramina
1217 2802 1321 2864 integra

212 2865 268 2926 pbr,
279 2865 309 2913 rb
319 2868 488 2929 μεσαμβρινὸν,
500 2868 527 2914 οὐ
539 2865 603 2927 θέμις
616 2868 688 2928 ἄμμιν
703 2872 748 2918 Συ·
783 2877 917 2924 transeunt,
929 2868 956 2916 in
968 2869 1055 2931 quibus
1067 2867 1219 2931 franguntur,
1235 2876 1263 2914 ut
1278 2881 1320 2913 su·

213 2929 300 2992 ρίσδεν,
313 2929 356 2978 τὸν
371 2931 439 2978 Πᾶνα
456 2931 597 2990 δεδοίκαμες,
615 2930 631 2988 il
647 2931 695 2993 ’γὰρ
711 2931 750 2979 ἀπ’
782 2947 828 3043 pra
847 2932 937 2990 docuit,
955 2932 1089 2996 imaginesr
1113 2947 1157 2980 seu
1174 2931 1256 2995 potius
1273 2930 1320 2977 hoc

213 2994 290 3057 ἄγρας
300 2991 388 3042 Τανίκα
403 2995 526 3054 renuendos
542 2993 682 3054 ἂμπαύεται·
702 2995 751 3044 ἕντι
802 3004 812 3043 t
829 2996 886 3058 quia
904 3013 952 3044 vox
968 2997 995 3044 in
1015 2997 1113 3046 voculas
1131 2996 1242 3052 dissiliat,
1265 3009 1321 3056 quae

212 3074 298 3118 γεπικ
326 3057 441 3116 exalet
457 3058 493 3107 ἀεὶ
509 3061 599 3122 δριμεῖα
612 3058 679 3122 xor&
696 3059 751 3108 rori
783 3075 886 3117 sursum,
904 3061 1024 3119 deorsum,
1041 3076 1161 3126 prorsum,
1178 3069 1320 3116 retrorsum,

211 3121 258 3185 ῥινὶ
269 3140 284 3170 κ
301 3127 377 3181 θηται.
783 3125 944 3183 dextrorsum,
966 3126 1103 3182 laevorsum,
1126 3134 1152 3173 et
1173 3125 1200 3172 in
1222 3138 1321 3172 omnem

247 3188 302 3235 692.
320 3186 454 3250 Percurrit]
467 3188 539 3243 Quod
552 3203 651 3236 necesse
667 3197 712 3246 est,
730 3188 751 3237 si
783 3189 958 3251 obliquitatem,
977 3199 1005 3238 ut
1024 3190 1163 3239 scintillulae
1182 3206 1196 3238 a
1214 3187 1321 3238 scintilla

212 3251 295 3306 fistula
305 3252 440 3316 composita
450 3252 534 3310 utaris,
547 3252 624 3315 qualis
640 3263 683 3312 est,
696 3257 749 3302 Fir·
783 3253 946 3312 dissultanter,
967 3256 1070 3310 abeunt;
1092 3254 1183 3316 sicque,
1205 3253 1233 3301 in
1249 3267 1321 3300 aures

212 3319 264 3364 tulo
274 3321 416 3379 comparibus
429 3325 513 3379 septem
529 3327 646 3379 compacta
661 3321 749 3367 cicutis.
783 3318 858 3366 etiam
869 3318 933 3375 alibi,
945 3335 1019 3382 quam
1029 3319 1056 3366 in
1068 3319 1186 3367 directum
1201 3316 1320 3365 constitu·

214 3379 300 3430 Faber.
309 3382 351 3429 lib.
360 3382 389 3429 V.
398 3398 420 3431 v.
435 3383 504 3430 1406.
525 3386 751 3444 Etruperocalcmor
783 3391 820 3431 tas
831 3382 956 3439 inciderim
975 3384 1023 3432 tale
1035 3398 1093 3432 vero
1105 3384 1165 3446 quid
1180 3382 1241 3446 ipsis
1258 3381 1318 3429 ima·

213 3460 270 3492 unco
280 3460 423 3508 percurrere
435 3449 505 3495 labro.
782 3447 881 3511 ginibus
892 3464 941 3496 non
953 3448 1094 3511 contingat:
1111 3463 1160 3496 vox
1174 3456 1256 3495 autem
1273 3446 1320 3493 hu-

247 3509 301 3556 596.
319 3512 372 3557 Sole
384 3510 471 3573 tenere]
493 3512 531 3560 lta
549 3511 648 3560 omnino
666 3512 750 3577 legen·
780 3513 889 3574 J'usmodi
908 3521 1003 3561 meatus
1017 3523 1149 3576 penetrans
1165 3510 1268 3560 debilior
1284 3510 1321 3566 fit,

132 3594 134 3599 ·
212 3571 286 3628 duma
315 3573 427 3635 agricolae
447 3575 513 3623 enim
536 3591 607 3623 suum
630 3593 686 3625 cum
705 3577 750 3625 Di·
783 3585 856 3639 atque
867 3577 1038 3625 indistinctior.

214 3634 697 3766 l'sllmllllllmllllllaaan]
721 3705 751 3752 n
783 3638 1321 3761 atttrtttttmf‘ttlrl‘1⁰2⁰§stt

213 3773 259 3822 est,
269 3778 353 3811 omnes
362 3763 473 3814 homines
480 3776 594 3830 portenta
603 3777 628 3816 et
634 3768 751 3816 miracula
783 3721 880 3830 qrrlmur,
888 3777 932 3818 etc.
942 3739 1055 3816 Gisanius
1063 3719 1233 3824 verageudodd.
1254 3767 1320 3814 Con-

194 3827 437 3885 ‚libenternarrant
450 3845 526 3892 eaque
542 3846 556 3878 a
573 3831 657 3879 multis
672 3832 750 3880 audiri
782 3832 892 3894 loquium
919 3835 1004 3880 charis
1019 3830 1113 3893 scribas
1138 3845 1234 3892 quoque
1261 3845 1321 3889 sape

208 3892 415 3954 J'ucundissimum
426 3892 530 3942 illisest
547 3898 631 3943 Faber.
783 3904 902 3945 tenemus
950 3896 1055 3943 Versum
1085 3895 1235 3944 subditivum
1268 3907 1321 3940 esse

246 3958 301 4005 599.
322 3959 387 4008 Quod
396 3966 506 4018 superest,
517 3975 562 4006 aon
572 3966 613 4016 est,
626 3959 683 4022 etc]
698 3959 748 4022 Igi-
782 3961 887 4008 affirmat
898 3961 985 4018 Faber,
997 3959 1040 4008 sed
1051 3974 1137 4007 omnes
1147 3958 1216 4006 codd.
1233 3972 1320 4020 agnos-

213 4029 254 4069 tur
265 4036 336 4070 voces
348 4019 481 4084 accipimus
492 4022 523 4070 ab
534 4021 577 4070 illo
588 4023 629 4085 qui
643 4023 750 4085 loquitur
782 4035 859 4073 cunt:
893 4033 920 4073 et
936 4041 986 4072 cum
1003 4027 1116 4087 loquimur
1131 4021 1221 4071 rectius
1237 4022 1320 4084 legen-

212 4101 340 4149 expressas
352 4094 377 4133 et
387 4085 509 4141 formatas,
521 4101 589 4149 aeque
605 4102 633 4134 ac
649 4087 748 4135 simula·
782 4089 847 4137 dum.

211 4150 271 4199 chre
288 4166 303 4198 a
319 4165 402 4198 rerum
419 4150 549 4213 superficie
565 4150 679 4207 fluentum
705 4168 749 4200 cur
813 4153 869 4201 606.
889 4151 1010 4215 Trarolot]
1023 4151 1081 4201 Sive
1092 4168 1139 4215 qua
1150 4160 1256 4210 tameat,
1268 4150 1320 4200 sive

212 4213 288 4276 igitur
309 4214 421 4263 audimus
443 4215 548 4277 aliquem
571 4231 642 4276 quem
665 4216 748 4264 videre
795 4221 924 4265 maaria!
950 4232 1006 4265 nam
1022 4217 1090 4265 viare
1108 4217 1175 4280 apud
1194 4216 1320 4276 Plautum)

212 4281 379 4341 nequeamus?
405 4280 547 4342 Respondet
569 4279 704 4338 Lucretius,
724 4297 746 4329 v.
780 4235 855 4343 legas,
867 4281 937 4344 perio
956 4290 1024 4329 eest.
