2872 4852
410 231 580 299 LIBER
608 230 911 297 SECUNnUS.
1176 237 1219 298 65

145 404 176 450 ⁵5
195 391 234 455 In
249 390 412 455 Tenebris
426 385 595 468 metuunts
619 390 665 454 sie
678 408 738 453 nos
753 389 786 453 ιιι
802 388 894 454 Luce
910 373 1058 455 timemu's

192 493 361 583 Interdum
376 492 476 557 nihilo
490 513 565 576 quae
580 503 656 557 sunt
671 492 847 558 metuenda
861 493 976 577 magis,
991 513 1089 576 quam

196 594 281 667 Quae
297 596 397 660 Pueri
411 592 445 659 in
460 595 622 660 Tenebris
638 597 794 681 pavitant,
810 595 1003 680 finguntque
1017 594 1137 658 futura.

193 697 293 763 Hunc
307 698 407 782 igitur
422 708 578 762 terrorem
594 698 701 774 animi,
719 699 937 782 tenebrasque
952 717 1086 762 necesse
1100 697 1141 760 'st

194 799 227 863 N
230 823 271 865 on
287 801 388 865 Rodii
403 801 490 878 solis,
507 822 615 885 nequo
627 800 736 866 lucida
750 799 815 866 tela
830 801 896 865 diei

145 913 177 959 oo
193 902 391 981 Discutiant,
408 904 467 968 sed
482 903 622 968 Naturae
638 903 775 988 species,
789 903 968 987 Ratioque.

236 1005 335 1072 Nune
350 1029 422 1092 age,
438 1027 505 1091 quo
518 1016 609 1070 motu
625 1002 826 1071 Gauranum
842 1005 996 1075 Materiai

193 1106 358 1172 Consors
373 1131 426 1173 res
441 1109 546 1172 varias
561 1109 707 1192 gignant,
723 1108 914 1192 genitasque
928 1104 1103 1181 resolvant,

194 1209 240 1274 Et
255 1233 320 1294 qua
333 1211 365 1274 vi
379 1210 488 1275 facere
502 1211 537 1274 id
552 1220 722 1295 cogantur,
739 1232 853 1294 quaeve
869 1209 910 1272 sit
925 1207 995 1272 ollis

193 1310 340 1375 Reddita
355 1311 524 1376 Mobilitas
539 1333 692 1395 magnum
706 1333 767 1395 per
781 1311 881 1374 Inane
896 1310 1036 1386 meandi,

145 1425 176 1472 ot
196 1411 400 1498 Expediam:
424 1412 527 1478 Tute
542 1413 638 1478 dictis
653 1414 801 1498 praebere
816 1422 988 1477 memento.

237 1516 325 1580 Nam
342 1525 429 1581 certe
444 1539 510 1581 non
524 1516 609 1581 inter
625 1537 659 1580 se
675 1517 796 1601 stipata
810 1515 954 1580 cohaeret
1111 1595 1115 1602 Ι

194 1616 363 1696 Materies,
378 1620 530 1704 quoniam
544 1618 644 1683 minui
659 1640 727 1682 rem
742 1640 903 1703 quamque
917 1618 1076 1693 videmus,

195 1720 242 1785 Et
256 1723 350 1807 quasi
364 1720 541 1807 longinquo
556 1721 659 1786 fluere
677 1721 783 1786 omnia
798 1721 958 1786 cernimus
973 1741 1060 1798 aevo;

194 1823 249 1888 Ex
264 1823 431 1909 oculisque
445 1833 640 1889 vetustatem
656 1823 839 1888 subducere
854 1822 993 1886 nostris:

145 1936 177 1986 to
196 1926 279 1989 Cum
293 1937 402 1990 tamen
415 1925 584 1992 incolumis
600 1924 748 1990 videatur
764 1924 897 1990 Summa
911 1946 1054 2002 manere,

195 2027 377 2113 Propterea
392 2029 480 2113 quia,
496 2051 570 2112 quae
586 2028 751 2093 decedunt
766 2026 914 2111 Corpora
928 2027 1057 2111 cuique,

195 2129 294 2195 Unde
310 2131 443 2208 abeunt,
459 2132 625 2208 minuunt;
648 2154 715 2214 quo
730 2152 859 2206 venere,
875 2131 1026 2214 augmine
1041 2130 1181 2194 donant:

193 2230 255 2297 Illa
271 2254 452 2310 senescere,
468 2243 502 2296 at
517 2233 589 2297 haec
604 2242 718 2296 contra
732 2230 906 2296 florescere
921 2241 1060 2316 cogunt:

194 2332 269 2398 Nec
284 2343 488 2397 remorantur
502 2334 558 2397 ibi.
605 2332 659 2398 Sic
674 2354 784 2396 rerum
799 2331 932 2395 Summa
945 2343 1084 2397 novatur

147 2445 178 2496 75
198 2435 346 2519 Semper,
362 2445 395 2497 et
410 2434 494 2498 inter
509 2456 544 2498 se
559 2433 711 2497 mortales
724 2443 840 2498 mutua
856 2433 982 2512 vivunt;

196 2537 392 2623 Augescunt
406 2535 477 2601 aliae
491 2547 619 2621 gentes,
636 2535 707 2600 aliae
719 2537 908 2600 minuuntur
920 2560 928 2600 z

195 2639 278 2706 Inde
293 2641 384 2706 brevi
400 2639 505 2723 spatio
519 2648 685 2716 mutantur
700 2637 797 2704 soecla
812 2640 1019 2716 animantum,

196 2743 254 2821 Et,
269 2744 364 2828 quasi
379 2743 550 2820 Cursores,
566 2743 643 2806 vitai
657 2740 808 2827 lampada
823 2743 967 2806 tradunt.

109 2886 174 2945 dem,
185 2902 296 2950 quamvls
307 2887 375 2945 sciat,
387 2886 564 2945 retractaverit,
576 2893 602 2934 et
618 2885 649 2934 ad
681 2886 837 2936 decremento
853 2902 943 2948 rernm,
959 2904 981 2937 v.
1002 2889 1039 2936 13.
1056 2888 1220 2940 demonstrata

109 2967 138 3000 se
148 2967 213 3017 saepe
223 2952 375 3012 retulerit,
354 2969 376 3001 ιι
389 2951 513 3016 quesierit
529 2966 583 3014 quae
599 2950 650 3000 siut
680 2950 736 2999 ideo
749 2953 816 3000 enim
833 2961 954 3016 augentur
969 2969 1016 3011 res,
1028 2953 1094 3016 quod
1110 2953 1221 3016 quedam

110 3018 181 3075 bona,
194 3033 248 3080 quse
258 3017 308 3066 sint
319 2988 390 3076 alala,
402 3017 490 3080 quibus
501 3017 548 3065 hoe
559 3017 593 3064 sit
603 3031 648 3064 no·
680 3015 790 3065 materias
807 3017 933 3093 particulae
952 3017 1073 3075 advolent,
1093 3026 1118 3066 et
1139 3015 1220 3065 adbae-

72 3102 77 3117 ·
110 3093 168 3130 men
183 3082 243 3131 salso
260 3052 423 3157 adscriptulm
440 3081 462 3131 si
479 3080 602 3144 quaesierit
616 3079 649 3129 de
681 3081 1080 3146 reunt,1deom1nuunturquod
1095 3081 1222 3131 moleeulae

110 3146 230 3210 turpibus,
242 3146 400 3203 dehoneste,
413 3147 443 3195 de
453 3145 616 3210 providentia.
681 3146 792 3209 quaedam
800 3161 865 3196 nexu
873 3147 961 3197 solutae
969 3147 1081 3196 avolent
1097 3146 1222 3195 istasvero

142 3213 182 3259 61.
200 3214 331 3274 Narraga,
342 3209 592 3274 etr.]Argumentum
609 3225 648 3258 se·
681 3210 814 3286 particulas
834 3211 950 3261 accedere
969 3212 1009 3260 vel
1030 3211 1145 3259 recedere
1167 3210 1222 3260 siue

109 3276 282 3325 condilibriv.
291 3279 314 3324 5.
327 3276 480 3324 continetur:
480 3275 582 3351 primo,
592 3290 648 3338 pro·
681 3283 750 3323 motu
761 3290 804 3338 qur
796 3274 913 3334 'dixerit
925 3276 1030 3325 absurda
1040 3275 1110 3323 dixit

110 3341 187 3389 ιιιιιιιι
199 3357 226 3389 se
236 3340 416 3405 explreaturum
426 3355 548 3389 seminum
561 3348 649 3396 motus,
714 3340 754 3387 68.
753 3338 868 3414 Fluere]
880 3339 983 3389 occulte
993 3339 1078 3398 dilabi
1088 3348 1115 3388 et
1130 3338 1224 3388 sensim·

111 3405 199 3468 quibus
215 3421 255 3453 res
270 3413 419 3467 generantur
427 3413 453 3451 et
469 3403 649 3459 dissolvuntur,
682 3402 768 3451 minui.
798 3403 854 3451 Hae
864 3419 924 3452 voce
934 3404 1109 3467 elegantissimi
1125 3413 1225 3453 autores

111 3470 226 3528 seeundo,
243 3484 341 3517 causam
358 3468 461 3516 istorum
477 3475 602 3523 ιιιοιιιιιιιι,
626 3474 652 3515 et
683 3475 793 3526 utuntur,
812 3477 837 3516 at
856 3483 906 3517 non
927 3468 1073 3518 Manilius
1065 3484 1092 3518 ιιι
1111 3469 1153 3518 lib.
1175 3469 1222 3520 tv.

112 3533 192 3592 tertio,
215 3541 328 3582 motuum·
348 3532 469 3580 seminum
493 3501 650 3580 eeleritalem.
687 3533 750 3579 Pane
760 3539 784 3579 ιι
795 3549 854 3594 opes
866 3540 890 3582 et
900 3549 973 3597 regna
977 3536 1072 3596 fluunt
1089 3535 1155 3599 quod
1165 3550 1222 3584 sen

113 3599 243 3647 Haesura
259 3597 396 3673 perfecerit,
407 3606 494 3660 parata
510 3605 583 3644 eruut
598 3611 650 3645 om-
684 3595 716 3644 sit
734 3596 834 3646 Parcus
871 3597 989 3647 consule
999 3598 1087 3658 locum,
1110 3608 1135 3648 et
1157 3601 1224 3664 apud

111 3663 160 3721 nia,
172 3662 261 3726 quibus
270 3662 441 3726 generationes
452 3671 478 3710 et
490 3660 652 3710 resolutiones
685 3660 817 3710 Manilium
832 3665 908 3724 fluere
929 3662 997 3745 aliud
1018 3634 1158 3729 siguilieare
1180 3681 1223 3730 ag·

112 3743 194 3778 rerum
206 3727 325 3792 explicari
336 3727 438 3792 possint
684 3741 776 3775 nosces

127 3795 184 3842 63
204 3793 299 3857 Quaeve]
318 3790 651 3856 ouaequmveahboifa-
717 3791 756 3842 71.
776 3792 1211 3857 eatque]n1110unqae:nontanu

111 3859 175 3908 nius.
718 3855 757 3908 ἰι
774 3858 901 3922 Αιρίιι]
914 3861 1020 3924 Agmine,
1029 3859 1085 3917 alii,
1103 3875 1225 3923 quosnon

145 3925 184 3972 64.
207 3923 322 3987 Reddita]
343 3921 476 3979 Attributa,
497 3921 590 3977 indita,
610 3937 650 3970 ea·
684 3936 780 3984 sequor.

112 4003 159 4052 que
172 4004 230 4038 voce
241 4004 307 4053 sape
318 3987 396 4036 untur
407 3986 544 4035 Lucretius.
718 3985 756 4038 78.
774 3989 815 4046 Et,
827 3991 894 4050 quasi
908 3990 1023 4049 Cursores,
1035 3989 1092 4052 eta]
1107 3989 1148 4038 Ex
1159 3989 1225 4038 Pau·
1282 4041 1286 4054 1

145 4054 184 4102 66.
202 4057 265 4102 Nam
281 4061 349 4111 certa
362 4051 420 4116 eta]
437 4054 477 4100 De
494 4051 597 4100 diversis
613 4066 656 4099 se
685 4051 762 4110 sauia,
806 4024 847 4101 lla
878 4053 1010 4112 orratione,
1052 4053 1137 4104 Aristo
1154 4052 1226 4102 banis

113 4119 207 4167 minum
219 4119 333 4176 motibus,
346 4051 551 4166 eteolumcausa
567 4115 652 4179 dispu-
686 4116 828 4176 Scholiasta,
867 4133 962 4177 arrone,
980 4117 1106 4183 scriptore
1122 4070 1225 4166 adHe-

114 4191 216 4241 taturus,
228 4199 293 4233 mam
305 4181 352 4232 srbr
364 4181 502 4258 praemunit,
512 4189 654 4243 motumque
685 4181 808 4240 reunium,
829 4191 874 4231 etc.
895 4153 974 4232 mulla
995 4182 1127 4231 corradunt
1149 4181 1227 4229 inter·

115 4246 221 4320 aliquem
237 4263 290 4297 esse
310 4254 395 4296 contra
414 4245 516 4322 ignavos
536 4246 654 4309 quosdam
687 4256 780 4310 pretes.
796 4217 916 4304 breviten
932 4245 1054 4295 Atheurs
1047 4261 1073 4293 ιιι
1082 4245 1227 4308 qmbusdam

115 4319 141 4358 et
152 4310 243 4360 inertes
254 4312 412 4376 philosophos
424 4326 455 4359 ex
465 4310 618 4359 incremento
630 4319 655 4358 et
686 4311 755 4360 festis
764 4312 896 4360 currebant
903 4282 1015 4360 domines
1026 4324 1153 4359 accensam
1163 4312 1228 4360 lam-

819 4390 836 4422 ιι
