<?xml version="1.0" encoding="UTF-8"?>
<!DOCTYPE html PUBLIC "-//W3C//DTD XHTML 1.0 Transitional//EN"
    "http://www.w3.org/TR/xhtml1/DTD/xhtml1-transitional.dtd">
<html xmlns="http://www.w3.org/1999/xhtml" xml:lang="en" lang="en">
 <head>
  <title>
</title>
<meta http-equiv="Content-Type" content="text/html;charset=utf-8" />
  <meta name='ocr-system' content='tesseract 3.04.00' />
  <meta name='ocr-capabilities' content='ocr_page ocr_carea ocr_par ocr_line ocrx_word'/>
</head>
<body>
  <div class='ocr_page' id='page_1' title='image "./titilucretiicar04carugoog_0012.png"; bbox 0 0 2872 4852; ppageno 0'>
   <div class='ocr_carea' id='block_1_1' title="bbox 214 226 1331 3932">
    <p class='ocr_par' dir='ltr' id='par_1_1' title="bbox 755 226 791 298">
     <span class='ocr_line' id='line_1_1' title="bbox 755 226 791 298; baseline 0.028 -1"><span class='ocrx_word' id='word_1_1' title='bbox 755 226 791 298; x_wconf 92' lang='lat' dir='ltr'><strong>iv</strong></span> 
     </span>
    </p>

    <p class='ocr_par' dir='ltr' id='par_1_2' title="bbox 214 396 1327 1673">
     <span class='ocr_line' id='line_1_2' title="bbox 214 396 1322 483; baseline -0.005 -16"><span class='ocrx_word' id='word_1_2' title='bbox 214 404 249 467; x_wconf 80' lang='lat' dir='ltr'><strong>ia</strong></span> <span class='ocrx_word' id='word_1_3' title='bbox 263 423 324 466; x_wconf 83' lang='lat' dir='ltr'><strong>sua</strong></span> <span class='ocrx_word' id='word_1_4' title='bbox 338 401 489 477; x_wconf 79' lang='lat' dir='ltr'><strong>materia,</strong></span> <span class='ocrx_word' id='word_1_5' title='bbox 506 398 646 464; x_wconf 82' lang='lat' dir='ltr'><strong>Statius⁵</strong></span> <span class='ocrx_word' id='word_1_6' title='bbox 660 398 808 463; x_wconf 84' lang='lat' dir='ltr'><strong>Arduum</strong></span> <span class='ocrx_word' id='word_1_7' title='bbox 812 397 966 483; x_wconf 81' lang='lat' dir='ltr'><strong>sororem</strong></span> <span class='ocrx_word' id='word_1_8' title='bbox 986 396 1184 476; x_wconf 85' lang='lat' dir='ltr'><strong>admiratur3</strong></span> <span class='ocrx_word' id='word_1_9' title='bbox 1215 419 1322 482; x_wconf 88' lang='lat' dir='ltr'><strong>neque</strong></span> 
     </span>
     <span class='ocr_line' id='line_1_3' title="bbox 216 503 1324 606; baseline -0.006 -20"><span class='ocrx_word' id='word_1_10' title='bbox 216 521 290 606; x_wconf 91' lang='lat' dir='ltr'><strong>quis</strong></span> <span class='ocrx_word' id='word_1_11' title='bbox 313 530 379 584; x_wconf 89' lang='lat' dir='ltr'><strong>tam</strong></span> <span class='ocrx_word' id='word_1_12' title='bbox 400 503 538 584; x_wconf 82' lang='lat' dir='ltr'><strong>acerbus</strong></span> <span class='ocrx_word' id='word_1_13' title='bbox 557 518 671 583; x_wconf 71' lang='lat' dir='ltr'><strong>Poetae</strong></span> <span class='ocrx_word' id='word_1_14' title='bbox 694 541 821 596; x_wconf 87' lang='lat' dir='ltr'><strong>censor,</strong></span> <span class='ocrx_word' id='word_1_15' title='bbox 843 518 992 601; x_wconf 86' lang='lat' dir='ltr'>adeoque</span> <span class='ocrx_word' id='word_1_16' title='bbox 1016 516 1066 580; x_wconf 93' lang='lat' dir='ltr'><strong>sui</strong></span> <span class='ocrx_word' id='word_1_17' title='bbox 1088 514 1267 601; x_wconf 84' lang='lat' dir='ltr'><strong>negligens,</strong></span> <span class='ocrx_word' id='word_1_18' title='bbox 1287 525 1324 580; x_wconf 93' lang='lat' dir='ltr'><strong>ut</strong></span> 
     </span>
     <span class='ocr_line' id='line_1_4' title="bbox 216 635 1324 724; baseline -0.003 -21"><span class='ocrx_word' id='word_1_19' title='bbox 216 638 288 704; x_wconf 84' lang='lat' dir='ltr'><strong>haec</strong></span> <span class='ocrx_word' id='word_1_20' title='bbox 301 648 412 724; x_wconf 86' lang='lat' dir='ltr'><strong>neget,</strong></span> <span class='ocrx_word' id='word_1_21' title='bbox 428 639 611 704; x_wconf 84' lang='lat' dir='ltr'><strong>Doctorum</strong></span> <span class='ocrx_word' id='word_1_22' title='bbox 626 640 778 704; x_wconf 89' lang='lat' dir='ltr'><strong>invidiam</strong></span> <span class='ocrx_word' id='word_1_23' title='bbox 793 661 853 703; x_wconf 91' lang='lat' dir='ltr'><strong>sua</strong></span> <span class='ocrx_word' id='word_1_24' title='bbox 869 638 1015 723; x_wconf 88' lang='lat' dir='ltr'><strong>reprimit</strong></span> <span class='ocrx_word' id='word_1_25' title='bbox 1038 637 1246 713; x_wconf 89' lang='lat' dir='ltr'><strong>conscientia,</strong></span> <span class='ocrx_word' id='word_1_26' title='bbox 1269 635 1324 700; x_wconf 93' lang='lat' dir='ltr'><strong>In·</strong></span> 
     </span>
     <span class='ocr_line' id='line_1_5' title="bbox 217 754 1324 839; baseline -0.002 -19"><span class='ocrx_word' id='word_1_27' title='bbox 217 756 387 821; x_wconf 85' lang='lat' dir='ltr'><strong>doctorum</strong></span> <span class='ocrx_word' id='word_1_28' title='bbox 415 756 672 821; x_wconf 83' lang='lat' dir='ltr'><strong>maledicentiam</strong></span> <span class='ocrx_word' id='word_1_29' title='bbox 701 766 864 821; x_wconf 90' lang='lat' dir='ltr'><strong>tantorum</strong></span> <span class='ocrx_word' id='word_1_30' title='bbox 883 755 1031 839; x_wconf 91' lang='lat' dir='ltr'><strong>judicum</strong></span> <span class='ocrx_word' id='word_1_31' title='bbox 1056 754 1257 819; x_wconf 88' lang='lat' dir='ltr'><strong>reverentia:</strong></span> <span class='ocrx_word' id='word_1_32' title='bbox 1290 763 1324 818; x_wconf 90' lang='lat' dir='ltr'><strong>et</strong></span> 
     </span>
     <span class='ocr_line' id='line_1_6' title="bbox 218 873 1323 961; baseline -0.001 -24"><span class='ocrx_word' id='word_1_33' title='bbox 218 896 295 938; x_wconf 90' lang='lat' dir='ltr'><strong>sane</strong></span> <span class='ocrx_word' id='word_1_34' title='bbox 306 876 382 959; x_wconf 89' lang='lat' dir='ltr'><strong>jure</strong></span> <span class='ocrx_word' id='word_1_35' title='bbox 397 877 602 960; x_wconf 85' lang='lat' dir='ltr'><strong>expectanda</strong></span> <span class='ocrx_word' id='word_1_36' title='bbox 614 886 665 940; x_wconf 90' lang='lat' dir='ltr'><strong>est</strong></span> <span class='ocrx_word' id='word_1_37' title='bbox 675 875 860 961; x_wconf 77' lang='lat' dir='ltr'><strong>Elegantia</strong></span> <span class='ocrx_word' id='word_1_38' title='bbox 874 875 908 936; x_wconf 92' lang='lat' dir='ltr'><strong>in</strong></span> <span class='ocrx_word' id='word_1_39' title='bbox 923 875 1063 938; x_wconf 86' lang='lat' dir='ltr'><strong>carmine</strong></span> <span class='ocrx_word' id='word_1_40' title='bbox 1078 875 1120 937; x_wconf 94' lang='lat' dir='ltr'><strong>ab</strong></span> <span class='ocrx_word' id='word_1_41' title='bbox 1135 874 1208 957; x_wconf 92' lang='lat' dir='ltr'><strong>ipso</strong></span> <span class='ocrx_word' id='word_1_42' title='bbox 1223 873 1323 937; x_wconf 88' lang='lat' dir='ltr'><strong>Patre</strong></span> 
     </span>
     <span class='ocr_line' id='line_1_7' title="bbox 218 991 1327 1079; baseline -0.002 -23"><span class='ocrx_word' id='word_1_43' title='bbox 218 1003 423 1058; x_wconf 89' lang='lat' dir='ltr'><strong>venustatum</strong></span> <span class='ocrx_word' id='word_1_44' title='bbox 435 992 609 1058; x_wconf 81' lang='lat' dir='ltr'><strong>Cicerone⁶</strong></span> <span class='ocrx_word' id='word_1_45' title='bbox 623 993 796 1079; x_wconf 87' lang='lat' dir='ltr'><strong>perpolito,</strong></span> <span class='ocrx_word' id='word_1_46' title='bbox 809 993 1012 1070; x_wconf 77' lang='lat' dir='ltr'><strong>Sublimitcm,</strong></span> <span class='ocrx_word' id='word_1_47' title='bbox 1025 991 1327 1077; x_wconf 81' lang='lat' dir='ltr'><strong>Arduusquefuror</strong></span> 
     </span>
     <span class='ocr_line' id='line_1_8' title="bbox 217 1109 1324 1197; baseline -0.003 -22"><span class='ocrx_word' id='word_1_48' title='bbox 217 1111 251 1175; x_wconf 92' lang='lat' dir='ltr'><strong>in</strong></span> <span class='ocrx_word' id='word_1_49' title='bbox 266 1111 473 1196; x_wconf 85' lang='lat' dir='ltr'><strong>gravissimo⁷</strong></span> <span class='ocrx_word' id='word_1_50' title='bbox 488 1136 556 1177; x_wconf 89' lang='lat' dir='ltr'><strong>suae</strong></span> <span class='ocrx_word' id='word_1_51' title='bbox 571 1114 676 1178; x_wconf 86' lang='lat' dir='ltr'><strong>aetatis</strong></span> <span class='ocrx_word' id='word_1_52' title='bbox 692 1114 770 1197; x_wconf 93' lang='lat' dir='ltr'><strong>(non</strong></span> <span class='ocrx_word' id='word_1_53' title='bbox 785 1114 876 1177; x_wconf 90' lang='lat' dir='ltr'><strong>rudis</strong></span> <span class='ocrx_word' id='word_1_54' title='bbox 892 1135 969 1176; x_wconf 90' lang='lat' dir='ltr'><strong>vero</strong></span> <span class='ocrx_word' id='word_1_55' title='bbox 984 1124 1017 1176; x_wconf 93' lang='lat' dir='ltr'><strong>et</strong></span> <span class='ocrx_word' id='word_1_56' title='bbox 1032 1111 1185 1186; x_wconf 84' lang='lat' dir='ltr'><strong>indoctae)</strong></span> <span class='ocrx_word' id='word_1_57' title='bbox 1201 1109 1324 1172; x_wconf 70' lang='lat' dir='ltr'><strong>Poeta:</strong></span> 
     </span>
     <span class='ocr_line' id='line_1_9' title="bbox 218 1230 1324 1317; baseline -0.004 -21"><span class='ocrx_word' id='word_1_58' title='bbox 218 1241 252 1296; x_wconf 90' lang='lat' dir='ltr'><strong>et</strong></span> <span class='ocrx_word' id='word_1_59' title='bbox 266 1233 357 1316; x_wconf 93' lang='lat' dir='ltr'><strong>quod</strong></span> <span class='ocrx_word' id='word_1_60' title='bbox 372 1233 414 1296; x_wconf 91' lang='lat' dir='ltr'><strong>ad</strong></span> <span class='ocrx_word' id='word_1_61' title='bbox 429 1231 543 1296; x_wconf 84' lang='lat' dir='ltr'><strong>Artem</strong></span> <span class='ocrx_word' id='word_1_62' title='bbox 559 1242 705 1317; x_wconf 81' lang='lat' dir='ltr'><strong>spectat3</strong></span> <span class='ocrx_word' id='word_1_63' title='bbox 729 1255 788 1298; x_wconf 90' lang='lat' dir='ltr'><strong>seu</strong></span> <span class='ocrx_word' id='word_1_64' title='bbox 809 1240 1074 1316; x_wconf 88' lang='lat' dir='ltr'><strong>argumentorum</strong></span> <span class='ocrx_word' id='word_1_65' title='bbox 1096 1230 1324 1306; x_wconf 88' lang='lat' dir='ltr'><strong>inventionem,</strong></span> 
     </span>
     <span class='ocr_line' id='line_1_10' title="bbox 219 1348 1324 1435; baseline -0.003 -21"><span class='ocrx_word' id='word_1_66' title='bbox 219 1372 277 1415; x_wconf 92' lang='lat' dir='ltr'><strong>seu</strong></span> <span class='ocrx_word' id='word_1_67' title='bbox 292 1350 435 1415; x_wconf 89' lang='lat' dir='ltr'><strong>materiae</strong></span> <span class='ocrx_word' id='word_1_68' title='bbox 446 1351 702 1435; x_wconf 89' lang='lat' dir='ltr'><strong>dispositionem,</strong></span> <span class='ocrx_word' id='word_1_69' title='bbox 715 1351 781 1415; x_wconf 90' lang='lat' dir='ltr'><strong>sive</strong></span> <span class='ocrx_word' id='word_1_70' title='bbox 793 1350 836 1414; x_wconf 92' lang='lat' dir='ltr'><strong>ad</strong></span> <span class='ocrx_word' id='word_1_71' title='bbox 848 1372 948 1413; x_wconf 92' lang='lat' dir='ltr'><strong>unum</strong></span> <span class='ocrx_word' id='word_1_72' title='bbox 958 1348 1066 1425; x_wconf 87' lang='lat' dir='ltr'><strong>finem,</strong></span> <span class='ocrx_word' id='word_1_73' title='bbox 1079 1348 1212 1433; x_wconf 91' lang='lat' dir='ltr'><strong>impium</strong></span> <span class='ocrx_word' id='word_1_74' title='bbox 1222 1357 1324 1424; x_wconf 89' lang='lat' dir='ltr'><strong>certe,</strong></span> 
     </span>
     <span class='ocr_line' id='line_1_11' title="bbox 221 1465 1327 1555; baseline -0.004 -22"><span class='ocrx_word' id='word_1_75' title='bbox 221 1469 280 1534; x_wconf 93' lang='lat' dir='ltr'><strong>sed</strong></span> <span class='ocrx_word' id='word_1_76' title='bbox 296 1492 392 1555; x_wconf 90' lang='lat' dir='ltr'><strong>quem</strong></span> <span class='ocrx_word' id='word_1_77' title='bbox 408 1469 470 1533; x_wconf 86' lang='lat' dir='ltr'><strong>sibi</strong></span> <span class='ocrx_word' id='word_1_78' title='bbox 483 1468 637 1553; x_wconf 84' lang='lat' dir='ltr'><strong>elegerat,</strong></span> <span class='ocrx_word' id='word_1_79' title='bbox 654 1469 864 1533; x_wconf 86' lang='lat' dir='ltr'><strong>attentionem</strong></span> <span class='ocrx_word' id='word_1_80' title='bbox 879 1468 1132 1544; x_wconf 88' lang='lat' dir='ltr'><strong>consideremus,</strong></span> <span class='ocrx_word' id='word_1_81' title='bbox 1153 1465 1241 1531; x_wconf 91' lang='lat' dir='ltr'><strong>nulla</strong></span> <span class='ocrx_word' id='word_1_82' title='bbox 1265 1466 1327 1530; x_wconf 86' lang='lat' dir='ltr'><strong>erit</strong></span> 
     </span>
     <span class='ocr_line' id='line_1_12' title="bbox 219 1586 910 1673; baseline -0.001 -23"><span class='ocrx_word' id='word_1_83' title='bbox 219 1609 363 1672; x_wconf 90' lang='lat' dir='ltr'><strong>unquam</strong></span> <span class='ocrx_word' id='word_1_84' title='bbox 377 1587 552 1673; x_wconf 87' lang='lat' dir='ltr'><strong>perfectior</strong></span> <span class='ocrx_word' id='word_1_85' title='bbox 569 1587 747 1672; x_wconf 73' lang='lat' dir='ltr'><strong>disciplina</strong></span> <span class='ocrx_word' id='word_1_86' title='bbox 762 1586 910 1651; x_wconf 86' lang='lat' dir='ltr'><strong>formula.</strong></span> 
     </span>
    </p>

    <p class='ocr_par' dir='ltr' id='par_1_3' title="bbox 218 1703 1331 3098">
     <span class='ocr_line' id='line_1_13' title="bbox 263 1703 1327 1788; baseline 0.002 -20"><span class='ocrx_word' id='word_1_87' title='bbox 263 1703 332 1769; x_wconf 91' lang='lat' dir='ltr'><strong>Uni</strong></span> <span class='ocrx_word' id='word_1_88' title='bbox 346 1704 548 1777; x_wconf 86' lang='lat' dir='ltr'><strong>Quintiliano</strong></span> <span class='ocrx_word' id='word_1_89' title='bbox 561 1706 646 1770; x_wconf 90' lang='lat' dir='ltr'><strong>inter</strong></span> <span class='ocrx_word' id='word_1_90' title='bbox 662 1706 801 1771; x_wconf 88' lang='lat' dir='ltr'><strong>Veteres</strong></span> <span class='ocrx_word' id='word_1_91' title='bbox 818 1704 946 1788; x_wconf 76' lang='lat' dir='ltr'><strong>(Poetae</strong></span> <span class='ocrx_word' id='word_1_92' title='bbox 961 1703 1107 1767; x_wconf 85' lang='lat' dir='ltr'><strong>fortassis</strong></span> <span class='ocrx_word' id='word_1_93' title='bbox 1130 1703 1183 1767; x_wconf 94' lang='lat' dir='ltr'><strong>alii</strong></span> <span class='ocrx_word' id='word_1_94' title='bbox 1200 1705 1327 1788; x_wconf 88' lang='lat' dir='ltr'><strong>judica-</strong></span> 
     </span>
     <span class='ocr_line' id='line_1_14' title="bbox 219 1822 1330 1910; baseline 0 -23"><span class='ocrx_word' id='word_1_95' title='bbox 219 1823 313 1900; x_wconf 92' lang='lat' dir='ltr'><strong>bunt,</strong></span> <span class='ocrx_word' id='word_1_96' title='bbox 329 1845 391 1909; x_wconf 85' lang='lat' dir='ltr'><strong>ego</strong></span> <span class='ocrx_word' id='word_1_97' title='bbox 405 1846 483 1888; x_wconf 88' lang='lat' dir='ltr'><strong>vero</strong></span> <span class='ocrx_word' id='word_1_98' title='bbox 497 1825 599 1910; x_wconf 91' lang='lat' dir='ltr'><strong>ipsius</strong></span> <span class='ocrx_word' id='word_1_99' title='bbox 622 1823 813 1899; x_wconf 85' lang='lat' dir='ltr'><strong>Quintiliani</strong></span> <span class='ocrx_word' id='word_1_100' title='bbox 835 1822 972 1886; x_wconf 89' lang='lat' dir='ltr'><strong>hominis</strong></span> <span class='ocrx_word' id='word_1_101' title='bbox 996 1823 1028 1887; x_wconf 95' lang='lat' dir='ltr'><strong>in</strong></span> <span class='ocrx_word' id='word_1_102' title='bbox 1053 1823 1152 1887; x_wconf 87' lang='lat' dir='ltr'><strong>rebus</strong></span> <span class='ocrx_word' id='word_1_103' title='bbox 1178 1823 1330 1888; x_wconf 90' lang='lat' dir='ltr'><strong>Philoso-</strong></span> 
     </span>
     <span class='ocr_line' id='line_1_15' title="bbox 218 1941 1328 2029; baseline -0.001 -24"><span class='ocrx_word' id='word_1_104' title='bbox 218 1941 323 2027; x_wconf 92' lang='lat' dir='ltr'><strong>phicis</strong></span> <span class='ocrx_word' id='word_1_105' title='bbox 338 1944 465 2008; x_wconf 91' lang='lat' dir='ltr'><strong>minime</strong></span> <span class='ocrx_word' id='word_1_106' title='bbox 481 1945 650 2009; x_wconf 89' lang='lat' dir='ltr'><strong>exercitati</strong></span> <span class='ocrx_word' id='word_1_107' title='bbox 665 1945 755 2028; x_wconf 83' lang='lat' dir='ltr'><strong>vitio)</strong></span> <span class='ocrx_word' id='word_1_108' title='bbox 772 1944 901 2008; x_wconf 91' lang='lat' dir='ltr'><strong>videtur</strong></span> <span class='ocrx_word' id='word_1_109' title='bbox 917 1942 1094 2021; x_wconf 82' lang='lat' dir='ltr'><strong>difficilis⁸3</strong></span> <span class='ocrx_word' id='word_1_110' title='bbox 1125 1952 1158 2006; x_wconf 88' lang='lat' dir='ltr'><strong>at</strong></span> <span class='ocrx_word' id='word_1_111' title='bbox 1180 1942 1328 2029; x_wconf 90' lang='lat' dir='ltr'><strong>plurimis</strong></span> 
     </span>
     <span class='ocr_line' id='line_1_16' title="bbox 219 2061 1331 2146; baseline 0 -21"><span class='ocrx_word' id='word_1_112' title='bbox 219 2061 507 2128; x_wconf 88' lang='lat' dir='ltr'><strong>eRecentioribus</strong></span> <span class='ocrx_word' id='word_1_113' title='bbox 525 2063 701 2128; x_wconf 87' lang='lat' dir='ltr'><strong>difficilior:</strong></span> <span class='ocrx_word' id='word_1_114' title='bbox 725 2085 784 2127; x_wconf 90' lang='lat' dir='ltr'><strong>nec</strong></span> <span class='ocrx_word' id='word_1_115' title='bbox 800 2062 927 2146; x_wconf 88' lang='lat' dir='ltr'><strong>injuria.</strong></span> <span class='ocrx_word' id='word_1_116' title='bbox 974 2061 1032 2126; x_wconf 92' lang='lat' dir='ltr'><strong>Illa</strong></span> <span class='ocrx_word' id='word_1_117' title='bbox 1055 2063 1140 2126; x_wconf 91' lang='lat' dir='ltr'><strong>enim</strong></span> <span class='ocrx_word' id='word_1_118' title='bbox 1162 2061 1223 2126; x_wconf 84' lang='lat' dir='ltr'><strong>fuit</strong></span> <span class='ocrx_word' id='word_1_119' title='bbox 1245 2063 1331 2126; x_wconf 89' lang='lat' dir='ltr'><strong>indi-</strong></span> 
     </span>
     <span class='ocr_line' id='line_1_17' title="bbox 220 2178 1328 2267; baseline -0.001 -23"><span class='ocrx_word' id='word_1_120' title='bbox 220 2178 323 2264; x_wconf 83' lang='lat' dir='ltr'><strong>ligens</strong></span> <span class='ocrx_word' id='word_1_121' title='bbox 338 2182 576 2267; x_wconf 86' lang='lat' dir='ltr'><strong>exscriptorum</strong></span> <span class='ocrx_word' id='word_1_122' title='bbox 589 2183 727 2259; x_wconf 91' lang='lat' dir='ltr'><strong>inscitia,</strong></span> <span class='ocrx_word' id='word_1_123' title='bbox 739 2193 776 2246; x_wconf 94' lang='lat' dir='ltr'><strong>ut</strong></span> <span class='ocrx_word' id='word_1_124' title='bbox 792 2180 899 2246; x_wconf 93' lang='lat' dir='ltr'><strong>nullus</strong></span> <span class='ocrx_word' id='word_1_125' title='bbox 915 2181 984 2246; x_wconf 86' lang='lat' dir='ltr'><strong>fere</strong></span> <span class='ocrx_word' id='word_1_126' title='bbox 999 2204 1126 2258; x_wconf 78' lang='lat' dir='ltr'><strong>verSUS,</strong></span> <span class='ocrx_word' id='word_1_127' title='bbox 1137 2181 1191 2264; x_wconf 90' lang='lat' dir='ltr'><strong>(de</strong></span> <span class='ocrx_word' id='word_1_128' title='bbox 1200 2181 1328 2266; x_wconf 88' lang='lat' dir='ltr'><strong>paginis</strong></span> 
     </span>
     <span class='ocr_line' id='line_1_18' title="bbox 220 2298 1327 2386; baseline 0 -24"><span class='ocrx_word' id='word_1_129' title='bbox 220 2298 300 2381; x_wconf 88' lang='lat' dir='ltr'><strong>quid</strong></span> <span class='ocrx_word' id='word_1_130' title='bbox 316 2299 420 2364; x_wconf 91' lang='lat' dir='ltr'><strong>dicam</strong></span> <span class='ocrx_word' id='word_1_131' title='bbox 429 2300 455 2384; x_wconf 74' lang='lat' dir='ltr'><strong>t)</strong></span> <span class='ocrx_word' id='word_1_132' title='bbox 479 2301 624 2366; x_wconf 86' lang='lat' dir='ltr'><strong>sincerus</strong></span> <span class='ocrx_word' id='word_1_133' title='bbox 639 2311 695 2365; x_wconf 94' lang='lat' dir='ltr'><strong>aut</strong></span> <span class='ocrx_word' id='word_1_134' title='bbox 710 2301 879 2365; x_wconf 88' lang='lat' dir='ltr'><strong>emendate</strong></span> <span class='ocrx_word' id='word_1_135' title='bbox 895 2301 1053 2386; x_wconf 88' lang='lat' dir='ltr'><strong>scriptus:</strong></span> <span class='ocrx_word' id='word_1_136' title='bbox 1077 2323 1185 2385; x_wconf 92' lang='lat' dir='ltr'><strong>neque</strong></span> <span class='ocrx_word' id='word_1_137' title='bbox 1205 2300 1327 2364; x_wconf 90' lang='lat' dir='ltr'><strong>Manus</strong></span> 
     </span>
     <span class='ocr_line' id='line_1_19' title="bbox 219 2417 1327 2505; baseline 0.001 -24"><span class='ocrx_word' id='word_1_138' title='bbox 219 2417 441 2501; x_wconf 73' lang='lat' dir='ltr'><strong>neque&#39;Mens</strong></span> <span class='ocrx_word' id='word_1_139' title='bbox 458 2443 517 2485; x_wconf 92' lang='lat' dir='ltr'><strong>suo</strong></span> <span class='ocrx_word' id='word_1_140' title='bbox 532 2421 637 2486; x_wconf 91' lang='lat' dir='ltr'><strong>officio</strong></span> <span class='ocrx_word' id='word_1_141' title='bbox 651 2421 860 2505; x_wconf 86' lang='lat' dir='ltr'><strong>fungebatur,</strong></span> <span class='ocrx_word' id='word_1_142' title='bbox 876 2431 1067 2485; x_wconf 87' lang='lat' dir='ltr'><strong>monstrosae</strong></span> <span class='ocrx_word' id='word_1_143' title='bbox 1083 2421 1204 2505; x_wconf 92' lang='lat' dir='ltr'><strong>ubique</strong></span> <span class='ocrx_word' id='word_1_144' title='bbox 1219 2442 1327 2497; x_wconf 90' lang='lat' dir='ltr'><strong>voces,</strong></span> 
     </span>
     <span class='ocr_line' id='line_1_20' title="bbox 220 2534 1326 2617; baseline 0.003 -18"><span class='ocrx_word' id='word_1_145' title='bbox 220 2534 373 2600; x_wconf 86' lang='lat' dir='ltr'><strong>absurdae</strong></span> <span class='ocrx_word' id='word_1_146' title='bbox 397 2539 583 2617; x_wconf 86' lang='lat' dir='ltr'><strong>sententiae3</strong></span> <span class='ocrx_word' id='word_1_147' title='bbox 616 2549 650 2604; x_wconf 89' lang='lat' dir='ltr'><strong>et</strong></span> <span class='ocrx_word' id='word_1_148' title='bbox 673 2540 805 2604; x_wconf 85' lang='lat' dir='ltr'><strong>barbari</strong></span> <span class='ocrx_word' id='word_1_149' title='bbox 826 2540 881 2603; x_wconf 92' lang='lat' dir='ltr'><strong>isti</strong></span> <span class='ocrx_word' id='word_1_150' title='bbox 900 2538 1057 2603; x_wconf 88' lang='lat' dir='ltr'><strong>librorum</strong></span> <span class='ocrx_word' id='word_1_151' title='bbox 1080 2549 1326 2603; x_wconf 88' lang='lat' dir='ltr'><strong>conservatores</strong></span> 
     </span>
     <span class='ocr_line' id='line_1_21' title="bbox 220 2654 1325 2742; baseline 0.004 -26"><span class='ocrx_word' id='word_1_152' title='bbox 220 2654 313 2718; x_wconf 88' lang='lat' dir='ltr'><strong>nobis</strong></span> <span class='ocrx_word' id='word_1_153' title='bbox 327 2656 532 2722; x_wconf 89' lang='lat' dir='ltr'><strong>tradiderunt</strong></span> <span class='ocrx_word' id='word_1_154' title='bbox 543 2658 672 2723; x_wconf 86' lang='lat' dir='ltr'><strong>codices</strong></span> <span class='ocrx_word' id='word_1_155' title='bbox 682 2681 722 2723; x_wconf 89' lang='lat' dir='ltr'><strong>ea</strong></span> <span class='ocrx_word' id='word_1_156' title='bbox 733 2658 811 2736; x_wconf 88' lang='lat' dir='ltr'><strong>fide,</strong></span> <span class='ocrx_word' id='word_1_157' title='bbox 828 2681 893 2742; x_wconf 94' lang='lat' dir='ltr'><strong>qua</strong></span> <span class='ocrx_word' id='word_1_158' title='bbox 903 2681 991 2723; x_wconf 86' lang='lat' dir='ltr'><strong>mare</strong></span> <span class='ocrx_word' id='word_1_159' title='bbox 1002 2658 1169 2722; x_wconf 90' lang='lat' dir='ltr'><strong>turbidum</strong></span> <span class='ocrx_word' id='word_1_160' title='bbox 1181 2659 1325 2741; x_wconf 86' lang='lat' dir='ltr'><strong>navigia3</strong></span> 
     </span>
     <span class='ocr_line' id='line_1_22' title="bbox 221 2774 1327 2862; baseline 0.005 -27"><span class='ocrx_word' id='word_1_161' title='bbox 221 2794 295 2836; x_wconf 88' lang='lat' dir='ltr'><strong>nam</strong></span> <span class='ocrx_word' id='word_1_162' title='bbox 309 2783 436 2840; x_wconf 88' lang='lat' dir='ltr'><strong>eructat</strong></span> <span class='ocrx_word' id='word_1_163' title='bbox 450 2774 530 2841; x_wconf 94' lang='lat' dir='ltr'><strong>illud</strong></span> <span class='ocrx_word' id='word_1_164' title='bbox 545 2777 665 2842; x_wconf 84' lang='lat' dir='ltr'><strong>fractas</strong></span> <span class='ocrx_word' id='word_1_165' title='bbox 678 2775 867 2862; x_wconf 84' lang='lat' dir='ltr'><strong>lacerasque</strong></span> <span class='ocrx_word' id='word_1_166' title='bbox 884 2776 1025 2854; x_wconf 89' lang='lat' dir='ltr'><strong>tabulas,</strong></span> <span class='ocrx_word' id='word_1_167' title='bbox 1041 2800 1059 2841; x_wconf 93' lang='lat' dir='ltr'><strong>e</strong></span> <span class='ocrx_word' id='word_1_168' title='bbox 1076 2778 1193 2861; x_wconf 90' lang='lat' dir='ltr'><strong>quibus</strong></span> <span class='ocrx_word' id='word_1_169' title='bbox 1217 2775 1327 2840; x_wconf 88' lang='lat' dir='ltr'><strong>forsan</strong></span> 
     </span>
     <span class='ocr_line' id='line_1_23' title="bbox 221 2889 1327 2980; baseline 0.003 -24"><span class='ocrx_word' id='word_1_170' title='bbox 221 2890 292 2956; x_wconf 85' lang='lat' dir='ltr'><strong>aliae</strong></span> <span class='ocrx_word' id='word_1_171' title='bbox 304 2889 402 2958; x_wconf 85' lang='lat' dir='ltr'><strong>naves</strong></span> <span class='ocrx_word' id='word_1_172' title='bbox 413 2896 575 2980; x_wconf 90' lang='lat' dir='ltr'><strong>compingi</strong></span> <span class='ocrx_word' id='word_1_173' title='bbox 590 2905 740 2980; x_wconf 89' lang='lat' dir='ltr'><strong>possunt,</strong></span> <span class='ocrx_word' id='word_1_174' title='bbox 751 2896 810 2959; x_wconf 91' lang='lat' dir='ltr'><strong>sed</strong></span> <span class='ocrx_word' id='word_1_175' title='bbox 821 2895 953 2959; x_wconf 90' lang='lat' dir='ltr'><strong>minoris</strong></span> <span class='ocrx_word' id='word_1_176' title='bbox 967 2895 1079 2959; x_wconf 86' lang='lat' dir='ltr'><strong>formae</strong></span> <span class='ocrx_word' id='word_1_177' title='bbox 1092 2906 1125 2959; x_wconf 91' lang='lat' dir='ltr'><strong>et</strong></span> <span class='ocrx_word' id='word_1_178' title='bbox 1136 2896 1327 2972; x_wconf 88' lang='lat' dir='ltr'><strong>venustatis,</strong></span> 
     </span>
     <span class='ocr_line' id='line_1_24' title="bbox 220 3009 932 3098; baseline 0.004 -25"><span class='ocrx_word' id='word_1_179' title='bbox 220 3009 284 3074; x_wconf 92' lang='lat' dir='ltr'><strong>nisi</strong></span> <span class='ocrx_word' id='word_1_180' title='bbox 297 3034 317 3075; x_wconf 89' lang='lat' dir='ltr'><strong>a</strong></span> <span class='ocrx_word' id='word_1_181' title='bbox 331 3013 526 3096; x_wconf 88' lang='lat' dir='ltr'><strong>peritissimo</strong></span> <span class='ocrx_word' id='word_1_182' title='bbox 541 3014 665 3079; x_wconf 88' lang='lat' dir='ltr'><strong>artifice</strong></span> <span class='ocrx_word' id='word_1_183' title='bbox 682 3015 752 3097; x_wconf 91' lang='lat' dir='ltr'><strong>conj</strong></span> <span class='ocrx_word' id='word_1_184' title='bbox 758 3023 932 3098; x_wconf 88' lang='lat' dir='ltr'><strong>ungantur.</strong></span> 
     </span>
    </p>

    <p class='ocr_par' dir='ltr' id='par_1_4' title="bbox 221 3129 1330 3932">
     <span class='ocr_line' id='line_1_25' title="bbox 264 3129 1329 3218; baseline 0.003 -24"><span class='ocrx_word' id='word_1_185' title='bbox 264 3129 346 3195; x_wconf 89' lang='lat' dir='ltr'><strong>Ideo</strong></span> <span class='ocrx_word' id='word_1_186' title='bbox 361 3133 456 3216; x_wconf 90' lang='lat' dir='ltr'><strong>primi</strong></span> <span class='ocrx_word' id='word_1_187' title='bbox 472 3133 618 3199; x_wconf 87' lang='lat' dir='ltr'><strong>Lucretii</strong></span> <span class='ocrx_word' id='word_1_188' title='bbox 641 3134 797 3198; x_wconf 87' lang='lat' dir='ltr'><strong>Editores</strong></span> <span class='ocrx_word' id='word_1_189' title='bbox 820 3155 885 3196; x_wconf 92' lang='lat' dir='ltr'><strong>non</strong></span> <span class='ocrx_word' id='word_1_190' title='bbox 908 3143 973 3196; x_wconf 88' lang='lat' dir='ltr'><strong>tam</strong></span> <span class='ocrx_word' id='word_1_191' title='bbox 998 3132 1155 3197; x_wconf 88' lang='lat' dir='ltr'><strong>Codicum</strong></span> <span class='ocrx_word' id='word_1_192' title='bbox 1180 3133 1329 3218; x_wconf 85' lang='lat' dir='ltr'><strong>Scriptu-</strong></span> 
     </span>
     <span class='ocr_line' id='line_1_26' title="bbox 222 3250 1329 3345; baseline 0.003 -33"><span class='ocrx_word' id='word_1_193' title='bbox 222 3270 291 3313; x_wconf 91' lang='lat' dir='ltr'><strong>ram</strong></span> <span class='ocrx_word' id='word_1_194' title='bbox 306 3250 517 3345; x_wconf 88' lang='lat' dir='ltr'><strong>exhibebant,</strong></span> <span class='ocrx_word' id='word_1_195' title='bbox 541 3276 637 3339; x_wconf 90' lang='lat' dir='ltr'><strong>quam</strong></span> <span class='ocrx_word' id='word_1_196' title='bbox 660 3253 863 3336; x_wconf 89' lang='lat' dir='ltr'><strong>conjecturas</strong></span> <span class='ocrx_word' id='word_1_197' title='bbox 888 3274 975 3328; x_wconf 90' lang='lat' dir='ltr'><strong>suas,</strong></span> <span class='ocrx_word' id='word_1_198' title='bbox 1000 3275 1098 3316; x_wconf 90' lang='lat' dir='ltr'><strong>vanas</strong></span> <span class='ocrx_word' id='word_1_199' title='bbox 1124 3250 1329 3336; x_wconf 89' lang='lat' dir='ltr'><strong>plerumque,</strong></span> 
     </span>
     <span class='ocr_line' id='line_1_27' title="bbox 222 3366 1330 3457; baseline 0.002 -27"><span class='ocrx_word' id='word_1_200' title='bbox 222 3366 397 3452; x_wconf 88' lang='lat' dir='ltr'><strong>aliquando</strong></span> <span class='ocrx_word' id='word_1_201' title='bbox 411 3372 594 3457; x_wconf 87' lang='lat' dir='ltr'><strong>improbas;</strong></span> <span class='ocrx_word' id='word_1_202' title='bbox 617 3371 652 3434; x_wconf 94' lang='lat' dir='ltr'><strong>id</strong></span> <span class='ocrx_word' id='word_1_203' title='bbox 666 3371 755 3455; x_wconf 94' lang='lat' dir='ltr'><strong>quod</strong></span> <span class='ocrx_word' id='word_1_204' title='bbox 771 3370 891 3446; x_wconf 89' lang='lat' dir='ltr'><strong>decuit,</strong></span> <span class='ocrx_word' id='word_1_205' title='bbox 907 3370 941 3434; x_wconf 95' lang='lat' dir='ltr'><strong>id</strong></span> <span class='ocrx_word' id='word_1_206' title='bbox 957 3372 1046 3455; x_wconf 93' lang='lat' dir='ltr'><strong>quod</strong></span> <span class='ocrx_word' id='word_1_207' title='bbox 1069 3372 1157 3435; x_wconf 88' lang='lat' dir='ltr'><strong>aetati</strong></span> <span class='ocrx_word' id='word_1_208' title='bbox 1179 3370 1330 3435; x_wconf 90' lang='lat' dir='ltr'><strong>conveni-</strong></span> 
     </span>
     <span class='ocr_line' id='line_1_28' title="bbox 221 3487 1329 3574; baseline 0.001 -25"><span class='ocrx_word' id='word_1_209' title='bbox 221 3487 300 3550; x_wconf 92' lang='lat' dir='ltr'><strong>ebat</strong></span> <span class='ocrx_word' id='word_1_210' title='bbox 315 3487 473 3567; x_wconf 87' lang='lat' dir='ltr'><strong>fecerunt,</strong></span> <span class='ocrx_word' id='word_1_211' title='bbox 486 3490 687 3554; x_wconf 87' lang='lat' dir='ltr'><strong>conabantur</strong></span> <span class='ocrx_word' id='word_1_212' title='bbox 696 3488 797 3574; x_wconf 91' lang='lat' dir='ltr'><strong>loqui,</strong></span> <span class='ocrx_word' id='word_1_213' title='bbox 811 3488 911 3553; x_wconf 90' lang='lat' dir='ltr'><strong>sedin</strong></span> <span class='ocrx_word' id='word_1_214' title='bbox 921 3488 1179 3554; x_wconf 89' lang='lat' dir='ltr'><strong>istaLiterarum</strong></span> <span class='ocrx_word' id='word_1_215' title='bbox 1194 3489 1329 3553; x_wconf 86' lang='lat' dir='ltr'><strong>infantia</strong></span> 
     </span>
     <span class='ocr_line' id='line_1_29' title="bbox 221 3606 1328 3693; baseline 0.002 -24"><span class='ocrx_word' id='word_1_216' title='bbox 221 3606 303 3689; x_wconf 91' lang='lat' dir='ltr'><strong>quid</strong></span> <span class='ocrx_word' id='word_1_217' title='bbox 326 3619 446 3692; x_wconf 85' lang='lat' dir='ltr'><strong>praeter</strong></span> <span class='ocrx_word' id='word_1_218' title='bbox 468 3609 635 3673; x_wconf 87' lang='lat' dir='ltr'><strong>dimidiata</strong></span> <span class='ocrx_word' id='word_1_219' title='bbox 658 3609 769 3684; x_wconf 88' lang='lat' dir='ltr'><strong>verba,</strong></span> <span class='ocrx_word' id='word_1_220' title='bbox 792 3618 826 3672; x_wconf 91' lang='lat' dir='ltr'><strong>et</strong></span> <span class='ocrx_word' id='word_1_221' title='bbox 848 3609 1003 3673; x_wconf 89' lang='lat' dir='ltr'><strong>incertam</strong></span> <span class='ocrx_word' id='word_1_222' title='bbox 1029 3609 1328 3693; x_wconf 88' lang='lat' dir='ltr'><strong>pronunciationem</strong></span> 
     </span>
     <span class='ocr_line' id='line_1_30' title="bbox 222 3726 1329 3812; baseline 0.004 -24"><span class='ocrx_word' id='word_1_223' title='bbox 222 3731 455 3808; x_wconf 75' lang='lat' dir='ltr'><strong>expectemus?</strong></span> <span class='ocrx_word' id='word_1_224' title='bbox 478 3727 637 3793; x_wconf 88' lang='lat' dir='ltr'><strong>Nondum</strong></span> <span class='ocrx_word' id='word_1_225' title='bbox 653 3729 730 3792; x_wconf 90' lang='lat' dir='ltr'><strong>satis</strong></span> <span class='ocrx_word' id='word_1_226' title='bbox 753 3737 830 3792; x_wconf 89' lang='lat' dir='ltr'><strong>nota</strong></span> <span class='ocrx_word' id='word_1_227' title='bbox 852 3738 923 3792; x_wconf 89' lang='lat' dir='ltr'><strong>erat</strong></span> <span class='ocrx_word' id='word_1_228' title='bbox 947 3726 1061 3792; x_wconf 79' lang='lat' dir='ltr'><strong>Poetae</strong></span> <span class='ocrx_word' id='word_1_229' title='bbox 1084 3728 1194 3804; x_wconf 93' lang='lat' dir='ltr'><strong>dictio,</strong></span> <span class='ocrx_word' id='word_1_230' title='bbox 1218 3729 1329 3812; x_wconf 83' lang='lat' dir='ltr'><strong>ignota</strong></span> 
     </span>
     <span class='ocr_line' id='line_1_31' title="bbox 223 3846 1328 3932; baseline 0.001 -24"><span class='ocrx_word' id='word_1_231' title='bbox 223 3867 357 3929; x_wconf 88' lang='lat' dir='ltr'><strong>prorsus</strong></span> <span class='ocrx_word' id='word_1_232' title='bbox 374 3847 511 3932; x_wconf 89' lang='lat' dir='ltr'><strong>Epicuri</strong></span> <span class='ocrx_word' id='word_1_233' title='bbox 526 3846 750 3932; x_wconf 85' lang='lat' dir='ltr'><strong>Philosophia.</strong></span> <span class='ocrx_word' id='word_1_234' title='bbox 796 3847 864 3912; x_wconf 89' lang='lat' dir='ltr'><strong>Iste</strong></span> <span class='ocrx_word' id='word_1_235' title='bbox 879 3848 963 3911; x_wconf 93' lang='lat' dir='ltr'><strong>enim</strong></span> <span class='ocrx_word' id='word_1_236' title='bbox 980 3847 1157 3911; x_wconf 76' lang='lat' dir='ltr'><strong>Poetarum</strong></span> <span class='ocrx_word' id='word_1_237' title='bbox 1173 3869 1242 3910; x_wconf 89' lang='lat' dir='ltr'><strong>mos</strong></span> <span class='ocrx_word' id='word_1_238' title='bbox 1265 3855 1328 3922; x_wconf 89' lang='lat' dir='ltr'><strong>est,</strong></span> 
     </span>
    </p>
   </div>
   <div class='ocr_carea' id='block_1_2' title="bbox 222 3966 1327 4052">
    <p class='ocr_par' dir='ltr' id='par_1_5' title="bbox 222 3966 1327 4052">
     <span class='ocr_line' id='line_1_32' title="bbox 222 3966 1327 4052; baseline 0.001 -23"><span class='ocrx_word' id='word_1_239' title='bbox 222 3968 330 4051; x_wconf 89' lang='lat' dir='ltr'><strong>utqui</strong></span> <span class='ocrx_word' id='word_1_240' title='bbox 345 3966 506 4033; x_wconf 90' lang='lat' dir='ltr'><strong>delectum</strong></span> <span class='ocrx_word' id='word_1_241' title='bbox 520 3969 693 4034; x_wconf 89' lang='lat' dir='ltr'><strong>verborum</strong></span> <span class='ocrx_word' id='word_1_242' title='bbox 708 3966 862 4032; x_wconf 84' lang='lat' dir='ltr'><strong>affectent</strong></span> <span class='ocrx_word' id='word_1_243' title='bbox 877 3978 1003 4033; x_wconf 87' lang='lat' dir='ltr'><strong>veteres</strong></span> <span class='ocrx_word' id='word_1_244' title='bbox 1025 3969 1197 4052; x_wconf 86' lang='lat' dir='ltr'><strong>exquirant</strong></span> <span class='ocrx_word' id='word_1_245' title='bbox 1219 3988 1327 4043; x_wconf 92' lang='lat' dir='ltr'><strong>voces,</strong></span> 
     </span>
    </p>
   </div>
   <div class='ocr_carea' id='block_1_3' title="bbox 254 4176 1328 4413">
    <p class='ocr_par' dir='ltr' id='par_1_6' title="bbox 254 4176 1328 4413">
     <span class='ocr_line' id='line_1_33' title="bbox 255 4176 1327 4251; baseline -0.003 -19"><span class='ocrx_word' id='word_1_246' title='bbox 255 4184 381 4234; x_wconf 70' lang='lat' dir='ltr'><strong>⁵Geneth.</strong></span> <span class='ocrx_word' id='word_1_247' title='bbox 394 4185 495 4244; x_wconf 89' lang='lat' dir='ltr'><strong>Lucani,</strong></span> <span class='ocrx_word' id='word_1_248' title='bbox 507 4185 549 4234; x_wconf 93' lang='lat' dir='ltr'><strong>lib.</strong></span> <span class='ocrx_word' id='word_1_249' title='bbox 564 4186 599 4234; x_wconf 89' lang='grc'><strong>11.</strong></span> <span class='ocrx_word' id='word_1_250' title='bbox 613 4184 748 4251; x_wconf 79' lang='lat' dir='ltr'><strong>sylvarum.</strong></span> <span class='ocrx_word' id='word_1_251' title='bbox 822 4186 832 4216; x_wconf 79' lang='lat'><strong>⁸</strong></span> <span class='ocrx_word' id='word_1_252' title='bbox 846 4185 906 4233; x_wconf 82' lang='lat' dir='ltr'><strong>inst</strong></span> <span class='ocrx_word' id='word_1_253' title='bbox 925 4186 994 4234; x_wconf 73' lang='lat' dir='ltr'><strong>Orat</strong></span> <span class='ocrx_word' id='word_1_254' title='bbox 1011 4184 1052 4233; x_wconf 92' lang='lat' dir='ltr'><strong>lib.</strong></span> <span class='ocrx_word' id='word_1_255' title='bbox 1073 4185 1104 4232; x_wconf 85' lang='lat' dir='ltr'><strong>X.</strong></span> <span class='ocrx_word' id='word_1_256' title='bbox 1121 4199 1173 4248; x_wconf 88' lang='lat' dir='ltr'><strong>cap.</strong></span> <span class='ocrx_word' id='word_1_257' title='bbox 1196 4183 1215 4231; x_wconf 89' lang='lat' dir='ltr'><strong>l.</strong></span> <span class='ocrx_word' id='word_1_258' title='bbox 1232 4182 1272 4230; x_wconf 90' lang='lat' dir='ltr'><strong>ubi</strong></span> <span class='ocrx_word' id='word_1_259' title='bbox 1291 4176 1327 4230; x_wconf 87' lang='lat' dir='ltr'><strong>ta-</strong></span> 
     </span>
     <span class='ocr_line' id='line_1_34' title="bbox 254 4264 1328 4330; baseline -0.005 -15"><span class='ocrx_word' id='word_1_260' title='bbox 254 4264 399 4315; x_wconf 80' lang='lat' dir='ltr'><strong>⁶Eusebius</strong></span> <span class='ocrx_word' id='word_1_261' title='bbox 411 4266 490 4330; x_wconf 89' lang='lat' dir='ltr'><strong>Olym.</strong></span> <span class='ocrx_word' id='word_1_262' title='bbox 505 4266 559 4318; x_wconf 82' lang='lat'><strong>171.</strong></span> <span class='ocrx_word' id='word_1_263' title='bbox 793 4281 850 4315; x_wconf 86' lang='lat' dir='ltr'><strong>men</strong></span> <span class='ocrx_word' id='word_1_264' title='bbox 867 4267 990 4324; x_wconf 83' lang='lat' dir='ltr'><strong>Bartbius,</strong></span> <span class='ocrx_word' id='word_1_265' title='bbox 1007 4266 1051 4315; x_wconf 90' lang='lat' dir='ltr'><strong>sed</strong></span> <span class='ocrx_word' id='word_1_266' title='bbox 1067 4264 1164 4322; x_wconf 83' lang='lat' dir='ltr'><strong>frustra,</strong></span> <span class='ocrx_word' id='word_1_267' title='bbox 1180 4264 1241 4328; x_wconf 83' lang='lat' dir='ltr'><strong>legit</strong></span> <span class='ocrx_word' id='word_1_268' title='bbox 1257 4266 1282 4311; x_wconf 73' lang='lat' dir='ltr'><strong>aa·</strong></span> <span class='ocrx_word' id='word_1_269' title='bbox 1301 4280 1328 4310; x_wconf 84' lang='lat' dir='ltr'><strong>u-</strong></span> 
     </span>
     <span class='ocr_line' id='line_1_35' title="bbox 254 4345 847 4413; baseline -0.002 -17"><span class='ocrx_word' id='word_1_270' title='bbox 254 4347 263 4381; x_wconf 81' lang='lat'><strong><em>⁷</em></strong></span> <span class='ocrx_word' id='word_1_271' title='bbox 276 4347 405 4397; x_wconf 85' lang='lat' dir='ltr'><strong>Cornelius</strong></span> <span class='ocrx_word' id='word_1_272' title='bbox 417 4347 502 4413; x_wconf 82' lang='lat' dir='ltr'><strong>Nepos</strong></span> <span class='ocrx_word' id='word_1_273' title='bbox 513 4347 555 4399; x_wconf 80' lang='lat' dir='ltr'><strong>vit.</strong></span> <span class='ocrx_word' id='word_1_274' title='bbox 569 4345 653 4397; x_wconf 83' lang='lat' dir='ltr'><strong>Attici.</strong></span> <span class='ocrx_word' id='word_1_275' title='bbox 790 4350 847 4395; x_wconf 74' lang='lat' dir='ltr'><strong>silis.</strong></span> 
     </span>
    </p>
   </div>
   <div class='ocr_carea' id='block_1_4' title="bbox 0 0 1448 4852">
    <p class='ocr_par' dir='ltr' id='par_1_7' title="bbox 0 0 1448 4852">
     <span class='ocr_line' id='line_1_36' title="bbox 0 0 1448 4852; baseline 0 0"><span class='ocrx_word' id='word_1_276' title='bbox 0 0 1448 4852; x_wconf 95' lang='lat' dir='ltr'><strong> </strong></span> 
     </span>
    </p>
   </div>
  </div>
 </body>
</html>
