2872 4852
418 243 591 310 LIBER
620 242 927 310 SECUNDUS.

206 402 353 486 Legibus
367 398 436 464 his:
459 402 575 465 eadem
590 400 673 467 ratio
687 422 739 464 res
754 401 904 465 terminat
920 402 1052 465 omneis.

206 504 295 568 Nam
308 501 407 566 veluti
422 512 492 566 tota
506 501 807 566 naturadissimiles
825 513 901 565 sunt

141 618 190 670 720
208 605 298 671 Inter
314 628 348 669 se
363 605 482 689 genitae
497 627 550 668 res
566 626 715 688 quaeque,
731 605 778 668 ita
792 627 953 688 quamque
968 627 1103 670 necesse
1119 605 1159 670 'st

207 705 365 772 Dissimili
380 716 529 770 constare
543 705 650 790 figura
666 705 921 790 Principiorum3

205 810 284 874 Non
299 808 388 893 quod
403 806 503 870 multa
516 829 631 891 pamm
647 807 739 871 simili
755 809 819 871 sint
833 809 971 892 praedita
987 808 1109 874 forma:

207 912 275 977 Sed
291 911 366 994 quia
381 932 445 973 non
460 909 555 994 volgo
570 911 662 994 paria
677 912 824 974 omnibus
840 912 945 974 omnia
960 922 1120 976 constent.

250 1013 381 1077 Semina
396 1035 469 1077 cum
485 1034 585 1096 porro
599 1012 732 1090 distent,
749 1012 882 1077 differre
897 1035 1031 1078 necesse
1047 1015 1087 1078 ’st

142 1128 189 1179 725
208 1113 391 1191 Intervalla,
409 1113 501 1190 Viae,
518 1113 706 1192 Connexus,
724 1114 887 1190 Pondere,
905 1114 1036 1200 Plagae,

207 1219 406 1293 Concursus
424 1216 558 1280 Motus:
583 1238 656 1300 quae
670 1239 735 1280 non
750 1215 911 1282 Animalia
927 1216 1030 1281 solum

205 1319 355 1403 Corpora
371 1318 556 1401 sejungunt,
574 1317 633 1381 sed
648 1318 783 1395 TerraS,
800 1340 838 1382 ac
853 1318 948 1382 Mare
963 1328 1067 1382 totum

208 1420 402 1495 Secernunt,
420 1416 612 1502 Coelumque
628 1443 647 1482 a
659 1419 773 1483 Terris
789 1442 881 1484 omne
898 1430 1070 1484 retentant.

249 1521 349 1585 Nunc
364 1541 436 1604 age,
453 1520 541 1585 dicta
555 1542 628 1583 meo
643 1519 731 1585 dulci
745 1522 883 1604 quaesita
895 1520 1007 1587 labore

144 1632 192 1683 730
209 1623 366 1707 Percipe3
390 1644 431 1686 ne
447 1620 531 1685 forte
547 1620 618 1685 haec
635 1620 731 1686 Albis
746 1645 789 1686 ex
804 1622 891 1688 Alba
906 1625 1006 1687 rearis

210 1726 382 1810 Principiis
397 1747 481 1802 esse,
498 1735 573 1789 ante
590 1724 699 1790 oculos
716 1749 789 1809 quae
804 1725 953 1790 Candida
968 1727 1090 1791 cernis:

210 1827 282 1893 Aut
296 1850 345 1905 ea,
361 1849 435 1912 quae
450 1827 605 1912 Nigrant,
622 1828 728 1914 Nigro
743 1829 785 1893 de
802 1829 930 1893 Semine
945 1841 1039 1893 nata:

208 1928 303 1993 Neve
318 1928 415 1992 alium
430 1931 575 2012 quemvis
590 1953 664 2013 quae
680 1940 756 1994 sunt
770 1931 885 1994 induta
901 1929 1051 2007 colorem,

208 2030 388 2115 Propterea
402 2053 517 2114 gerere
531 2030 618 2095 hunc
634 2032 761 2108 credaS,
777 2033 866 2115 quod
883 2032 1037 2096 Materiai

143 2143 191 2194 735
211 2133 358 2216 Corpora
373 2131 529 2196 consimili
545 2134 609 2196 sint
623 2134 694 2216 ejus
709 2134 810 2196 tincta
825 2132 943 2198 colore.

209 2232 330 2297 Nullus
346 2234 431 2297 enim
446 2232 544 2297 Color
560 2244 611 2297 est
626 2235 754 2296 omnino
769 2233 923 2298 Materiai

210 2335 423 2418 Corporibus,
439 2356 545 2416 neque
560 2356 620 2416 par
636 2335 746 2409 rebus,
763 2356 869 2417 neque
885 2334 1025 2417 denique
1040 2335 1162 2418 dispar.

253 2434 291 2500 In
306 2457 380 2518 quae
395 2456 532 2517 corpora
549 2435 576 2498 si
591 2432 697 2498 nullus
714 2435 772 2498 tibi
784 2434 868 2499 forte
884 2436 1012 2498 videtur

122 2621 177 2686 pria
190 2622 320 2677 accedunt;
338 2621 381 2670 illa
398 2620 507 2670 efficiunt
522 2630 550 2669 ut
566 2621 662 2670 diversa
695 2620 861 2685 ἐνυπάρχουσι
890 2621 1013 2686 Epicurus
1025 2621 1056 2669 ad
1069 2619 1231 2668 Herodotum.

123 2687 174 2735 sint
201 2686 336 2744 intervalla,
359 2687 450 2735 diversi
477 2695 565 2744 motus,
592 2687 660 2743 situs,
695 2687 805 2736 Eandem
817 2687 963 2736 sententiam
976 2686 1105 2734 Lucretius
1122 2683 1232 2748 exponit,

123 2752 246 2815 positura,
270 2761 314 2800 eto.
339 2761 364 2799 et
389 2751 447 2800 inde
474 2752 552 2799 oritur
579 2767 661 2800 rerum
694 2761 726 2809 et,
744 2769 766 2800 v.
789 2754 810 2801 9.
829 2752 923 2801 semina
939 2752 1043 2799 affirmat
1062 2749 1171 2799 colorum
1190 2763 1233 2796 ex-

123 2817 235 2874 varietas,
248 2827 274 2864 et
284 2816 427 2864 differentia.
694 2817 780 2881 pertia,
793 2832 871 2878 neque
883 2833 944 2880 opus
961 2832 1013 2864 esse
1031 2816 1140 2864 alborum
1158 2813 1231 2862 semi·

156 2881 211 2931 718.
230 2884 318 2930 Eadem
326 2885 387 2930 ratio
398 2898 435 2929 ret
446 2884 554 2929 terminat
565 2878 660 2942 omnen]
694 2897 760 2938 num,
771 2890 799 2929 ut
810 2881 891 2930 album
901 2882 965 2929 loret
975 2880 1143 2945 compositum,
1154 2894 1233 2941 neque

127 2945 166 2993 lta
186 2946 327 3004 Lambinus,
348 2963 404 2995 cum
426 2946 495 2994 codd
517 2948 662 2993 disterminat
694 2947 827 3008 nigrorum,
840 2954 868 2994 ut
879 2945 983 3008 nigrum.

123 3014 204 3067 omnia,
217 3011 281 3072 quod
293 3012 375 3075 probo.
728 3010 783 3062 733.
814 3015 870 3063 Qua
892 3019 946 3058 runt
967 3008 1061 3071 induta]
1086 3007 1233 3056 Emendatio

157 3075 211 3125 728.
224 3072 660 3138 CoelumqueaTerrtsomneretentant]
695 3075 821 3123 Lambini:
842 3075 869 3122 in
885 3075 954 3122 codd.
973 3078 1080 3128 Imitatur
1101 3073 1166 3136 quod
1183 3073 1231 3120 La-

123 3142 256 3198 Retentant,
276 3155 307 3187 ne
327 3140 416 3188 coelum
435 3156 491 3188 cum
512 3139 583 3187 terris
603 3139 662 3186 mis·
695 3140 741 3187 tini
758 3139 877 3187 sermonis
893 3140 956 3187 ratio
972 3139 1100 3202 improbat.
1135 3136 1233 3184 Deinde

123 3214 214 3262 ceatur,
242 3205 389 3252 Lambinus:
415 3204 507 3268 optime
531 3203 662 3251 concludit
696 3220 727 3252 ex
738 3204 840 3267 Epicuri
852 3203 974 3252 sententia
991 3217 1092 3265 corpora
1109 3217 1158 3249 non
1175 3215 1232 3264 pos-

124 3269 224 3317 Semina
235 3268 333 3330 quidem
350 3269 448 3325 distant,
461 3269 505 3316 sed
520 3267 568 3315 nisi
584 3267 661 3314 inter·
695 3278 753 3316 sunt
772 3268 819 3315 dici
840 3268 934 3316 imbuta
952 3268 1039 3315 colore.
1065 3266 1150 3313 Faber.
1186 3264 1233 3313 Cui

123 3333 194 3390 valla,
207 3333 260 3390 viae,
272 3341 359 3389 motus,
372 3341 417 3379 etc.
429 3332 514 3379 itidem
529 3330 662 3388 differrent,
695 3332 820 3379 crederem
833 3331 854 3379 si
871 3333 1003 3394 probasset.
1035 3334 1112 3388 Quem,
1126 3330 1232 3377 Gassen·

124 3397 207 3444 omnia
215 3411 322 3459 prorsus,
330 3395 426 3451 coelum,
435 3411 509 3453 mare,
518 3395 605 3451 sidera,
616 3404 661 3441 etc.
696 3396 749 3442 dus.

124 3460 338 3507 confunderentur.
363 3459 448 3506 Faber.
488 3459 527 3506 Ita
547 3473 594 3505 vox
616 3457 663 3505 ista
729 3459 784 3509 735.
803 3461 886 3506 Tincta
896 3459 981 3522 colare]
996 3463 1075 3517 Tacta,
1086 3458 1227 3508 Lambinus.

124 3531 242 3572 retentant
253 3533 290 3570 est
302 3522 338 3571 vis
350 3522 476 3578 maximae;
494 3522 541 3570 nisi
558 3522 600 3569 illa
616 3522 662 3569 im·
729 3522 784 3573 738.
808 3526 837 3570 In
854 3540 904 3585 qne
921 3542 1014 3586 corpora
1030 3528 1058 3582 si,
1076 3523 1132 3586 etc]
1152 3524 1235 3573 Sensit

124 3589 228 3653 pediret,
241 3588 329 3636 coelum
345 3587 415 3643 mari,
432 3602 499 3634 mare
516 3586 587 3634 terris
603 3586 661 3634 mis·
697 3587 826 3636 Lucretius
839 3603 865 3636 se
882 3589 965 3637 multis
981 3604 1045 3652 aegre
1061 3603 1235 3652 persuasurum

123 3663 234 3708 ceretur3
252 3661 278 3700 at
294 3651 354 3700 nihil
372 3651 420 3699 tale
432 3651 510 3699 voluit
527 3651 662 3709 Lucretius,
695 3652 770 3700 luisse
782 3652 861 3700 nullos
873 3669 925 3702 esre
938 3653 965 3702 in
981 3653 1122 3710 seminibus,
1135 3663 1160 3701 et
1176 3670 1232 3717 pro·

124 3719 190 3782 apud
207 3718 276 3765 illum
293 3724 408 3765 retentant
424 3716 490 3764 idem
508 3715 581 3779 plane
599 3717 663 3778 quod
695 3717 754 3765 inde
765 3731 844 3778 neque
856 3718 881 3765 in
896 3718 957 3781 ipsis
973 3717 1121 3782 compositis,
1133 3717 1233 3768 colores.

123 3787 278 3846 distinguunt,
291 3790 333 3830 aut
336 3780 432 3844 sedunt
443 3785 468 3829 dt
485 3798 543 3829 erre.
697 3781 848 3844 Praejudieiis
872 3782 937 3830 enim
959 3783 1058 3846 penitus
1085 3782 1234 3842 obedientes,

157 3850 212 3899 729.
234 3850 303 3895 Nunc
320 3863 370 3910 age,
387 3850 451 3894 dieta
468 3863 522 3903 meo,
540 3845 596 3908 ete]
616 3843 662 3893 Kal
694 3847 766 3911 pauci
773 3847 908 3895 ereduntse
915 3846 1155 3911 aliquidcorporeum
1163 3863 1234 3912 posse

123 3912 171 3973 μὴν
180 3912 219 3961 nal
228 3911 272 3961 τὰς
281 3911 396 3972 Ἀτόμους
407 3908 538 3971 νομιστέον,
547 3909 663 3971 μηδεμίαν
694 3911 831 3975 concipere,
857 3912 921 3974 quod
949 3912 1058 3960 nonsit
1085 3913 1233 3966 coloratum

124 3975 241 4036 ποιότητα
259 3980 307 4025 τῶν
325 3973 472 4037 φαινομένων
488 3973 663 4037 προσφέρεσθαι
695 3977 799 4039 ideoque
810 3977 911 4041 semina,
922 3993 975 4040 quer
985 3986 1067 4025 mente
1078 3976 1173 4041 percipi
1185 3991 1234 4024 non

124 4040 330 4104 πλὴνσχήματος,
343 4038 531 4103 καὶβάριινς,καὶ
540 4039 662 4100 μεγέθους,
696 4050 806 4105 possunt,
829 4051 914 4106 utpote
935 4041 1023 4090 coloris
1047 4041 1165 4104 expertia,
1189 4038 1236 4088 sibi

126 4105 165 4152 καὶ
172 4105 218 4154 ὅσα
225 4107 250 4166 ἐξ
257 4103 363 4166 ἀνάγκης
370 4103 495 4166 σχήματος
502 4106 598 4166 συμφυῆ
605 4106 663 4152 ἐστι.
697 4106 796 4155 obtrudi
812 4122 861 4155 non
878 4107 972 4154 ferunt:
995 4106 1062 4154 hisce
1079 4103 1234 4169 praeJudiciis,

126 4167 257 4228 Ποιότητες
267 4170 314 4232 ’γὰρ
326 4170 408 4227 ἄλλαι,
420 4168 470 4217 οῖον
481 4166 566 4231 χρῶμά
576 4187 612 4227 τε,
624 4168 663 4216 καὶ
696 4188 719 4219 v.
736 4173 759 4219 9.
777 4171 884 4219 breviter
900 4171 1012 4219 occurrit.
1041 4169 1106 4217 Caeci
1122 4183 1161 4215 res
1178 4182 1235 4230 per-

127 4232 248 4294 θιρμότης,
266 4234 328 4296 παρὰ
347 4234 392 4292 τὴν
411 4232 477 4282 θέσιν
493 4237 542 4283 τῶν
557 4233 665 4294 'ardinor
696 4235 799 4299 cipiunt,
823 4250 925 4299 quarum
948 4244 1029 4282 tamen
1052 4232 1145 4280 colores
1170 4246 1234 4278 nun-

125 4294 330 4357 μεταβάλλουσιν,
342 4298 377 4348 διὸ
389 4296 665 4359 ravennatensem
698 4316 771 4364 quam
788 4300 901 4358 viderint,
919 4314 964 4347 nec
981 4296 1060 4346 omnir
1077 4309 1158 4344 rerum
1178 4311 1234 4359 per·
