2872 4852
456 227 627 293 LIBER
658 227 887 294 SEXTUS.
980 315 983 329 ι

207 386 299 451 luter
312 385 397 450 enim
411 382 507 468 fugit,
522 405 561 448 ac
577 393 728 468 penetrat
742 406 802 469 per
816 406 890 449 rara
906 384 1040 449 viarum.

204 489 284 553 Non
300 489 398 572 igitur
411 485 520 551 multis
535 485 714 552 offensibus
729 489 762 552 in
777 487 972 552 remorando

205 584 364 655 Haesitat':
387 589 473 654 hanc
489 590 532 654 ob
547 611 616 654 rem
630 588 728 654 celeri
741 588 829 654 volat
842 589 962 674 impete
976 588 1104 654 labens.

248 692 390 769 Deinde,
406 692 496 776 quod
512 693 640 756 omnino
654 702 772 756 natura
787 691 940 757 Pondera
955 692 1110 756 deorsum
1180 704 1182 709 '

141 807 188 854 555
208 794 327 861 Omnia
341 796 506 859 nituntur:
530 816 604 859 oum
618 793 715 879 plaga
730 795 773 859 sii
787 795 899 859 addita
913 816 1002 873 vero,

205 895 373 962 Mobilitas
390 895 586 981 duplicatur,
602 907 636 961 et
649 898 790 981 impetus
805 895 859 962 ille
874 897 1054 982 gravescit:

167 1001 168 1005 ’
205 998 255 1064 Ut
268 999 502 1077 vehementius,
518 1010 552 1063 et
566 998 673 1077 citius,
689 1020 892 1084 quaecunque
907 1010 1075 1064 morantur

205 1102 325 1181 Obvia,
342 1103 495 1167 discutiat
509 1100 627 1186 plagis,
644 1101 804 1185 itinerque
819 1111 985 1186 sequatur.

248 1202 413 1287 Denique,
429 1203 518 1287 quod
532 1201 631 1287 longo
645 1203 733 1267 venit
747 1203 879 1287 impete,
895 1224 1021 1266 sumere
1038 1202 1137 1267 debet

141 1318 190 1364 ³40
206 1303 435 1381 Mobilitatem,
451 1304 548 1368 etiam
563 1314 661 1388 atque
676 1305 774 1368 etiam
788 1327 862 1389 quae
877 1305 995 1369 crescit
1009 1304 1129 1382 eundo,

206 1406 253 1470 Et
267 1405 390 1470 validas
404 1415 505 1490 auget
519 1405 627 1483 vireis,
642 1415 676 1470 55
690 1407 823 1470 roborat
837 1406 955 1470 ictum:

205 1508 295 1573 Nam
308 1509 396 1585 facit,
412 1518 460 1585 ut,
476 1530 550 1593 quae
565 1508 630 1572 sint
643 1507 728 1572 illius
744 1508 874 1572 Semina
889 1530 1029 1593 cunque,

206 1610 237 1673 E
253 1612 385 1694 regione
401 1609 507 1674 locum
522 1610 616 1694 quasi
630 1610 662 1673 in
678 1632 779 1674 unum
794 1619 912 1674 cuneta
926 1608 1084 1688 ferantur,

207 1712 326 1776 Omnia
341 1711 515 1796 conjiciens
530 1712 564 1775 in
579 1734 652 1776 eum
667 1708 828 1776 volventia
843 1733 983 1776 cursum.

141 1827 188 1873 ³45
246 1813 372 1878 Forsan
387 1825 421 1879 et
435 1837 477 1878 ex
490 1815 564 1899 ipso
579 1814 710 1879 veniens
726 1813 835 1879 trahat
849 1812 940 1878 Aere
956 1815 1106 1899 quaedam

206 1918 364 2002 Corpora,
380 1941 454 2002 quae
468 1916 573 2003 plagis
588 1918 762 1983 intendunt
775 1916 997 1982 mobilitatem.

247 2018 506 2104 Incolumeisque
521 2021 609 2084 venit
624 2042 685 2104 per
698 2042 764 2098 res,
782 2030 880 2103 atque
895 2020 1023 2102 integra
1037 2018 1153 2084 transit

206 2120 325 2197 Multa,
341 2120 552 2186 foraminibus
567 2119 698 2206 liquidis
714 2122 791 2205 quia
806 2119 944 2184 travolat
959 2120 1065 2205 Ignis:

206 2224 378 2307 Multaque
394 2223 577 2308 perfringit,
593 2246 667 2288 oum
681 2245 820 2308 corpora
834 2221 976 2287 fulminis
991 2225 1064 2307 ipsa

143 2338 191 2384 550
210 2325 411 2410 Corporibus
427 2347 535 2389 rerum
550 2325 733 2402 inciderint,
749 2347 815 2408 qua
831 2335 923 2389 texta
938 2334 1100 2389 tenentur.

248 2426 409 2492 Dissolvit
424 2449 523 2511 porro
536 2426 628 2492 facile
645 2427 720 2505 AEs,
737 2425 931 2512 Aurumque
945 2437 1083 2514 repente

206 2528 465 2608 Confervefacit3
489 2552 507 2594 e
521 2529 631 2614 parvis
648 2530 724 2614 quia
739 2529 826 2594 facta
840 2525 963 2594 minute

206 2631 408 2716 Corporibus
424 2632 471 2695 vis
486 2641 548 2708 est,
564 2641 598 2695 et
612 2629 748 2695 laevibus
761 2653 804 2696 ex
818 2629 998 2707 elementis,

207 2734 293 2807 Quae
308 2732 401 2797 facile
417 2733 631 2810 insinuantur,
648 2743 681 2797 et
695 2733 858 2797 insinuata
872 2742 1008 2816 repente

143 2848 190 2894 555
208 2834 403 2901 Dissolvunt
417 2835 521 2899 nodos
538 2837 671 2911 omneiS,
688 2846 721 2900 et
735 2834 839 2900 vinela
854 2832 1013 2899 relaxant.

249 2937 483 3023 Autumnoque
498 2939 600 3023 magis
618 2936 718 3002 stellis
734 2937 934 3022 fulgentibus
950 2935 1016 3001 alta

132 3215 209 3289 lm·
238 3217 300 3262 Num
317 3214 388 3278 furit,
411 3214 468 3290 eta]
481 3217 593 3290 'Longus
617 3215 659 3264 ille
693 3213 731 3290 vel
743 3214 871 3291 ipanibus;
886 3214 932 3290 ed
944 3217 1046 3278 liquidus
1058 3213 1140 3262 forsan
1156 3213 1233 3276 legar,

122 3280 661 3407 55555155555555
692 3279 1007 3405 11111511111155.
1021 3345 1102 3403 ,55
1117 3345 1152 3390 a
1161 3340 1233 3404 sara

123 3421 203 3468 neque
224 3406 255 3454 ad
274 3417 368 3455 certum
387 3408 468 3456 lorum
491 3408 660 3465 determinata,
693 3406 740 3470 est]
754 3407 799 3455 Vir
811 3408 866 3456 aeris
881 3419 906 3455 55
922 3407 976 3455 auri
992 3406 1073 3468 inquit
1089 3405 1233 3465 Lambinus,

122 3469 196 3533 longo
224 3486 282 3519 vero
309 3471 352 3520 illo
379 3472 474 3536 impetu
506 3472 658 3536 diriguntur:
693 3472 736 3520 sed
746 3471 845 3530 fallitur,
857 3472 921 3535 quod
933 3481 958 3520 et
972 3471 1042 3528 ratio,
1055 3479 1080 3519 et
1091 3486 1176 3520 versus
1192 3487 1232 3520 se·

122 3535 188 3582 huno
200 3534 279 3583 locum
291 3536 321 3584 ab
338 3535 392 3584 aliis
409 3553 458 3585 non
476 3537 535 3585 55515
552 3537 660 3600 explica·
693 3546 795 3600 quenter
804 3538 923 3601 probaut3
940 3535 978 3586 vis
990 3536 1056 3584 enim
1068 3535 1111 3585 illa
1122 3535 1234 3585 fulminis

123 3607 183 3656 turn,
196 3609 262 3648 recte
274 3600 605 3667 mihivideorinterpretari.
694 3611 738 3659 est,
761 3616 810 3650 non
834 3601 895 3660 auri,
920 3603 976 3654 Quoe
992 3600 1067 3663 suciis
1092 3605 1232 3661 5555555555,

128 3691 130 3695 >
157 3663 212 3715 347.
238 3667 415 3728 Incolumeisque
434 3671 503 3725 uenit,
524 3664 581 3729 eta]
602 3667 661 3714 Non
693 3675 736 3715 eie.
756 3666 804 3714 Sed
823 3681 862 3714 555
883 3666 956 3730 plana
979 3675 1023 3724 est,
1042 3681 1121 3728 nequa
1143 3681 1232 3714 monu-

123 3729 206 3778 omnia
215 3729 243 3777 iu
255 3746 309 3793 quae
319 3731 407 3779 incidit
418 3731 537 3795 diffringit
554 3731 660 3786 fulmen3
693 3731 776 3790 issem,
789 3730 836 3779 nisi
849 3730 1043 3780 adolescentibus
1055 3731 1087 3779 ab
1101 3731 1233 3780 autoritate

123 3810 178 3843 rara
189 3809 291 3859 corpora
307 3794 404 3859 integra
419 3806 520 3844 manent
536 3805 562 3844 ei
576 3796 661 3854 illaesa,
694 3796 759 3844 docti
770 3795 877 3844 hominis
888 3796 1025 3861 periculum
1037 3805 1114 3844 esset:
1132 3798 1217 3845 Faber.

122 3875 179 3908 narn
196 3875 241 3924 per
255 3860 352 3909 illorum
370 3869 465 3909 meatus
481 3861 557 3910 libere
574 3861 662 3909 transit
727 3862 782 3909 ato.
799 3864 957 3923 Autumnoque
968 3864 1042 3924 magis
1052 3863 1126 3910 5551155
1135 3858 1231 3923 suigau-

123 3924 220 3973 subtilis
236 3925 308 3988 ignis.
338 3925 428 3983 Solida,
445 3942 486 3984 555,
504 3941 597 3984 aurum,
615 3935 660 3975 555.
695 3929 756 3975 tibur
772 3930 829 3984 5155,
845 3925 903 3989 eto]
922 3926 981 3990 Leg.
998 3929 1077 3974 Sicilia
1086 3925 1234 3989 fulgentibus

123 3989 242 4048 dissolvit,
254 3990 311 4052 quia
322 3989 348 4039 in
359 3991 436 4039 olida
452 4007 554 4056 corpora
570 3991 660 4054 impin·
694 3999 767 4052 apta:
795 3991 834 4039 vel
856 4007 912 4039 curn
936 3991 1018 4039 Fabro
1039 3990 1161 4053 (quamvis
1185 3989 1233 4038 ista

123 4054 167 4116 git,
180 4064 299 4104 eteorum
312 4072 385 4120 poros
396 4055 528 4119 ingressus,
539 4057 596 4104 dum
609 4055 661 4104 exi·
694 4055 768 4105 lectio
779 4071 829 4104 non
841 4055 874 4104 sit
884 4056 945 4104 adeo
956 4055 1105 4115 necessaria)
1122 4053 1231 4116 teliasui·

124 4131 176 4167 mm
189 4134 238 4168 non
249 4120 351 4179 invenit,
364 4121 482 4185 diaJungit
493 4121 547 4186 ipsa
560 4136 661 4196 corpur·
692 4124 808 4184 gentibus,
816 4121 842 4168 id
850 4119 1003 4184 astfuimine.
1032 4121 1091 4168 Ver.
1101 4121 1139 4166 22.
1150 4116 1232 4180 inqui·

124 4183 186 4240 cula,
198 4185 296 4234 metalla
310 4185 441 4254 liquefacit,
454 4202 513 4235 saxa
529 4185 620 4249 redigrt
635 4185 662 4233 in
694 4185 757 4234 ritur
773 4201 817 4235 cur
833 4196 951 4234 autumno
967 4195 993 4233 et
1007 4199 1064 4232 vere
1081 4181 1235 4245 frequentius

125 4247 257 4310 pulverem.
695 4266 767 4314 quam
777 4251 865 4315 hyeme
874 4260 899 4299 et
907 4258 991 4299 5555555
1003 4247 1081 4311 (quod
1092 4247 1190 4310 quidem
1202 4245 1235 4294 de

159 4314 213 4360 34&
242 4316 401 4364 Forumtnibus
424 4314 530 4379 liquidis]
552 4315 661 4380 ripariis,
695 4315 840 4379 quibusdam
869 4314 947 4363 155115
973 4311 1113 4376 regionibus
1141 4309 1232 4360 iutelli-
