2872 4852
453 238 620 306 LIBER
647 240 906 307 TERTIUS.
1172 247 1232 310 157

215 392 396 473 Gauderet,
413 396 579 481 praelonga
595 419 695 461 senex
709 408 766 462 aut
780 419 901 462 cornua
917 398 1052 465 Cervus.

149 509 196 556 615
254 497 406 582 Denique
422 520 480 563 cur
495 497 604 561 Animi
620 521 784 583 nunquam
798 522 889 563 mens
905 499 1136 585 consiliumque

215 599 371 683 Gignitur
385 600 419 663 in
433 600 560 683 Capite,
576 610 632 663 aut
648 600 805 677 Pedibus,
821 601 1037 680 Manibusve;
1062 604 1118 667 sed
1136 605 1208 667 unis

214 700 367 776 Sedibus,
383 712 417 762 et
431 703 527 766 certis
543 702 730 783 regionibus
745 704 848 767 omnis
863 703 1019 768 inhaeret:

214 799 249 863 Si
263 824 328 865 non
343 811 433 866 certa
446 800 517 867 loca
531 803 574 865 ed
590 804 789 866 nascendum
804 801 934 867 reddita
948 804 1065 888 cuique

216 901 317 981 Sunt;
341 915 374 967 et
389 903 447 967 ubi
460 903 615 987 quicquid
631 905 735 987 possit
750 905 869 970 durare
885 918 1047 984 creatum3

150 1014 197 1060 620
212 1002 323 1088 Atque
339 1006 387 1068 ita'
399 1003 595 1070 multimodis
610 1029 671 1089 pro
685 1007 761 1069 totis
777 1009 914 1071 artubus
930 1030 1015 1085 esse,

164 1176 172 1186 ,
215 1105 438 1171 Membrorum
453 1117 490 1170 ut
505 1129 669 1190 nunquam
685 1108 805 1172 existat
820 1118 1041 1191 praeposterus
1057 1112 1162 1174 ordo?

213 1207 328 1291 Usque
343 1208 426 1271 adeo
442 1209 587 1290 sequitur
603 1230 655 1271 res
671 1230 750 1283 rem,
766 1230 871 1292 neque
887 1207 1030 1272 Flamma
1044 1213 1147 1275 creari
1161 1213 1194 1275 in

212 1308 413 1373 Fluminibus
429 1307 522 1371 solita
537 1309 588 1384 ’st,
604 1331 709 1393 neque
725 1311 757 1373 in
773 1310 846 1394 lgni
860 1311 986 1393 gignier
1000 1310 1115 1395 Algor.

256 1411 433 1486 Praeterea,
450 1410 477 1471 si
490 1409 675 1474 immortalis
691 1421 807 1474 natura
822 1411 952 1475 Animai
968 1414 1017 1489 ’st,

150 1523 197 1568 625
216 1511 263 1574 Et
279 1511 398 1573 sentire
414 1520 523 1593 potest
539 1521 664 1574 secreta
679 1535 698 1575 a
714 1512 860 1596 Corpore
876 1523 1006 1591 nostro;

215 1611 370 1693 Quinque
383 1610 432 1692 (ut
445 1611 571 1694 opinor)
587 1635 657 1676 eam
670 1612 852 1677 faciendum
865 1614 903 1678 'st
917 1613 1075 1679 Sensibus
1087 1627 1232 1680 auctam:

213 1711 288 1775 Nec
302 1713 426 1775 ratione
441 1711 504 1775 alia
518 1723 645 1777 nosmet
660 1736 843 1798 proponere
859 1706 954 1778 nobis

213 1815 391 1878 Possumus
405 1815 546 1878 infernas
562 1814 697 1879 Animas
713 1815 904 1881 Acherunte
920 1838 1056 1900 vagare.-

212 1916 359 1980 Pictores
374 1917 495 2000 itaque,
511 1926 545 1981 et
557 1916 762 2001 Scriptorum
778 1916 873 1982 saecla
888 1919 998 2002 priora

148 2030 194 2076 630
213 2017 267 2081 sic
285 2016 418 2081 Animas
434 2019 687 2082 introduxerunt
703 2020 852 2083 sensibus
868 2030 991 2083 auctas.

211 2117 259 2182 At
274 2140 380 2202 neque
396 2142 542 2184 seorsum
559 2119 668 2196 Oculi,
683 2142 789 2204 neque
805 2120 925 2197 Nares,
941 2143 1002 2185 nec
1021 2120 1142 2184 Manus
1161 2122 1232 2205 ipsa

212 2219 298 2283 Esse
313 2231 422 2304 potest
437 2220 566 2297 Anima,
582 2243 688 2304 neque
704 2243 851 2284 seorsum
868 2221 1007 2305 Lingua,
1023 2244 1084 2286 nec
1100 2221 1210 2286 Aures

213 2319 351 2405 Absque
367 2323 471 2385 anima
485 2345 546 2406 per
560 2345 595 2386 se
610 2334 748 2407 possunt
764 2324 895 2400 sentire,
911 2345 971 2388 nec
987 2346 1070 2387 esse.

427 2414 479 2451 Ν.

129 2479 175 2526 lato
192 2487 288 2540 pectora
308 2487 372 2543 tergo
390 2484 485 2530 Arduus
502 2485 534 2529 ad
550 2485 624 2539 solem,
642 2489 664 2529 et
731 2482 919 2541 624.Prcetereu,
929 2486 949 2530 si
961 2482 1166 2544 immortalis,etc.]
1181 2483 1232 2530 De·

128 2544 212 2604 tinguis
221 2547 291 2591 micat
300 2561 338 2592 ore
347 2548 455 2593 trisulcis.
474 2546 512 2593 Dc
520 2547 598 2594 cervis
607 2561 664 2593 vero
697 2544 787 2592 cimum
799 2555 919 2607 quartum,
937 2563 959 2594 v.
974 2549 1011 2594 10.
1030 2547 1145 2594 Animam
1162 2562 1232 2610 sepa·

129 2605 230 2664 Plinius,
252 2608 309 2656 Nat.
332 2609 397 2657 Hist.
421 2609 462 2657 lib.
483 2611 560 2657 Vlll.
584 2627 604 2656 c.
625 2612 663 2657 32.
697 2619 774 2656 ratem
788 2620 812 2657 et
823 2610 985 2658 immortalem
996 2611 1106 2674 concipe,
1118 2612 1230 2659 substan·

130 2673 220 2718 Cornua
236 2689 310 2720 mures
325 2677 416 2732 hubent,
431 2677 516 2736 solique
532 2677 664 2722 animalium
698 2673 756 2720 tiam
765 2673 911 2722 sentientem
923 2675 1053 2738 concipies,
1062 2691 1119 2737 crgo
1126 2675 1233 2737 quinque

128 2739 228 2783 omuibus
245 2740 311 2784 cttnts
327 2746 387 2786 stato
403 2743 463 2787 ceris
482 2747 579 2800 tempore
595 2743 664 2786 amtt·
696 2737 807 2786 sensibus
820 2747 940 2794 ornatam3
958 2748 983 2786 at
995 2739 1059 2786 unde
1071 2755 1164 2796 sensus,
1177 2755 1232 2787 cum

129 2806 187 2846 tunt.
696 2818 812 2850 sensuum
830 2818 927 2866 organa,
946 2803 1016 2859 oculi,
1038 2819 1116 2860 nares,
1137 2819 1232 2860 manus,

160 2864 215 2911 615.
244 2867 347 2927 Denique
375 2884 416 2913 cur
443 2870 523 2915 Animi
550 2884 664 2928 nunquam
696 2866 786 2929 lingua,
799 2883 877 2924 aures,
889 2867 915 2915 in
933 2867 1049 2915 derelicto
1061 2869 1169 2931 Corpore
1186 2884 1231 2931 pu·

128 2943 196 2985 mens,
219 2929 276 2991 etc]
305 2930 435 2978 Decimum
463 2931 570 2988 tertium,
594 2948 615 2979 v.
640 2933 662 2978 9.
696 2933 819 2979 trescent?

129 2991 194 3038 Olim
206 2993 289 3041 docuit
304 3003 390 3057 pectus
402 3011 455 3042 csse
472 2996 557 3043 Animi
572 2997 662 3053 sedem,
729 2997 783 3042 633.
810 2998 902 3058 Absque
923 3000 1001 3044 anima
1021 3013 1063 3058 per
1084 3014 1108 3045 se
1129 3005 1232 3057 possunt,

128 3064 153 3102 et
166 3057 217 3117 jtrm
228 3056 286 3104 inde
299 3058 428 3116 concludit,
440 3059 507 3106 illam
519 3060 553 3107 ita
570 3060 663 3123 pectori
695 3058 752 3122 etc]
765 3060 841 3108 Codd.
853 3063 966 3109 Auditum
974 3077 1018 3121 per
1029 3078 1053 3108 se
1062 3069 1171 3121 portura,¹
1188 3076 1232 3108 au-

128 3135 181 3168 esse
192 3120 314 3184 alligatam
323 3132 352 3169 ut
360 3133 430 3170 extra
440 3124 506 3171 istud
514 3125 603 3186 degere
614 3140 663 3172 non
696 3123 782 3180 ditum,
796 3124 811 3170 i.
826 3140 846 3171 e.
864 3140 959 3181 sonum,
977 3140 1020 3172 seu
1038 3140 1090 3172 rem
1109 3125 1231 3180 auditam;

127 3184 217 3247 possit:
247 3186 364 3234 Animum
390 3188 416 3234 in
440 3191 495 3235 aere
518 3189 663 3236 existentem
699 3187 813 3250 Gisam'ur.
848 3189 981 3236 Salmasius
998 3188 1025 3235 in
1046 3187 1186 3250 Epictetum
1207 3198 1234 3236 et

128 3263 228 3310 quoeras,
246 3260 271 3298 et
286 3250 408 3298 flammam
429 3252 455 3298 in
472 3268 541 3314 aqua,
562 3253 619 3315 gelu
636 3253 662 3300 in
696 3252 857 3314 Simplicium,
875 3268 898 3314 p.
917 3254 972 3299 324.
990 3268 1021 3298 cx
1038 3251 1131 3313 optimo
1147 3260 1172 3298 et
1189 3266 1232 3299 vc-

127 3313 224 3375 ignibus
236 3324 357 3377 expectes.
696 3317 829 3363 tustissimo
856 3315 939 3363 codice
966 3314 1124 3362 illustrissimi
1149 3314 1232 3363 Vossii

160 3377 214 3428 617.
238 3381 316 3427 Omnis
334 3379 441 3441 inheret]
461 3380 537 3427 Codd.
561 3383 662 3428 omuibus
694 3380 739 3427 hos
757 3395 841 3427 versus
858 3379 893 3426 ita
910 3377 976 3440 legit,
994 3381 1029 3425 At
1046 3395 1116 3439 neque
1133 3395 1232 3426 seorsum

127 3444 213 3496 ltaerct,·
231 3452 255 3490 et
266 3443 387 3500 Gilanius,
399 3448 470 3491 omnis
481 3448 558 3492 lueret.
695 3446 761 3499 oculi,
772 3460 843 3504 neque
860 3459 934 3499 nares,
951 3459 1088 3490 normanus
1105 3447 1157 3504 ipsa
1174 3446 1234 3492 Este

160 3507 215 3554 620.
226 3510 302 3569 Atque
313 3512 349 3556 ita
357 3507 508 3569 multimodis]
522 3509 597 3554 Hunc
608 3523 663 3555 cum
694 3514 769 3567 potest
780 3509 873 3564 Anima,
888 3523 958 3568 aeque
973 3523 1072 3554 seorsum
1088 3510 1175 3569 lingua,
1191 3525 1231 3556 rte-

127 3571 239 3631 sequenti
260 3588 331 3620 versu
351 3572 491 3628 Lambinus,
515 3572 662 3630 Gassendus,
696 3587 738 3633 que
750 3570 825 3618 Auris
842 3570 961 3618 Auditum
977 3588 1019 3632 per
1030 3588 1054 3618 ec
1069 3580 1164 3632 possunt
1179 3588 1231 3620 teu-

127 3633 168 3682 alii
184 3635 311 3698 rejiciunt;
335 3636 449 3684 Gitanius
465 3637 569 3691 retinet;
594 3635 663 3684 illum
696 3639 747 3692 tire,
766 3651 836 3696 neque
859 3651 913 3683 esse.
948 3638 1021 3683 Auris
1043 3639 1147 3684 auditum
1169 3635 1232 3685 dixit

127 3699 236 3760 sequitur
248 3701 336 3763 Fayus,
348 3710 373 3748 et
384 3700 444 3749 dicit
461 3700 607 3749 Lambinum
620 3701 662 3748 de·
695 3715 740 3763 pro
752 3700 843 3748 auditu.
873 3699 938 3753 Quid
950 3698 996 3747 sibi
1006 3699 1065 3747 velit
1077 3716 1179 3764 magnus
1190 3701 1232 3750 ille

127 3762 178 3811 lere
198 3764 243 3812 hos
263 3780 348 3813 versus
366 3765 419 3813 sine
438 3765 539 3823 ratione,
559 3780 663 3826 namque
698 3764 741 3821 vir,
762 3764 804 3811 alii
826 3764 964 3825 conjiciant.
1002 3764 1103 3826 Aliquid
1126 3781 1140 3812 e
1164 3774 1233 3813 textu

126 3837 193 3876 recte
213 3829 342 3877 conferunt
361 3830 391 3877 ad
414 3845 472 3887 rem,
494 3827 525 3878 ut'
541 3839 610 3893 patet
632 3846 663 3877 ex
697 3828 843 3876 Lucretiano
855 3829 975 3877 excidisse
992 3829 1141 3878 existimavit
1158 3830 1232 3877 Lam-

127 3891 236 3954 ipsorum
248 3893 450 3956 interpretatione
459 3904 552 3942 nostru:
572 3894 662 3942 enbel-
695 3893 775 3952 binus,
797 3909 851 3940 cum
874 3893 968 3941 videret
990 3904 1159 3956 argumentum
1184 3909 1233 3942 non

127 3955 175 4004 lam
195 3957 435 4020 interpretationem!
464 3963 496 4006 Et
513 3963 547 4006 tta
558 3962 620 4019 fleri,
637 3967 663 4006 ut
695 3958 768 4020 plane
787 3957 935 4021 explicatum
957 3957 1038 4006 fuisse.
1075 3959 1157 4020 Atque
1177 3957 1235 4006 ideo

127 4038 240 4082 nunquam
252 4025 306 4070 ordo
317 4031 409 4070 artuum
420 4027 452 4070 st't
462 4040 582 4084 perversus
593 4027 665 4070 curiis
697 4022 829 4085 subjungit,
841 4025 892 4070 Nec
905 4039 984 4070 sensus
1001 4025 1047 4083 ipsi
1064 4039 1163 4070 seorsum
1180 4039 1232 4069 coa-

127 4089 199 4134 mudt's
220 4090 341 4135 secuudum
362 4091 429 4135 varia
456 4092 531 4135 omniu
557 4091 662 4135 membra.
696 4091 776 4135 sistere
789 4095 882 4147 possunt
899 4089 1092 4148 Nerienemque
1108 4093 1232 4142 manuat-

127 4149 209 4197 Aliam
221 4166 252 4213 ap
270 4151 331 4208 osui,
344 4168 397 4213 quae
414 4152 474 4200 mihi
490 4151 538 4215 ipsi
551 4167 600 4198 non
611 4151 663 4214 pla·
697 4169 739 4212 que
756 4154 833 4207 oculis,
846 4159 914 4213 utque
930 4154 1032 4207 auribus,
1047 4159 1115 4211 atque
1132 4151 1233 4209 Lingua,

127 4223 173 4261 cer.
191 4215 243 4262 Cod
261 4216 399 4274 ‚exhibent
408 4234 453 4278 par
465 4222 531 4265 totis.-
540 4234 584 4278 pro
595 4220 664 4279 totis:
697 4232 738 4263 nec
755 4224 851 4276 possunt
870 4233 911 4276 per
930 4232 954 4263 se
975 4218 1067 4270 sentire,
1087 4229 1158 4273 neque
1178 4227 1233 4258 esse.

128 4281 153 4323 in
165 4281 234 4325 totis.-
252 4282 279 4326 de
291 4283 351 4327 totis.
698 4280 732 4327 At
744 4279 802 4341 quid
815 4288 864 4328 tres
876 4279 933 4328 novi
947 4294 1030 4327 versus
1043 4275 1152 4338 fingendi
1168 4284 1233 4334 suut,
