2872 4852
221 265 282 328 108
604 259 646 324 T.
678 258 950 324 LUCRETII

241 430 287 477 910
307 419 460 501 Namque
476 413 573 479 alirim
589 415 713 479 Sensus
729 416 946 479 membrorum
962 417 1088 500 respuit
1103 420 1263 487 omnium:

304 520 379 586 Nec
394 542 509 583 manus
524 519 650 582 anobis
666 517 752 602 potis
768 527 819 581 est
834 527 972 595 secreta,
989 541 1095 602 neque
1112 519 1177 586 ulla

305 622 462 705 Corporis
479 620 607 685 omnino
625 642 756 684 sensum
770 642 847 703 pars
864 619 932 684 sola
947 630 1070 685 tenere.

306 725 493 808 Linquitur,
509 733 546 786 ut
561 723 637 786 totis
653 720 859 785 Animalibus
875 721 1129 803 adsimulentur3

306 826 409 891 Vitali
424 836 461 890 ut
475 825 602 909 possint
617 824 799 888 consentire
815 825 959 908 undique
977 825 1096 891 Sensu.

242 941 289 987 915
309 929 378 1002 Qui
392 939 547 1012 poterunt
561 928 659 1012 igitur
675 949 784 990 rerum
798 927 975 1011 primordia
990 928 1066 1005 dici,

307 1031 354 1095 Et
367 1031 448 1096 lethi
463 1032 566 1095 vitare
580 1030 659 1107 vias,
676 1027 839 1093 Animalia
854 1052 928 1094 cum
944 1031 1019 1107 sint,

307 1133 419 1218 Atque
436 1131 633 1196 Animalibu’
648 1131 712 1194 sint
724 1129 913 1208 mortalibus
929 1155 1004 1209 una,
1020 1134 1225 1217 eademque?

351 1236 453 1311 Quod
468 1247 575 1300 tamen
589 1244 626 1298 ut
640 1234 785 1317 possint3
809 1235 851 1297 ab
867 1245 956 1298 coetu
971 1233 1183 1318 concilioque,

307 1339 366 1403 Nil
381 1340 509 1415 facient,
526 1347 647 1422 praeter
662 1334 802 1420 volgum,
819 1338 1012 1420 turbamque
1028 1338 1243 1401 animantum:

243 1457 291 1504 920
311 1442 441 1507 Scilicet
457 1451 494 1504 ut
508 1450 671 1524 nequeant
687 1438 858 1514 Homines,
875 1437 1044 1516 Armenta,
1062 1438 1232 1524 Feraeque,

308 1545 399 1609 Inter
416 1567 486 1608 sese
503 1542 600 1606 ullam
614 1565 684 1605 rem
698 1542 831 1625 gignere
848 1543 1071 1606 conveniendo

310 1647 379 1712 Per
391 1647 531 1711 Veneris
547 1667 611 1721 res,
627 1655 721 1708 extra
737 1644 908 1721 Homines,
925 1643 1097 1722 Armenta,
1113 1645 1293 1729 Ferasque.

353 1748 454 1821 Quod
471 1749 498 1810 si
512 1746 595 1811 forte
611 1768 706 1809 suum
721 1746 886 1810 dimittunt
901 1769 1038 1831 corpore
1054 1769 1195 1824 sensum,

310 1851 421 1934 Atque
438 1848 535 1912 alium
550 1848 701 1932 capiunt:
726 1849 805 1931 quid
821 1870 904 1932 opus
920 1849 981 1912 fuit
995 1851 1140 1926 attribui,
1156 1850 1246 1933 quod

247 1965 294 2012 925
312 1951 530 2016 Detrahiturl
555 1950 643 2015 Tum
656 1958 828 2034 praeterea,
844 1949 944 2033 (quod
960 1951 1099 2035 fugimus
1115 1951 1215 2034 ante,)

257 2140 312 2185 910.
323 2141 427 2201 Namque
438 2141 509 2186 alium
515 2140 606 2196 &nsua
616 2136 673 2200 etc]
684 2138 763 2186 Inter·
797 2137 838 2196 lia,
850 2139 947 2200 quaudo
959 2137 993 2186 ita
1005 2138 1049 2196 vis,
1062 2139 1121 2201 quid
1132 2139 1231 2186 tandem
1243 2154 1274 2186 ex
1289 2138 1343 2187 illis

225 2212 306 2266 pretes
318 2202 445 2266 disputant
455 2219 503 2265 quo
514 2203 586 2251 modo
603 2202 721 2266 legendus
732 2203 765 2250 sit
797 2203 851 2250 fieri
863 2203 967 2267 poteritl
986 2203 1056 2250 Nihil
1067 2213 1133 2251 certe
1145 2212 1235 2266 praeter
1244 2202 1340 2252 anima-

225 2267 264 2315 lric
282 2283 374 2325 versus,
392 2277 416 2315 et
429 2284 477 2329 quo
490 2267 575 2316 ordine
592 2267 704 2315 collocari
721 2267 764 2315 de·
797 2266 837 2325 lia,
850 2283 900 2315 non
912 2269 990 2325 arbor,
1003 2283 1054 2316 non
1065 2267 1198 2330 metallina,
1211 2276 1257 2332 eto.

225 2333 288 2380 beat.
329 2332 470 2391 Lambinus,
499 2333 648 2389 Gassendus,
678 2332 764 2390 Faber,
831 2334 886 2381 922.
903 2335 949 2380 Per
964 2331 1117 2395 Veneriarea]
1136 2333 1185 2380 Pro
1201 2332 1247 2381 lroc
1264 2348 1339 2381 versu

226 2400 331 2459 Namque
343 2401 413 2445 alium
425 2401 508 2446 Sensus
520 2401 668 2446 membrorum
678 2401 766 2459 respuit
799 2397 841 2444 alii
857 2395 914 2445 libri
932 2397 1056 2454 exhibent,
1075 2400 1113 2446 Sic
1130 2400 1271 2459 itidemque
1287 2405 1343 2446 suat

226 2479 317 2517 omness
346 2472 371 2510 et
388 2479 411 2510 v.
430 2463 485 2510 912.
507 2464 672 2525 subJuugunt:
698 2461 766 2523 qnasi
799 2465 898 2509 minimis
909 2465 994 2510 sentire
1005 2478 1093 2510 neeesse
1105 2461 1192 2515 esa-in
1204 2461 1259 2510 aliis
1270 2461 1342 2510 iuve-

227 2527 330 2575 dixisset
346 2527 488 2582 Lucretius;
505 2542 563 2590 pars
573 2543 588 2574 a
605 2537 656 2575 toto
672 2541 717 2573 suo
727 2541 765 2574 se·
800 2527 860 2584 aies,
874 2528 913 2573 Sic
929 2530 1009 2575 itidem
1020 2543 1070 2588 quea
1086 2531 1195 2574 sentimus
1205 2530 1292 2575 sentire
1300 2543 1342 2575 ne-

226 2600 311 2654 parata
335 2590 437 2638 aliorum
466 2591 575 2639 omnium
603 2590 767 2638 membrorum
800 2607 860 2639 cesae
880 2599 929 2646 est,·
953 2591 1047 2639 alibro
1068 2591 1171 2654 quodum
1190 2607 1246 2639 cum
1266 2591 1342 2640 MSS.

226 2671 313 2703 sensus
329 2655 429 2718 respuit,
451 2671 509 2718 ergo
528 2671 585 2719 pars
603 2655 661 2712 sola,
679 2653 695 2702 i.
713 2669 767 2702 ea
799 2664 939 2719 comparato
966 2655 1093 2704 substituit
1121 2655 1264 2714 Lambinus,
1293 2659 1343 2704 Per

227 2728 279 2767 toto
302 2721 418 2781 seiuncta,
443 2720 516 2767 totius
538 2718 647 2782 corporis
668 2734 767 2766 sensum
803 2721 897 2767 Veneris
913 2737 957 2778 res,
977 2728 1020 2768 etc.
1044 2720 1124 2781 rejicit
1142 2720 1270 2768 Gifauius:
1295 2735 1343 2769 nec

227 2793 311 2831 tenere
328 2799 378 2831 non
398 2792 487 2846 potest
522 2783 644 2847 Displicet
659 2785 711 2830 haec
727 2783 765 2830 in·
800 2784 870 2832 valde
887 2785 1039 2834 necessarius
1053 2785 1157 2842 videtur,
1170 2784 1342 2849 quippeauie·

227 2847 386 2910 terpretatio;
404 2848 494 2895 sufficit
505 2847 578 2905 enim,
592 2848 768 2909 (respondeant
800 2864 839 2896 ras
858 2848 936 2907 illum,
955 2850 1021 2898 valet
1038 2858 1119 2898 tamen
1140 2849 1249 2898 Lucretii
1267 2865 1343 2914 argu-

227 2911 264 2960 illi
273 2912 315 2975 qui
325 2920 435 2960 statuunt
445 2911 539 2960 semina
551 2912 669 2972 sensilia)
680 2911 701 2960 si
713 2927 769 2975 pars
803 2923 919 2960 mentum.

179 2999 184 3012 τ
228 2979 339 3038 sejuncta
355 2992 454 3025 sensum
472 2976 518 3024 sibi
538 2976 694 3040 peculiarem,
712 2976 769 3024 licet
836 2981 891 3027 923.
907 2982 974 3030 Quod
981 2983 1002 3026 si
1007 2978 1071 3042 forte
1080 2977 1157 3042 mum]
1171 2979 1277 3037 Deinde,
1287 2995 1308 3028 v.
1320 2979 1344 3030 7.

228 3057 278 3089 non
302 3041 376 3090 totius
398 3041 508 3105 corporis
536 3056 634 3089 sensum
657 3040 768 3090 retineat.
802 3043 866 3091 ridet
885 3043 940 3091 illos
960 3043 1002 3105 qui
1023 3053 1135 3092 asserunt
1153 3043 1248 3092 semina
1268 3059 1345 3093 sensu

229 3106 372 3169 Legendum
400 3117 481 3154 autem
514 3106 635 3163 existimo,
664 3108 769 3169 Namque
802 3108 901 3169 quidem
913 3108 1016 3172 praedita
1024 3123 1084 3166 esse,
1097 3117 1123 3156 at
1134 3125 1182 3156 non
1195 3108 1345 3173 eoquipos-

228 3175 299 3220 attam
311 3175 395 3220 Sensus
406 3175 553 3220 mem-brorum
562 3188 599 3219 res
608 3175 668 3232 petit
680 3175 769 3226 omniu
803 3182 842 3220 tea
853 3172 880 3220 in
891 3173 1036 3221 animalibus
1048 3181 1157 3237 apparet,
1169 3182 1194 3221 et
1205 3173 1273 3222 aliud
1284 3174 1344 3222 sub-

228 3247 253 3285 et
263 3253 285 3285 v.
299 3238 353 3285 909.
367 3235 579 3300 subjungendum
597 3236 642 3283 viz.
656 3235 770 3298 qualibet
799 3237 856 3299 J'icit
878 3247 1049 3300 argumentum
1077 3237 1121 3296 illi,
1146 3237 1211 3300 quod
1233 3253 1256 3285 v.
1286 3239 1344 3289 870.

228 3317 287 3366 pars
304 3302 412 3366 postulat
423 3301 539 3350 unionem
551 3317 607 3348 curn
619 3300 673 3348 aliis
690 3316 766 3348 mem·
800 3301 946 3359 continetur,
970 3302 1055 3349 affine:
1085 3318 1117 3350 ex
1134 3302 1187 3351 ovis
1208 3311 1346 3352 nascuntur

228 3367 286 3424 bris,
297 3378 324 3415 ut
336 3383 422 3416 sensus
431 3382 509 3430 capax
517 3366 555 3424 sit,
569 3381 625 3414 nam
637 3365 690 3414 sine
700 3365 768 3413 vitali
801 3382 866 3424 aves,
884 3382 1005 3415 vermese
1021 3367 1088 3430 putri
1106 3378 1171 3416 terra
1187 3365 1300 3426 exiliunt,
1317 3376 1346 3416 at

228 3432 335 3494 partium
353 3447 482 3490 consensu,
503 3440 531 3479 ut
548 3447 613 3495 saepe
631 3431 766 3490 Lucretius,
801 3430 900 3480 sensilia
919 3448 971 3490 ova,
991 3441 1033 3479 aut
1053 3431 1136 3495 glebas
1156 3431 1267 3480 virentes
1287 3430 1347 3494 quis

142 3557 148 3567 ,
229 3494 311 3543 nullus
324 3505 360 3543 est
372 3496 472 3544 omnino
487 3512 580 3544 sensus.
801 3496 910 3545 dixerit?

262 3560 317 3610 917.
330 3562 559 3618 Animalibu'-uaa,
569 3560 703 3623 eademque]
712 3560 768 3608 Una
834 3563 889 3610 925.
903 3564 969 3613 Quod
972 3559 1079 3624 sugimus
1091 3559 1157 3623 ante]
1168 3564 1287 3624 Fugimats,
1296 3575 1343 3610 ne·

229 3624 361 3685 eademque
378 3640 434 3672 cum
451 3624 603 3672 animalibus.
636 3628 700 3673 Idem
705 3623 769 3687 socie
802 3625 921 3687 gavimus,
935 3641 984 3672 nou
1000 3626 1172 3684 concessimus,
1191 3625 1343 3684 Lambinus;

229 3690 354 3735 occidenti:
373 3689 500 3736 Horatius.
518 3691 601 3736 Faber.
802 3698 827 3736 et
841 3688 906 3736 idem
918 3688 1006 3750 reliqui
1023 3689 1187 3753 interpretesa
1209 3689 1277 3738 addit
1294 3689 1344 3739 Fa·

261 3753 316 3799 918.
332 3754 398 3803 Quod
410 3760 485 3799 tanen
497 3760 524 3799 ut
538 3752 641 3815 possim]
660 3752 769 3800 Ulterius
802 3755 860 3809 ber;
880 3768 928 3800 vox
940 3763 977 3800 eat
990 3769 1021 3800 ex
1032 3770 1078 3802 usu
1095 3753 1193 3812 forensi,
1206 3754 1248 3802 ubi
1263 3752 1345 3816 deses·

228 3816 390 3881 progreditur,
401 3832 423 3862 v.
433 3819 455 3862 5.
470 3816 535 3870 Quia
544 3817 602 3864 licet
611 3817 770 3864 admittantur
803 3820 856 3866 dere
872 3831 918 3879 pro
935 3818 1062 3875 affirmare,
1080 3834 1219 3876 assumeres
1242 3819 1348 3883 respicit

229 3891 254 3929 et
265 3879 332 3943 quasi
348 3879 470 3936 animalia,
483 3888 508 3927 et
523 3880 671 3928 immortalia
687 3880 767 3937 simul,
801 3889 884 3929 autem
902 3881 982 3929 locum
1000 3883 1076 3941 illum,
1097 3887 1199 3935 Quarum
1216 3885 1251 3932 nil
1266 3900 1348 3933 rerum

230 3955 282 3994 tum
299 3943 393 3992 nullum
410 3944 559 4000 animalium,
573 3945 653 4005 qualia
666 3947 717 4006 jam
730 3945 768 3992 vi·
801 3949 826 3993 ἐκ
838 3948 908 4007 liguis
917 3949 1035 4009 glebisque
1046 3951 1163 3996 uidemus.-
1181 3965 1203 3996 v.
1217 3949 1273 3996 896.
1295 3949 1348 3998 Sed

229 4019 316 4059 suatur
325 4007 391 4071 gigni
403 4009 500 4071 poterit,
512 4009 549 4056 sui
560 4009 655 4057 scilicet
662 4009 768 4072 generis,
801 4010 842 4072 qui
860 4010 940 4058 locum
951 4011 1058 4075 inspicit,
1072 4022 1110 4061 sut
1121 4012 1178 4070 scio,
1191 4012 1247 4060 huic
1259 4014 1347 4063 obaer-

229 4075 374 4124 coalitumve
386 4072 412 4120 in
422 4088 496 4120 unam
508 4073 628 4136 speciem;
646 4073 689 4121 sed
699 4089 766 4121 acer·
802 4074 893 4123 rationi
907 4090 1059 4138 nequaquam
1071 4076 1216 4125 consentiet.
1246 4078 1347 4143 Lege'n·

229 4156 275 4188 vus
291 4137 441 4187 solummodo
458 4146 483 4185 et
502 4137 628 4198 congeries
646 4138 766 4186 variorum
800 4140 858 4188 dum
875 4139 951 4202 igitur
966 4141 1070 4189 arbitror
1080 4145 1183 4205 figimus,
1195 4142 1222 4190 id
1235 4151 1281 4201 est,
1297 4158 1348 4207 po·

229 4202 436 4253 animalculorum.
470 4202 531 4249 Haec
543 4203 700 4250 Gassendus:
720 4203 768 4250 alia
800 4204 882 4252 nimus
898 4219 941 4250 seu
961 4207 1104 4268 probamus3
1123 4215 1147 4254 et
1164 4222 1212 4255 vox
1230 4205 1279 4255 ista
1293 4222 1350 4259 non

231 4271 316 4325 Faber,
328 4269 371 4315 sed
388 4269 484 4330 pejora:
504 4267 626 4314 Ponamus
643 4267 767 4315 sensibilia
800 4268 954 4316 incommode
974 4269 1090 4333 respiciet
1108 4287 1129 4318 v.
1153 4271 1207 4322 870.
1226 4271 1268 4320 ubi
1286 4287 1353 4337 pars

230 4346 283 4383 esse
294 4332 422 4400 principia,
435 4347 514 4395 neque
528 4340 609 4380 tamen
620 4331 766 4395 corruptibi-
799 4334 873 4395 hujus
885 4334 1022 4395 argumenti
1035 4335 1189 4399 proponitur.
