2872 4852
449 256 618 323 LIBER
645 256 874 322 SEXTUS.
1152 255 1213 320 133

130 425 178 471 445
193 412 270 478 Hoc
284 412 333 491 fit,
349 413 406 477 ribi
419 413 583 478 interdum
598 422 669 478 non*
679 412 750 497 quit
765 414 812 476 vis
827 413 924 476 incita
940 411 1041 476 Venti

194 513 374 599 Rumpere,
389 537 486 599 quam
501 517 614 600 coepit,
630 515 768 593 nubem3
791 513 852 579 sed
866 513 1029 598 deprimit,
1045 523 1083 578 ut
1098 513 1139 578 sit

193 615 234 679 In
246 638 334 680 mare
349 615 390 681 de
405 614 488 681 coelo
503 626 657 700 tanquam
671 616 813 680 demissa
828 614 976 680 columna

194 716 375 796 Paullatim,
389 719 482 802 quasi
497 719 577 803 quid
592 741 716 803 pugno,
732 717 921 802 brachiique
937 720 1079 802 superne

193 817 353 903 Conjectu
368 821 531 896 trudatur,
547 829 580 884 et
594 820 792 884 extendatur
806 819 840 883 in
855 818 978 883 undas:

128 931 176 977 445
192 920 300 993 Quam
315 944 389 986 cum
404 922 548 998 discidit,
564 921 640 987 hinc
656 922 879 1006 prorumpitur
893 922 926 984 in
940 942 1029 985 mare
1043 919 1145 986 Venti

192 1021 265 1098 Vis,
281 1032 315 1086 et
330 1022 489 1087 fervorem
501 1024 616 1086 mirum
632 1023 803 1087 concinnat
817 1023 850 1084 in
866 1023 981 1099 undis;

191 1123 431 1188 Versabundus
446 1125 531 1188 enim
545 1124 662 1189 Turbo
677 1123 858 1200 descendit,
875 1133 909 1187 et
922 1123 1009 1188 illam

190 1222 337 1289 Deducit
351 1226 474 1309 pariter
487 1223 576 1289 lento
591 1247 665 1289 cum
679 1247 818 1310 corpore
833 1227 964 1290 nubem.

193 1325 302 1398 Quam
318 1325 412 1391 simul
425 1348 464 1391 ac
475 1327 644 1411 gravidam
658 1327 799 1391 detrusit
813 1327 856 1391 ad
868 1348 1001 1410 aequora
1015 1325 1127 1405 Ponti,

128 1437 177 1496 440
191 1425 251 1494 Ille¹
264 1429 298 1491 in
313 1450 429 1512 aquarn
445 1429 556 1493 subito
569 1437 675 1492 totum
689 1451 725 1492 se
740 1428 893 1504 immittit,
910 1438 944 1493 et
958 1450 1052 1493 omne

193 1529 327 1596 Excitat
340 1529 464 1612 ingenti
477 1529 586 1594 sonitu
600 1529 697 1594 Mare
709 1528 836 1594 fervere
851 1550 982 1613 cogens.

234 1630 289 1695 Fit
303 1652 444 1715 quoque,
460 1640 497 1694 ut
512 1629 653 1695 involvat
667 1631 755 1694 venti
770 1653 805 1694 se
818 1631 961 1695 nubibus
975 1630 1046 1715 ipse

192 1731 321 1799 Vortex
336 1731 516 1796 conradens
533 1753 575 1795 ex
589 1730 680 1797 Aere
697 1732 818 1796 semina
833 1731 940 1808 nubis,

192 1832 240 1896 Et
254 1833 348 1918 quasi
364 1833 539 1898 demissum
554 1833 638 1899 coelo
652 1832 807 1899 Prestdra
822 1833 975 1898 imitetur.

125 1947 174 1992 445
192 1934 258 1999 Hic
271 1935 329 1999 ubi
344 1957 379 1999 se
395 1935 428 1998 in
442 1945 546 2000 terras
563 1935 701 2012 demisit,
718 1933 950 2019 dissolvitque3

189 2035 346 2101 Turbinis
361 2037 531 2102 immanem
545 2038 608 2099 vim
622 2037 795 2120 provomit,
812 2046 910 2120 atque
925 2033 1095 2119 procellae:
1124 2068 1126 2073 v

189 2137 257 2202 Sed
272 2139 348 2222 quia
362 2138 400 2201 fit
415 2160 489 2202 raro
504 2138 645 2213 omnino,
660 2138 863 2220 monteisque
878 2152 1013 2200 necesse
1028 2136 1069 2199 ’st

192 2238 334 2303 Officere
349 2239 383 2301 in
398 2237 531 2315 Terris3
556 2247 694 2320 apparet
707 2238 854 2301 crebrius
869 2236 956 2299 idem

154 2372 167 2412 ,1
187 2338 371 2423 Prospectu
385 2338 490 2402 Maris
505 2338 539 2401 in
553 2359 683 2420 magno,
700 2335 849 2420 coeloque
865 2336 1002 2420 patenti.

125 2453 173 2498 454
231 2439 356 2505 Nubila
371 2448 596 2514 concrescunt,
612 2437 669 2501 ubi
684 2459 822 2522 corpora
836 2435 938 2501 multa
952 2434 1090 2501 volando

188 2541 265 2605 Hoc
282 2562 381 2625 super
396 2541 429 2603 in
445 2537 531 2603 Coeli
545 2539 651 2622 spatio
665 2539 772 2602 coiere
787 2547 923 2622 repente

187 2640 378 2726 Asperiora,
395 2641 499 2704 modis
515 2661 590 2723 quae
604 2640 731 2722 possint
744 2637 938 2722 indupedita

188 2742 340 2826 Exiguis,
353 2751 461 2806 tamen
475 2742 560 2805 inter
576 2763 611 2804 se
626 2762 819 2824 comprensa
834 2741 948 2804 teneri.

188 2843 272 2908 Haec
288 2843 409 2908 faciunt
424 2843 563 2927 primum
577 2863 694 2926 parvas
708 2841 886 2906 consistere
902 2840 1053 2920 Nubeis;

122 2957 170 3003 455
188 2943 270 3008 lnde
285 2967 324 3009 ea
338 2937 576 3028 comprendunt
590 2945 675 3008 inter
691 2967 738 3020 se,
754 2965 881 3028 conque
896 2953 1086 3028 gregantur,

187 3047 234 3112 Et
247 3045 474 3132 conjungendo
489 3055 652 3121 crescunt,
670 3045 841 3129 ventisque
858 3043 1007 3108 feruntur

186 3147 397 3232 Usqueadeo‚
414 3148 519 3212 donec
534 3146 730 3233 Tempestas
745 3168 831 3211 saeva
846 3155 958 3209 coorta
973 3145 1023 3210 ’st

133 3335 189 3381 43].
204 3336 277 3385 Quum
288 3336 364 3394 coepit,
376 3331 470 3394 nubem]
489 3333 637 3389 Gassendus,
703 3333 758 3379 450.
780 3334 868 3379 Nubila
888 3339 1039 3389 concrescunt,
1059 3330 1116 3393 etc]
1136 3331 1208 3379 Unde

100 3401 234 3458 4444444ρὶ4,
245 3397 281 3444 ita
292 3397 357 3444 enim
368 3395 476 3460 postulat
487 3395 615 3444 sententia.
670 3396 748 3443 nubes
765 3395 836 3442 docet
853 3395 992 3452 Lucretius,
1009 3411 1029 3444 v.
1048 3397 1070 3443 8.
1099 3394 1210 3443 Hamata

133 3462 189 3507 438.
209 3463 347 3508 Lautorum
364 3459 565 3521 corporenubem]
583 3460 637 3506 Nu·
672 3458 717 3506 viz.
738 3458 848 3521 quadam
868 3474 1002 3523 asperaque
1022 3474 1130 3522 corpora,
1152 3470 1207 3521 quse

101 3525 164 3581 bem,
185 3539 239 3586 quae
260 3524 336 3572 fertur
357 3523 427 3572 tardo
446 3538 502 3571 cum
522 3537 637 3586 corporet
671 3521 697 3570 in
720 3525 775 3570 aere
796 3521 905 3579 volitant,
926 3526 1021 3581 cocunt,
1043 3523 1100 3571 inde
1120 3532 1207 3581 tenues

101 3591 187 3650 anus.
221 3587 342 3650 Agnoscis
352 3587 479 3650 ingenium
490 3587 604 3635 hominis.
669 3585 775 3650 primum
793 3587 878 3645 nubes,
896 3602 928 3634 ex
947 3586 1001 3634 istis
1017 3603 1075 3635 vero
1092 3586 1207 3635 tenuibus

133 3650 637 3714 442.Fitquoqaaatinvolrrat,ctc]Ma1-e
669 3650 741 3698 simul
766 3650 859 3711 junctis
881 3660 907 3699 st
928 3650 1083 3699 condensatis
1106 3650 1208 3699 tandem

99 3716 232 3780 plurimum
250 3725 324 3764 vexat
340 3725 443 3779 prester,
461 3725 539 3771 terras
556 3722 637 3763 autem
670 3714 760 3762 nubila.

24 3831 27 3837 ,
100 3782 171 3830 turbo
190 3781 232 3828 ilie
250 3780 292 3843 qui
312 3779 411 3844 proprie
431 3788 516 3831 vortex
539 3779 636 3836 dicitur,
702 3780 757 3826 453.
769 3776 918 3841 Comprensa]
930 3778 1059 3843 Sicpotius
1067 3779 1207 3841 legendum,

100 3845 142 3908 qui
159 3854 197 3894 est
213 3844 313 3908 rapidus
332 3853 420 3892 ventus
436 3843 596 3892 circumactus
614 3853 638 3891 et
670 3858 886 3905 quamcompressa.
921 3843 993 3891 ltav.
1007 3844 1062 3891 455.
1084 3846 1206 3906 Compren-

99 3909 289 3958 circumvolutus
306 3908 333 3957 in
349 3909 421 3966 nube,
438 3923 495 3956 cum
511 3909 577 3956 nube
593 3923 636 3955 au·
670 3911 728 3955 dunt
743 3911 804 3954 inter
815 3924 845 3955 se.
880 3906 981 3955 Dictum
993 3917 1074 3956 autem
1090 3924 1206 3970 compren-

100 3983 149 4022 tem
161 3974 312 4022 descendens
329 3973 355 4021 in
370 3982 446 4020 terras
462 3972 544 4034 ibique
556 3986 637 4020 erum·
670 3974 728 4020 dant
739 3974 799 4020 inter
810 3987 841 4029 se,
854 3978 881 4019 ut
891 3976 1083 4021 enuntiatores.

100 4052 162 4100 pens
177 4037 230 4086 sine
247 4037 312 4101 igne,
324 4046 389 4086 rotat
400 4036 489 4094 omnia,
502 4045 527 4084 et
541 4045 636 4084 versat:
702 4035 758 4083 4⁵6.
774 4037 894 4098 Ventisqaa
904 4033 1025 4096 seruntur,
1036 4035 1093 4098 etc]
1109 4035 1209 4084 Scilicet

100 4115 180 4162 neque
195 4101 236 4149 hic
254 4101 353 4164 quidem
369 4102 441 4149 turbo
456 4100 483 4149 in
501 4101 572 4149 terris
588 4100 636 4147 fre-
670 4114 750 4148 crassa
764 4099 816 4146 haec
827 4100 1018 4149 moles'modicis
1029 4098 1110 4149 ventis
1120 4099 1207 4155 cietur,

101 4179 186 4225 quens,
208 4180 266 4213 nam
288 4166 432 4214 descensum
454 4164 520 4213 illius
542 4174 638 4212 montes
669 4164 855 4212 vehementibus
863 4163 993 4228 disjicitur:
1009 4160 1213 4226 itaquidamsed.

100 4227 246 4301 impediunt,
257 4238 282 4277 et
293 4229 343 4278 vim
353 4229 475 4292 frangunt.
504 4229 541 4278 At
550 4229 577 4277 in
587 4228 638 4276 lato
669 4227 775 4283 frustm
803 4227 876 4277 aliam
901 4243 960 4278 sero
981 4225 1208 4291 interpretationem

101 4306 164 4340 man
176 4303 256 4340 nautae
265 4293 350 4349 miseri
361 4309 426 4358 supe
434 4294 532 4344 timent
670 4300 787 4356 sequutus
799 4307 861 4343 sum.
1102 4322 1104 4326 -
1204 4340 1207 4347 ,

782 4370 794 4404 4
806 4372 819 4403 4
