2872 4852
439 227 610 295 LIBER
639 228 893 294 TERTIUS.
1162 227 1220 293 171

138 399 186 447 995
204 389 278 453 Nec
293 384 490 453 desiderium
506 387 609 452 nostri
623 408 683 450 nos
699 385 816 469 adtigit
829 383 948 449 ullum:

203 490 251 555 Et
265 502 372 555 tamen
386 489 640 574 haudquaquam
654 498 784 552 nostros
799 497 878 551 tunc
892 484 946 551 illa
960 508 1021 572 per
1035 497 1125 552 artus

205 593 320 676 Longe
335 593 378 657 ab
393 589 557 655 sensiferis
574 590 756 654 Primordia
769 589 911 654 motibus
925 600 1054 668 errant;

203 695 295 769 Quin
309 704 484 777 conseptus
499 692 597 756 homo
610 715 652 756 ex
668 715 780 757 somno
796 714 831 756 99
846 690 979 776 conligit
993 693 1075 776 ipse.

203 794 312 861 Multo
327 795 426 879 igitur
440 803 576 858 mortem
590 795 695 858 minus
710 795 753 858 ad
767 793 840 858 Nos
855 815 929 858 esse
942 794 1136 879 putandum,

139 910 188 957 900
206 896 242 960 Si
256 897 361 960 minus
377 917 450 960 esse
466 905 587 980 potest,
603 919 700 979 quam
713 896 803 980 quod
818 893 897 959 nihil
912 917 985 961 esse
1000 896 1158 960 videmus.

203 997 314 1083 Major
327 999 413 1062 enim
427 999 533 1063 turbae
547 999 705 1082 disjectus
719 997 875 1061 Materiai

204 1100 424 1186 Consequitur
437 1100 539 1178 letho,
555 1122 616 1165 nec
630 1101 801 1184 quisquam
816 1101 1007 1184 expergitus
1023 1111 1141 1179 exstat,

203 1202 337 1287 Frigida
351 1225 448 1288 quem
463 1201 563 1266 semel
576 1212 629 1267 est
640 1203 718 1265 vitai
731 1223 834 1286 pausa
851 1211 973 1268 secuta.

248 1305 401 1390 Denique
418 1306 446 1368 si
456 1326 570 1370 vocem
584 1325 692 1368 rerum
708 1303 836 1368 Natura
851 1314 986 1389 repente

140 1420 187 1467 995
203 1407 329 1485 Mittat,
346 1418 379 1472 et
393 1407 456 1472 hoc
472 1406 591 1492 aliquoi
606 1418 752 1471 nostrum
768 1407 813 1471 sic
827 1408 976 1493 increpet
989 1409 1077 1493 ipsa:

205 1511 297 1585 Quid
312 1511 372 1575 tibi
387 1521 557 1595 tantopere
572 1512 622 1589 'st,
638 1509 801 1587 Mortalis,
817 1511 908 1595 quod
921 1511 1015 1575 nimis
1030 1511 1126 1595 aegris

206 1612 367 1677 Luctibus
382 1611 557 1697 indulges?
580 1613 660 1697 quid
675 1623 810 1677 mortem
825 1614 1001 1698 congemis,
1017 1636 1055 1678 ac
1069 1613 1153 1678 fles?

204 1715 291 1778 Nam
308 1716 335 1779 si
349 1726 443 1801 grata
458 1716 519 1780 fuit
533 1717 593 1781 tibi
607 1717 673 1781 vita
687 1725 848 1793 anteacta,
865 1717 1030 1801 priorque,

205 1817 252 1881 Et
265 1840 330 1881 non
346 1819 451 1882 omnia
465 1828 634 1903 pertusum
649 1829 805 1904 congesta
820 1819 914 1904 quasi
928 1820 961 1882 in
976 1841 1032 1882 vas

140 1933 188 1980 950
203 1920 382 1985 Commoda
393 1921 591 2006 perfluxere,
608 1931 707 2005 atque
722 1923 850 2006 ingrata
864 1922 1033 1986 interiere:

205 2022 273 2086 Cur
288 2045 364 2100 non,
380 2031 417 2086 ut
430 2021 546 2106 plenus
563 2023 637 2086 vitae
653 2023 807 2100 Conviva,
824 2024 965 2102 recedis3

204 2124 318 2209 AEquo
333 2126 504 2209 animoque
519 2125 609 2208 capis
625 2146 783 2202 securam,
800 2125 919 2203 Stulte,
935 2126 1095 2210 quietern?

204 2226 265 2289 Sin
279 2249 329 2304 ea,
345 2249 419 2311 quae
434 2227 560 2292 fructus
575 2249 713 2310 cumque
728 2249 775 2302 es,
791 2228 917 2311 periere
932 2226 1078 2311 profusa,
1117 2239 1119 2243 ’

207 2328 351 2412 Vitaque
366 2330 399 2392 in
416 2329 544 2393 offensu
559 2330 615 2406 'st3
639 2350 698 2394 cur
712 2327 849 2412 amplius
865 2330 987 2392 addere
1003 2328 1134 2413 quaeris,

142 2442 190 2489 955
206 2429 354 2494 Rursum
369 2431 459 2514 quod
473 2442 587 2515 pereat
601 2429 695 2508 male,
711 2441 745 2495 et
758 2431 920 2515 ingratum
935 2431 1063 2496 occidat
1076 2452 1188 2495 omne:
1244 2467 1249 2478 .

206 2531 281 2597 Nec
296 2532 405 2616 potius
420 2533 495 2596 vitae
509 2532 608 2596 finem
622 2531 713 2610 facis,
730 2543 828 2616 atque
843 2531 986 2597 laboris?

206 2633 295 2698 Nam
310 2634 369 2698 tibi
383 2644 543 2717 praeterea
557 2634 646 2718 quod
661 2633 836 2711 machiner,
852 2635 1075 2719 inveniamque

206 2736 308 2810 Quod
322 2735 460 2820 placeat,
475 2735 555 2800 nihil
570 2747 637 2801 est:
661 2737 775 2802 eadem
792 2747 868 2801 sunt
883 2737 989 2801 omnia
1005 2758 1143 2821 semper.

206 2838 242 2902 Si
257 2839 316 2902 tibi
331 2860 396 2902 non
411 2839 503 2902 annis
518 2838 647 2923 Corpus
659 2842 729 2924 jam
742 2848 874 2918 marcet,
890 2849 925 2906 et
939 2850 1030 2904 artus

140 2953 189 3002 900
205 2941 354 3006 Confecti
368 2939 540 3025 languent:
565 2940 678 3007 eadem
694 2954 801 3008 tamen
817 2943 922 3007 omnia
938 2952 1074 3021 restant,

205 3045 324 3110 Omnia
339 3045 366 3108 si
381 3065 498 3129 pergas
513 3045 651 3111 vivendo
667 3047 794 3111 vincere
810 3044 923 3124 saecla;

205 3145 317 3231 Atque
331 3147 427 3211 etiam
442 3147 562 3232 potius,
580 3148 608 3210 si
621 3170 785 3233 nunquam
800 3148 844 3211 sis
859 3147 1046 3212 moriturus.

206 3250 298 3324 Quid
313 3250 580 3333 respondeamus,
597 3251 658 3314 nisi
668 3251 792 3335 justam
806 3250 976 3315 intendere
990 3249 1079 3314 litem

155 3459 210 3507 942.
233 3457 387 3523 Erpergr’tus]
407 3459 447 3507 Ab
464 3459 512 3508 alio
531 3460 658 3518 excitatus,
692 3470 814 3523 quentem,
835 3477 927 3524 suaque
949 3471 1093 3524 argumenta
1113 3462 1228 3512 Personae

121 3538 194 3585 quern
214 3522 320 3572 solemus
343 3523 424 3571 dicere
446 3525 657 3588 expergefactum:
691 3525 821 3574 autoritate
841 3535 969 3583 sustentat,
988 3543 1010 3575 v.
1032 3528 1070 3574 21.
1095 3527 1135 3575 'Si
1153 3530 1228 3577 rebus

121 3591 211 3636 Fertur.
237 3588 591 3652 Expergoproexpergefaci03
608 3592 658 3638 No·
691 3590 800 3639 adversis
818 3606 877 3639 usus
894 3590 962 3639 suisti
982 3585 1115 3653 (Naturam
1136 3592 1228 3656 audis),

121 3656 189 3701 aius:
207 3661 232 3700 et
248 3653 327 3701 Aulus
344 3653 447 3712 Gellius,
464 3653 505 3702 lib.
518 3655 563 3702 Vl.
580 3670 600 3702 c.
620 3656 657 3702 10.
690 3655 778 3704 recede
790 3655 870 3715 miser,
883 3664 909 3703 et
921 3655 1029 3718 quietem
1045 3656 1145 3705 tandem
1161 3657 1228 3708 dirce

121 3727 169 3766 tum
179 3718 566 3780 aelmaaimejuvcniaanimoriata
576 3736 602 3768 re
613 3734 656 3767 ex·
690 3719 755 3784 pati:
774 3719 795 3768 si
805 3719 937 3785 prosperis,
949 3729 1002 3769 tum
1018 3721 1088 3770 bonis
1104 3721 1161 3781 illis,
1173 3739 1228 3786 quae

120 3783 244 3848 pergebat.
691 3794 741 3832 tam
763 3785 868 3849 benigne
891 3785 992 3845 contuli,
1015 3795 1144 3835 contentus
1172 3788 1227 3844 abi;

154 3850 208 3896 943.
226 3846 319 3910 Pausa]
334 3846 453 3910 Virgilius
468 3847 573 3896 inseruit
589 3848 657 3912 operi
691 3865 753 3898 nova
759 3866 791 3898 nc
799 3859 921 3915 expectes,
929 3860 957 3900 ut
964 3860 1103 3915 temporum
1109 3853 1144 3900 sic
1153 3852 1228 3902 etiam

120 3928 165 3961 auo
185 3921 211 3960 et
227 3914 314 3961 Graeca
331 3913 413 3970 verba,
431 3913 474 3960 sed
493 3913 538 3961 hac
559 3913 658 3962 licentia
689 3916 1229 3980 rerumomniumconversio,iisdemsemper

120 3977 211 4040 largius
220 3977 258 4026 usi
270 3987 328 4026 sunt
339 3986 442 4035 veteres,
451 3977 543 4042 quippe
553 3978 590 4027 illi
601 3979 656 4027 dix·
690 3979 775 4028 eadem
784 3982 931 4041 succedunt:
948 3981 969 4030 si
980 3981 1043 4029 vires
1051 3991 1106 4029 tuas
1114 3991 1229 4030 senectus

121 4045 322 4100 eruntPaaram,
338 4043 487 4102 Machaeram,
503 4047 616 4103 Aeoliam,
633 4053 659 4093 et
690 4044 798 4095 nondum
822 4045 961 4104 confecerit,
985 4047 1048 4094 bona
1070 4045 1153 4094 omnia
1174 4057 1229 4108 quse

121 4108 235 4155 Malncca.
266 4106 414 4155 Macrobius.
692 4109 735 4157 tibi
756 4126 893 4174 proponere
915 4127 1015 4174 possum
1034 4109 1180 4175 percepistis
1206 4109 1228 4156 ai

155 4171 210 4218 944.
227 4174 331 4234 Denique
342 4175 364 4220 rr'
374 4189 447 4220 ccccm
463 4189 539 4221 rerum
556 4175 658 4231 Natura,
692 4176 817 4234 senensis,
827 4175 933 4239 quidest
944 4175 1008 4237 quod
1019 4175 1122 4223 moraris
1133 4171 1227 4220 emori?

123 4233 179 4296 cte.]
197 4235 231 4282 Ut
247 4236 325 4300 magis
336 4237 429 4285 valeret
444 4249 529 4286 contra
546 4237 658 4287 timorem
724 4241 779 4289 962.
790 4244 866 4303 Atque
873 4245 942 4289 ctiam
946 4238 1037 4301 potiar]
1046 4239 1122 4288 Hunc
1130 4244 1228 4287 versum

124 4297 209 4347 mortio
223 4299 362 4364 disputatio,
375 4302 495 4352 Naturam
511 4302 606 4352 inducit
621 4304 657 4352 lo·
691 4304 791 4367 quidam
802 4305 913 4369 improbe
924 4303 1047 4367 rejiciunt.
