2872 4852
461 221 968 296 LIBER‘SECUNDUS.
1225 232 1269 296 '81

247 386 480 452 Frundiferum
492 410 604 451 nemus
618 380 794 464 adsistens,
812 397 845 451 et
860 389 976 451 crebra
989 374 1104 451 revisit
1169 378 1173 382 Δ
1196 394 1202 420 ³
1221 393 1243 433 ’Ἰ

179 501 229 547 360
248 484 494 568 Ad'stabulum,
511 491 673 555 desiderio
689 483 817 575 perfixa
831 480 989 560 Juvenc'i:

176 644 182 652 .
245 592 319 657 Nec
336 604 455 658 tenerae
471 592 595 670 salices,
611 604 709 677 atque
726 592 838 656 herbae
853 615 927 656 rore
943 593 1101 675 vigentes,
1174 621 1176 625 ·

245 694 457 780 Fluminaque
472 693 538 760 ulla
551 706 677 780 queunt
693 697 823 759 summis
838 695 981 759 labentia
996 695 1087 779 ripis,

245 796 422 862 Oblectare
438 799 588 875 animum,
604 799 809 881 subitamque
823 809 971 863 avertere
986 819 1115 874 curam;
1134 839 1138 846 -

243 899 316 964 Nec
332 899 520 965 Vitulornm
534 901 605 964 aliae
622 901 747 985 species
763 922 823 985 per
837 900 959 985 pabula
974 899 1049 964 laeta
1131 917 1134 925 ’

178 1011 226 1058 :365
245 996 405 1067 Derivare
421 1013 546 1086 queunt
559 1001 634 1079 alio,
651 1024 793 1087 curaque
808 1002 935 1067 levare:

244 1103 459 1187 Usque-adeo
475 1104 630 1187 quiddam
645 1105 824 1189 proprium,
840 1113 1017 1187 notumque
1033 1105 1178 1188 requirit.

243 1205 410 1270 Praeterea
425 1207 530 1270 teneri
543 1205 688 1269 tremulis
704 1228 777 1270 cum
791 1206 926 1271 vocibus
941 1206 1046 1271 Hoedi

244 1307 440 1391 Cornigeras
456 1307 576 1371 nbrunt
591 1304 730 1383 Matres,
748 1307 904 1392 Agnique
918 1308 1040 1392 petulci

160 1451 165 1464 ·
246 1408 420 1483 Balantum
435 1410 598 1493 pecudes:
622 1410 678 1486 ita,
695 1410 784 1492 quod
799 1420 916 1473 natura
931 1411 1085 1494 reposcit,

178 1520 226 1571 370
244 1509 299 1575 Ad
316 1534 374 1575 sua
389 1512 527 1595 quisque
540 1512 608 1576 iere
623 1512 804 1575 decurrunt
818 1513 921 1576 ubera
935 1511 1037 1576 lactis.

286 1615 456 1678 Postremo
471 1615 608 1698 quodvis
624 1613 831 1691 frumentum,
848 1637 914 1678 non
929 1623 1037 1680 tamen
1051 1637 1146 1680 omne

242 1717 408 1800 Quodque
424 1716 531 1779 suein
545 1738 665 1800 genere
678 1716 763 1780 inter
776 1738 811 1780 se
827 1716 927 1780 simile
944 1738 1017 1781 esse
1031 1717 1171 1795 videbis,

241 1821 331 1894 Quin
346 1821 541 1883 intercurrat
557 1819 707 1902 quaedam
723 1819 877 1883 distantia
891 1814 1021 1897 formis}

241 1922 512 2004 Concharumque
527 1943 630 2005 genus
646 1920 740 2005 parili
755 1922 879 1985 ratione
895 1922 1042 1985 videmus

175 2034 223 2085 375
241 2024 383 2107 Pingere
398 2022 523 2087 telluris
539 2023 707 2107 gremium,
724 2046 789 2106 qua
804 2022 954 2087 mollibus
969 2024 1068 2088 undis
1164 2015 1169 2023 ’

241 2125 376 2189 Littoris
392 2125 516 2188 incurvi
530 2124 674 2189 bibulam
689 2122 779 2209 pavit
793 2126 925 2209 AEquor
939 2147 1082 2190 arenam.

240 2227 353 2300 Quare
368 2227 464 2291 etiam
478 2236 576 2310 atque
591 2227 687 2290 etiam
703 2226 796 2289 simili
811 2228 935 2290 ratione
951 2249 1085 2291 necesse
1100 2228 1150 2304 ’st,

152 2363 164 2387 .·
226 2330 370 2392 ¹Natura
385 2328 536 2412 quoniam
552 2338 712 2405 constant,
729 2347 836 2412 neque
851 2329 939 2393 facta
953 2349 1050 2392 manu
1067 2342 1142 2393 suut
1224 2350 1227 2359 ’
1244 2314 1249 2321 ’

240 2430 347 2497 Unius
361 2431 403 2493 ad
418 2440 539 2493 certam
555 2429 689 2494 fonnem
705 2429 887 2495 Primordia
902 2453 1022 2517 rerum,

186 2619 241 2666 359.
259 2617 392 2680 Adsistene]
405 2615 495 2665 Nescio
505 2616 559 2680 quis
571 2619 690 2676 edsittens,
758 2618 812 2665 368.
830 2620 937 2682 Agnique
951 2617 1050 2681 petulci]
1069 2617 1163 2666 Petulci
1180 2617 1264 2682 appel-

152 2698 184 2730 ex
196 2698 255 2732 voce
272 2681 350 2731 clero.
370 2682 521 2746 Hesychius:
540 2680 623 2732 Σίττα·
641 2684 690 2730 ἐπι-
723 2682 813 2740 lentur,
831 2683 873 2745 qui
890 2694 1005 2747 protervo
1023 2683 1117 2748 impetu
1137 2691 1163 2731 et
1179 2685 1264 2731 crebro

153 2747 253 2809 φώνημα
267 2746 333 2808 αἰξίν,
367 2747 514 2795 Scholiastes
532 2746 563 2795 ad
578 2757 691 2809 quartum
723 2756 812 2810 petunt
826 2747 931 2796 ledendi
947 2748 1046 2797 alterius
1060 2748 1146 2811 gratia,
1160 2747 1262 2797 Festus:

152 2812 270 2876 ldyllium
294 2812 425 2870 Theocriti,
450 2812 533 2861 llere·
556 2811 692 2873 ἐπίφθεγμα
724 2827 755 2859 ex
766 2812 877 2860 hocloco
890 2812 1026 2862 Festiedit.
1039 2813 1140 2876 corrige.

153 2877 305 2934 βουκολικὸν,
323 2877 380 2939 ὅπερ
399 2875 516 2937 λέγουσιν
531 2876 554 2925 ol
568 2877 690 2936 βουκόλοι,
757 2877 812 2924 369.
841 2880 967 2926 Balantum
994 2877 1105 2941 pecudes]
1138 2878 1177 2925 lta
1205 2886 1263 2927 vett.

153 2941 287 3002 duolesral
303 2940 424 3004 τδψίττα.
454 2941 523 2989 Idem
536 2942 567 2989 ad
579 2942 691 3003 quintum
723 2941 792 2989 codd.
806 2942 863 2989 dum
877 2942 919 2990 alii
936 2942 1053 3002 scribunt,
1065 2945 1178 2995 debentes
1192 2960 1262 3005 pecu-

154 3006 284 3069 ldyllium:
308 3005 390 3064 Σίττα,
408 3006 489 3069 diere·
508 3006 638 3066 rotpertub,
656 3005 690 3054 ul·
724 3009 770 3054 dee.
871 3043 873 3049 .

152 3069 569 3133 πολικὰ,βουκολικὰέπιφθέγματα.
592 3071 692 3119 Itahaec
757 3071 812 3122 371.
832 3071 948 3121 Postremo
963 3075 1064 3135 quodvis,
1076 3071 1133 3135 etc]
1152 3073 1263 3121 Eandem

153 3138 292 3198 conjectura
301 3152 398 3184 vaccam
409 3136 517 3184 Lucretii
525 3137 552 3182 in
560 3148 691 3198 pastorem,
723 3136 863 3247 specialem,
875 3153 919 3185 seu
932 3137 972 3199 (ut
982 3136 1127 3200 loquuntur)
1139 3137 1263 3186 individu-

152 3201 297 3264 caprarium,
314 3201 354 3249 vel
370 3201 545 3249 armentarium
562 3201 691 3250 convertit
724 3216 787 3249 aem
806 3200 968 3249 differentiam
986 3201 1085 3264 agnosci
1104 3202 1182 3259 docet,
1200 3219 1222 3250 v.
1240 3203 1264 3249 6.

153 3268 288 3323 Adrectana
309 3266 365 3321 alii:
389 3269 508 3323 adsistens,
528 3265 545 3312 i.
566 3281 587 3312 e.
607 3265 691 3330 proxi·
725 3265 801 3340 siquis
812 3267 930 3324 attendat,
943 3282 992 3314 uon
1004 3265 1114 3340 modoiu
1129 3266 1205 3314 herba
1221 3267 1266 3314 sed

152 3329 693 3457 tlt:ttrtttt:..tlttdnlfttptf
724 3330 1266 3452 {llltttft‘ti‘tttlt”tftthlut

153 3459 224 3516 lacta,
237 3457 494 3515 ἐπιστήσασαὲαντὴν.
524 3458 609 3505 Faber.
725 3457 819 3506 semina
836 3457 896 3521 ipsa,
917 3474 973 3506 cum
993 3474 1008 3506 a
1028 3459 1096 3515 nullo
1119 3459 1212 3509 artifice
1233 3461 1266 3508 ed

188 3523 250 3571 Ibid.
269 3521 369 3584 Crebra]
384 3521 510 3585 Virgilius,
528 3524 590 3570 Pede
608 3530 693 3571 terram
725 3534 800 3570 unam
817 3522 918 3571 fonnem
938 3523 1002 3571 facta
1024 3524 1081 3581 sint,
1102 3525 1191 3572 debere
1214 3541 1265 3574 non

153 3587 318 3651 Crebraserit.
725 3586 807 3635 minus
824 3603 896 3650 quam
912 3603 952 3637 res
972 3597 1072 3637 caeteras
1089 3589 1164 3637 variis
1181 3601 1206 3638 et
1226 3590 1264 3638 di·

186 3655 241 3710 359,
260 3653 314 3700 360.
338 3654 427 3700 Restat
443 3654 485 3699 Ad
500 3650 628 3714 stabulum]
653 3651 693 3700 Sic
725 3651 802 3701 versis
814 3651 898 3715 liguris
909 3654 998 3702 ornari.

152 3717 291 3776 Terentius,
308 3721 341 3766 ad
356 3734 405 3765 eum
421 3719 506 3771 utram
533 3726 558 3765 et
583 3717 692 3776 Plautus,
760 3716 822 3764 Ibid.
851 3721 950 3770 Quodvis
965 3718 1123 3782 frumentum]
1148 3719 1169 3768 E
1192 3735 1265 3769 versu

152 3801 212 3832 nuuc
224 3787 256 3831 ad
266 3800 317 3832 eum
326 3786 405 3830 turbo.
725 3780 780 3832 347.
793 3791 884 3846 repete,
896 3800 983 3831 sumere
993 3801 1071 3847 perge.

186 3850 240 3896 365.
262 3851 375 3897 Deriuure
391 3855 476 3909 queunt
493 3843 552 3908 alio]
571 3845 629 3904 Alii,
646 3862 692 3910 pro
758 3846 813 3897 376.
831 3847 914 3910 Perit]
927 3849 1134 3897 ItaLambinuse
1147 3849 1202 3897 MS.
1214 3849 1264 3898 Pe·

152 3916 205 3970 ulio,
223 3918 323 3962 animum
338 3911 431 3975 legunt,
448 3919 477 3958 ut
487 3927 510 3959 v.
528 3912 582 3959 363.
611 3914 691 3960 Oblec·
724 3914 772 3959 vire
789 3921 871 3960 autem
882 3921 978 3962 veteres
995 3929 1040 3977 pro
1052 3913 1136 3976 ferire.
1170 3914 1265 3972 Cicero,

153 3986 204 4027 ture
224 3983 339 4026 animum:
356 3986 381 4025 et
392 3977 461 4039 Virg.
480 3978 532 4024 Nou
548 3979 625 4024 mollia
640 3983 692 4037 poe·
725 3975 767 4024 lib.
782 3977 818 4026 11.
831 3977 861 4025 de
878 3977 1052 4026 Divinatione:
1072 3978 1120 4026 Sed
1137 3978 1194 4041 quia
1209 3993 1267 4026 cum

152 4045 376 4091 ruutPrutamouere
386 4041 501 4089 animum.
515 4040 574 4098 Alii,
582 4043 694 4090 Derioare
726 4050 860 4104 pascuntur
870 4058 969 4092 necesse
979 4052 1016 4091 est
1026 4042 1118 4104 aliquid
1129 4058 1160 4091 ex
1171 4058 1213 4090 ore
1224 4058 1265 4090 oa·

153 4115 244 4168 queunt,
255 4111 355 4156 animum
365 4122 464 4168 curaque
477 4109 558 4153 leuare.
588 4106 636 4153 Pro
648 4109 694 4154 elio
725 4106 792 4164 dere,
821 4116 846 4154 et
873 4115 962 4155 terram
991 4111 1078 4169 pavire,
1106 4105 1266 4170 terripavium

153 4170 241 4233 reliqui
257 4181 375 4235 pugnant,
388 4179 413 4219 et
429 4171 531 4219 laudant
547 4169 691 4218 Ciceronem
724 4171 811 4235 primo,
835 4181 891 4232 post
914 4171 1076 4234 terripudium
1102 4170 1194 4218 dicturo
1220 4179 1266 4220 est.

154 4234 244 4282 alieubi
273 4236 401 4294 dicentem,
430 4239 477 4283 olio
507 4234 691 4299 responsionem
725 4234 777 4283 Alii
789 4236 974 4294 scribentum,
987 4244 1071 4284 autore
1084 4233 1173 4291 Nonio,
1185 4233 1266 4294 quiite

154 4313 224 4348 suam
235 4299 361 4349 derivavit.
725 4305 784 4348 voce
797 4304 854 4348 lauit
864 4301 929 4349 hune
941 4296 1140 4350 versumlaudot.

853 4379 873 4415 Μ
