<?xml version="1.0" encoding="UTF-8"?>
<!DOCTYPE html PUBLIC "-//W3C//DTD XHTML 1.0 Transitional//EN"
    "http://www.w3.org/TR/xhtml1/DTD/xhtml1-transitional.dtd">
<html xmlns="http://www.w3.org/1999/xhtml" xml:lang="en" lang="en">
 <head>
  <title>
</title>
<meta http-equiv="Content-Type" content="text/html;charset=utf-8" />
  <meta name='ocr-system' content='tesseract 3.04.00' />
  <meta name='ocr-capabilities' content='ocr_page ocr_carea ocr_par ocr_line ocrx_word'/>
</head>
<body>
  <div class='ocr_page' id='page_1' title='image "./titilucretiicar04carugoog_0063.png"; bbox 0 0 2872 4852; ppageno 0'>
   <div class='ocr_carea' id='block_1_1' title="bbox 474 235 900 333">
    <p class='ocr_par' dir='ltr' id='par_1_1' title="bbox 474 235 900 333">
     <span class='ocr_line' id='line_1_1' title="bbox 474 235 900 333; baseline 0.009 -35"><span class='ocrx_word' id='word_1_1' title='bbox 474 235 646 300; x_wconf 74' lang='lat' dir='ltr'>araas</span> <span class='ocrx_word' id='word_1_2' title='bbox 677 236 900 333; x_wconf 77' lang='lat' dir='ltr'>paruos.</span> 
     </span>
    </p>
   </div>
   <div class='ocr_carea' id='block_1_2' title="bbox 149 391 1140 2416">
    <p class='ocr_par' dir='ltr' id='par_1_2' title="bbox 216 391 1114 683">
     <span class='ocr_line' id='line_1_2' title="bbox 216 391 798 477; baseline 0.003 -21"><span class='ocrx_word' id='word_1_3' title='bbox 216 391 319 457; x_wconf 86' lang='lat' dir='ltr'>ltaliae</span> <span class='ocrx_word' id='word_1_4' title='bbox 334 393 434 454; x_wconf 86' lang='lat' dir='ltr'>terrai</span> <span class='ocrx_word' id='word_1_5' title='bbox 448 413 522 454; x_wconf 87' lang='lat' dir='ltr'>oras</span> <span class='ocrx_word' id='word_1_6' title='bbox 537 413 557 454; x_wconf 91' lang='lat' dir='ltr'>a</span> <span class='ocrx_word' id='word_1_7' title='bbox 571 391 692 457; x_wconf 86' lang='lat' dir='ltr'>finibus</span> <span class='ocrx_word' id='word_1_8' title='bbox 707 394 798 477; x_wconf 86' lang='lat' dir='ltr'>ejus:</span> 
     </span>
     <span class='ocr_line' id='line_1_3' title="bbox 216 493 1114 578; baseline 0.003 -20"><span class='ocrx_word' id='word_1_9' title='bbox 216 493 283 559; x_wconf 86' lang='lat' dir='ltr'>Hic</span> <span class='ocrx_word' id='word_1_10' title='bbox 299 503 350 558; x_wconf 91' lang='lat' dir='ltr'>est</span> <span class='ocrx_word' id='word_1_11' title='bbox 364 503 456 558; x_wconf 82' lang='lat' dir='ltr'>vasta</span> <span class='ocrx_word' id='word_1_12' title='bbox 471 493 669 578; x_wconf 83' lang='lat' dir='ltr'>Charybdis,</span> <span class='ocrx_word' id='word_1_13' title='bbox 685 505 719 558; x_wconf 93' lang='lat' dir='ltr'>et</span> <span class='ocrx_word' id='word_1_14' title='bbox 733 494 788 560; x_wconf 86' lang='lat' dir='ltr'>hic</span> <span class='ocrx_word' id='word_1_15' title='bbox 803 495 939 560; x_wconf 85' lang='lat' dir='ltr'>AEtnaea</span> <span class='ocrx_word' id='word_1_16' title='bbox 951 496 1114 562; x_wconf 69' lang='lat' dir='ltr'>ninantur</span> 
     </span>
     <span class='ocr_line' id='line_1_4' title="bbox 216 594 1069 683; baseline 0.005 -24"><span class='ocrx_word' id='word_1_17' title='bbox 216 595 389 660; x_wconf 85' lang='lat' dir='ltr'>Murmura</span> <span class='ocrx_word' id='word_1_18' title='bbox 403 594 604 659; x_wconf 88' lang='lat' dir='ltr'>flammarum</span> <span class='ocrx_word' id='word_1_19' title='bbox 619 618 746 661; x_wconf 86' lang='lat' dir='ltr'>rursum</span> <span class='ocrx_word' id='word_1_20' title='bbox 764 619 799 662; x_wconf 90' lang='lat' dir='ltr'>se</span> <span class='ocrx_word' id='word_1_21' title='bbox 814 598 977 683; x_wconf 91' lang='lat' dir='ltr'>conligere</span> <span class='ocrx_word' id='word_1_22' title='bbox 992 600 1069 678; x_wconf 88' lang='lat' dir='ltr'>iras,</span> 
     </span>
    </p>

    <p class='ocr_par' dir='ltr' id='par_1_3' title="bbox 151 696 1077 1192">
     <span class='ocr_line' id='line_1_5' title="bbox 151 696 1051 784; baseline 0.009 -25"><span class='ocrx_word' id='word_1_23' title='bbox 151 708 198 759; x_wconf 81' lang='lat'>725</span> <span class='ocrx_word' id='word_1_24' title='bbox 217 696 381 762; x_wconf 82' lang='lat' dir='ltr'><strong>Faucibus</strong></span> <span class='ocrx_word' id='word_1_25' title='bbox 398 707 533 782; x_wconf 87' lang='lat' dir='ltr'><strong>eruptos</strong></span> <span class='ocrx_word' id='word_1_26' title='bbox 547 699 665 763; x_wconf 83' lang='lat' dir='ltr'>iterum</span> <span class='ocrx_word' id='word_1_27' title='bbox 680 710 716 763; x_wconf 93' lang='lat' dir='ltr'>ut</span> <span class='ocrx_word' id='word_1_28' title='bbox 730 700 778 762; x_wconf 86' lang='lat' dir='ltr'>vis</span> <span class='ocrx_word' id='word_1_29' title='bbox 794 711 922 765; x_wconf 83' lang='lat' dir='ltr'>evomat</span> <span class='ocrx_word' id='word_1_30' title='bbox 935 701 1051 784; x_wconf 83' lang='lat' dir='ltr'>igneis,</span> 
     </span>
     <span class='ocr_line' id='line_1_6' title="bbox 215 798 1031 886; baseline 0.005 -23"><span class='ocrx_word' id='word_1_31' title='bbox 215 798 273 863; x_wconf 92' lang='lat' dir='ltr'>Ad</span> <span class='ocrx_word' id='word_1_32' title='bbox 288 798 471 883; x_wconf 89' lang='lat' dir='ltr'>coelumque</span> <span class='ocrx_word' id='word_1_33' title='bbox 486 799 570 864; x_wconf 89' lang='lat' dir='ltr'>ferat</span> <span class='ocrx_word' id='word_1_34' title='bbox 584 799 724 864; x_wconf 84' lang='lat' dir='ltr'>flammai</span> <span class='ocrx_word' id='word_1_35' title='bbox 738 800 868 886; x_wconf 84' lang='lat' dir='ltr'>firlgura</span> <span class='ocrx_word' id='word_1_36' title='bbox 883 825 1031 867; x_wconf 81' lang='lat' dir='ltr'>rursum:</span> 
     </span>
     <span class='ocr_line' id='line_1_7' title="bbox 216 901 1077 987; baseline 0.003 -22"><span class='ocrx_word' id='word_1_37' title='bbox 216 901 303 974; x_wconf 75' lang='lat' dir='ltr'>Quae</span> <span class='ocrx_word' id='word_1_38' title='bbox 320 924 393 966; x_wconf 90' lang='lat' dir='ltr'>cum</span> <span class='ocrx_word' id='word_1_39' title='bbox 408 925 526 987; x_wconf 89' lang='lat' dir='ltr'>magna</span> <span class='ocrx_word' id='word_1_40' title='bbox 539 904 645 968; x_wconf 89' lang='lat' dir='ltr'>modis</span> <span class='ocrx_word' id='word_1_41' title='bbox 659 902 769 968; x_wconf 88' lang='lat' dir='ltr'>multis</span> <span class='ocrx_word' id='word_1_42' title='bbox 785 904 933 968; x_wconf 88' lang='lat' dir='ltr'>miranda</span> <span class='ocrx_word' id='word_1_43' title='bbox 946 906 1077 970; x_wconf 84' lang='lat' dir='ltr'>videtur</span> 
     </span>
     <span class='ocr_line' id='line_1_8' title="bbox 216 1002 1009 1090; baseline 0.005 -23"><span class='ocrx_word' id='word_1_44' title='bbox 216 1002 382 1069; x_wconf 85' lang='lat' dir='ltr'>Gentibus</span> <span class='ocrx_word' id='word_1_45' title='bbox 397 1005 546 1071; x_wconf 87' lang='lat' dir='ltr'>humanis</span> <span class='ocrx_word' id='word_1_46' title='bbox 561 1007 663 1090; x_wconf 90' lang='lat' dir='ltr'>regio,</span> <span class='ocrx_word' id='word_1_47' title='bbox 679 1006 879 1090; x_wconf 83' lang='lat' dir='ltr'>visendaque</span> <span class='ocrx_word' id='word_1_48' title='bbox 894 1007 1009 1084; x_wconf 84' lang='lat' dir='ltr'>fertur,</span> 
     </span>
     <span class='ocr_line' id='line_1_9' title="bbox 215 1104 1011 1192; baseline 0.003 -22"><span class='ocrx_word' id='word_1_49' title='bbox 215 1104 332 1171; x_wconf 90' lang='lat' dir='ltr'>Rebus</span> <span class='ocrx_word' id='word_1_50' title='bbox 349 1108 456 1192; x_wconf 89' lang='lat' dir='ltr'>opima</span> <span class='ocrx_word' id='word_1_51' title='bbox 470 1108 575 1184; x_wconf 88' lang='lat' dir='ltr'>bonis,</span> <span class='ocrx_word' id='word_1_52' title='bbox 590 1107 693 1172; x_wconf 90' lang='lat' dir='ltr'>multa</span> <span class='ocrx_word' id='word_1_53' title='bbox 706 1109 830 1174; x_wconf 90' lang='lat' dir='ltr'>munita</span> <span class='ocrx_word' id='word_1_54' title='bbox 844 1108 948 1174; x_wconf 82' lang='lat' dir='ltr'>virtim</span> <span class='ocrx_word' id='word_1_55' title='bbox 961 1111 1011 1188; x_wconf 86' lang='lat' dir='ltr'>vi;</span> 
     </span>
    </p>

    <p class='ocr_par' dir='ltr' id='par_1_4' title="bbox 151 1208 1118 1704">
     <span class='ocr_line' id='line_1_10' title="bbox 151 1208 1060 1296; baseline 0.003 -23"><span class='ocrx_word' id='word_1_56' title='bbox 151 1215 199 1266; x_wconf 79' lang='grc'>730</span> <span class='ocrx_word' id='word_1_57' title='bbox 217 1208 278 1273; x_wconf 93' lang='lat' dir='ltr'>Nil</span> <span class='ocrx_word' id='word_1_58' title='bbox 291 1220 399 1274; x_wconf 84' lang='lat' dir='ltr'>tamen</span> <span class='ocrx_word' id='word_1_59' title='bbox 413 1209 478 1275; x_wconf 90' lang='lat' dir='ltr'>hoc</span> <span class='ocrx_word' id='word_1_60' title='bbox 492 1210 647 1276; x_wconf 84' lang='lat' dir='ltr'>habuisse</span> <span class='ocrx_word' id='word_1_61' title='bbox 662 1211 746 1277; x_wconf 90' lang='lat' dir='ltr'>Viro</span> <span class='ocrx_word' id='word_1_62' title='bbox 760 1211 950 1296; x_wconf 74' lang='lat' dir='ltr'>praeclarius</span> <span class='ocrx_word' id='word_1_63' title='bbox 964 1213 998 1277; x_wconf 95' lang='lat' dir='ltr'>in</span> <span class='ocrx_word' id='word_1_64' title='bbox 1013 1234 1060 1288; x_wconf 90' lang='lat' dir='ltr'>se,</span> 
     </span>
     <span class='ocr_line' id='line_1_11' title="bbox 215 1309 1118 1398; baseline 0.002 -23"><span class='ocrx_word' id='word_1_65' title='bbox 215 1309 290 1375; x_wconf 94' lang='lat' dir='ltr'>Nec</span> <span class='ocrx_word' id='word_1_66' title='bbox 306 1323 453 1377; x_wconf 90' lang='lat' dir='ltr'>sanctum</span> <span class='ocrx_word' id='word_1_67' title='bbox 466 1314 581 1398; x_wconf 85' lang='lat' dir='ltr'>magis,</span> <span class='ocrx_word' id='word_1_68' title='bbox 596 1324 631 1378; x_wconf 86' lang='lat' dir='ltr'>et</span> <span class='ocrx_word' id='word_1_69' title='bbox 644 1314 772 1390; x_wconf 91' lang='lat' dir='ltr'>mirum,</span> <span class='ocrx_word' id='word_1_70' title='bbox 789 1336 964 1398; x_wconf 90' lang='lat' dir='ltr'>carumque</span> <span class='ocrx_word' id='word_1_71' title='bbox 979 1315 1118 1380; x_wconf 84' lang='lat' dir='ltr'>videtur.</span> 
     </span>
     <span class='ocr_line' id='line_1_12' title="bbox 215 1411 931 1500; baseline 0.007 -26"><span class='ocrx_word' id='word_1_72' title='bbox 215 1411 368 1477; x_wconf 82' lang='lat' dir='ltr'>Carnrina</span> <span class='ocrx_word' id='word_1_73' title='bbox 381 1415 460 1498; x_wconf 89' lang='lat' dir='ltr'>quin</span> <span class='ocrx_word' id='word_1_74' title='bbox 475 1415 574 1478; x_wconf 89' lang='lat' dir='ltr'>etiam</span> <span class='ocrx_word' id='word_1_75' title='bbox 587 1415 687 1479; x_wconf 85' lang='lat' dir='ltr'>divini</span> <span class='ocrx_word' id='word_1_76' title='bbox 701 1415 845 1499; x_wconf 83' lang='lat' dir='ltr'>pectoris</span> <span class='ocrx_word' id='word_1_77' title='bbox 859 1416 931 1500; x_wconf 90' lang='lat' dir='ltr'>ejus</span> 
     </span>
     <span class='ocr_line' id='line_1_13' title="bbox 215 1512 1028 1602; baseline 0.006 -24"><span class='ocrx_word' id='word_1_78' title='bbox 215 1512 459 1594; x_wconf 86' lang='lat' dir='ltr'>Vociferantur‚</span> <span class='ocrx_word' id='word_1_79' title='bbox 475 1525 510 1580; x_wconf 91' lang='lat' dir='ltr'>et</span> <span class='ocrx_word' id='word_1_80' title='bbox 524 1528 694 1601; x_wconf 88' lang='lat' dir='ltr'>exponunt</span> <span class='ocrx_word' id='word_1_81' title='bbox 708 1514 867 1601; x_wconf 84' lang='lat' dir='ltr'>praeclara</span> <span class='ocrx_word' id='word_1_82' title='bbox 881 1527 1028 1602; x_wconf 83' lang='lat' dir='ltr'>reperta3</span> 
     </span>
     <span class='ocr_line' id='line_1_14' title="bbox 216 1614 924 1704; baseline 0.007 -25"><span class='ocrx_word' id='word_1_83' title='bbox 216 1614 264 1680; x_wconf 90' lang='lat' dir='ltr'>Ut</span> <span class='ocrx_word' id='word_1_84' title='bbox 278 1618 333 1681; x_wconf 86' lang='lat' dir='ltr'>vix</span> <span class='ocrx_word' id='word_1_85' title='bbox 347 1617 488 1684; x_wconf 87' lang='lat' dir='ltr'>humana</span> <span class='ocrx_word' id='word_1_86' title='bbox 502 1619 652 1684; x_wconf 85' lang='lat' dir='ltr'>videatur</span> <span class='ocrx_word' id='word_1_87' title='bbox 668 1621 770 1704; x_wconf 80' lang='lat' dir='ltr'>stirpe</span> <span class='ocrx_word' id='word_1_88' title='bbox 784 1629 924 1685; x_wconf 82' lang='lat' dir='ltr'>creatua</span> 
     </span>
    </p>

    <p class='ocr_par' dir='ltr' id='par_1_5' title="bbox 149 1721 1096 2215">
     <span class='ocr_line' id='line_1_15' title="bbox 149 1721 1096 1806; baseline 0.004 -23"><span class='ocrx_word' id='word_1_89' title='bbox 149 1727 197 1779; x_wconf 78' lang='grc'>735</span> <span class='ocrx_word' id='word_1_90' title='bbox 257 1721 323 1786; x_wconf 88' lang='lat' dir='ltr'>Hic</span> <span class='ocrx_word' id='word_1_91' title='bbox 338 1732 458 1799; x_wconf 87' lang='lat' dir='ltr'>tamen,</span> <span class='ocrx_word' id='word_1_92' title='bbox 474 1731 508 1787; x_wconf 92' lang='lat' dir='ltr'>et</span> <span class='ocrx_word' id='word_1_93' title='bbox 524 1743 644 1806; x_wconf 87' lang='lat' dir='ltr'>supera</span> <span class='ocrx_word' id='word_1_94' title='bbox 657 1745 741 1806; x_wconf 87' lang='lat' dir='ltr'>quos</span> <span class='ocrx_word' id='word_1_95' title='bbox 757 1722 909 1800; x_wconf 87' lang='lat' dir='ltr'>diximus,</span> <span class='ocrx_word' id='word_1_96' title='bbox 925 1721 1096 1788; x_wconf 82' lang='lat' dir='ltr'>inferiores</span> 
     </span>
     <span class='ocr_line' id='line_1_16' title="bbox 213 1822 1001 1910; baseline 0.004 -25"><span class='ocrx_word' id='word_1_97' title='bbox 213 1822 369 1887; x_wconf 89' lang='lat' dir='ltr'>Partibus</span> <span class='ocrx_word' id='word_1_98' title='bbox 384 1824 516 1909; x_wconf 84' lang='lat' dir='ltr'>egregie</span> <span class='ocrx_word' id='word_1_99' title='bbox 530 1824 651 1901; x_wconf 89' lang='lat' dir='ltr'>multis,</span> <span class='ocrx_word' id='word_1_100' title='bbox 666 1823 834 1910; x_wconf 89' lang='lat' dir='ltr'>multoque</span> <span class='ocrx_word' id='word_1_101' title='bbox 848 1826 1001 1902; x_wconf 89' lang='lat' dir='ltr'>minores,</span> 
     </span>
     <span class='ocr_line' id='line_1_17' title="bbox 213 1926 1089 2011; baseline -0.001 -20"><span class='ocrx_word' id='word_1_102' title='bbox 213 1926 421 2011; x_wconf 84' lang='lat' dir='ltr'>Quanquam,</span> <span class='ocrx_word' id='word_1_103' title='bbox 436 1926 538 1991; x_wconf 86' lang='lat' dir='ltr'>multa</span> <span class='ocrx_word' id='word_1_104' title='bbox 551 1929 636 1992; x_wconf 91' lang='lat' dir='ltr'>bene</span> <span class='ocrx_word' id='word_1_105' title='bbox 652 1950 690 1991; x_wconf 93' lang='lat' dir='ltr'>ac</span> <span class='ocrx_word' id='word_1_106' title='bbox 706 1928 859 1992; x_wconf 84' lang='lat' dir='ltr'>divinitus</span> <span class='ocrx_word' id='word_1_107' title='bbox 875 1928 1089 2002; x_wconf 80' lang='lat' dir='ltr'>invenientes,</span> 
     </span>
     <span class='ocr_line' id='line_1_18' title="bbox 213 2025 990 2114; baseline 0.005 -24"><span class='ocrx_word' id='word_1_108' title='bbox 213 2025 269 2091; x_wconf 86' lang='lat' dir='ltr'>Ex</span> <span class='ocrx_word' id='word_1_109' title='bbox 284 2028 384 2112; x_wconf 87' lang='lat' dir='ltr'>adyto</span> <span class='ocrx_word' id='word_1_110' title='bbox 400 2038 554 2112; x_wconf 89' lang='lat' dir='ltr'>tanquam</span> <span class='ocrx_word' id='word_1_111' title='bbox 569 2029 677 2094; x_wconf 91' lang='lat' dir='ltr'>cordis</span> <span class='ocrx_word' id='word_1_112' title='bbox 692 2051 852 2114; x_wconf 89' lang='lat' dir='ltr'>responsa</span> <span class='ocrx_word' id='word_1_113' title='bbox 867 2028 990 2094; x_wconf 78' lang='lat' dir='ltr'>dedere</span> 
     </span>
     <span class='ocr_line' id='line_1_19' title="bbox 215 2129 1034 2215; baseline 0.002 -22"><span class='ocrx_word' id='word_1_114' title='bbox 215 2129 378 2206; x_wconf 86' lang='lat' dir='ltr'>Sanctius,</span> <span class='ocrx_word' id='word_1_115' title='bbox 395 2140 429 2194; x_wconf 93' lang='lat' dir='ltr'>et</span> <span class='ocrx_word' id='word_1_116' title='bbox 442 2130 545 2195; x_wconf 89' lang='lat' dir='ltr'>multo</span> <span class='ocrx_word' id='word_1_117' title='bbox 560 2140 650 2196; x_wconf 89' lang='lat' dir='ltr'>certa</span> <span class='ocrx_word' id='word_1_118' title='bbox 664 2132 791 2196; x_wconf 90' lang='lat' dir='ltr'>ratione</span> <span class='ocrx_word' id='word_1_119' title='bbox 805 2132 920 2215; x_wconf 88' lang='lat' dir='ltr'>magis,</span> <span class='ocrx_word' id='word_1_120' title='bbox 936 2153 1034 2215; x_wconf 87' lang='lat' dir='ltr'>quam</span> 
     </span>
    </p>

    <p class='ocr_par' dir='ltr' id='par_1_6' title="bbox 150 2230 1140 2416">
     <span class='ocr_line' id='line_1_20' title="bbox 150 2230 1140 2317; baseline 0.002 -24"><span class='ocrx_word' id='word_1_121' title='bbox 150 2240 197 2293; x_wconf 78' lang='lat'>740</span> <span class='ocrx_word' id='word_1_122' title='bbox 215 2230 346 2316; x_wconf 89' lang='lat' dir='ltr'>Pythia,</span> <span class='ocrx_word' id='word_1_123' title='bbox 363 2254 437 2315; x_wconf 86' lang='lat' dir='ltr'>quae</span> <span class='ocrx_word' id='word_1_124' title='bbox 452 2232 582 2317; x_wconf 90' lang='lat' dir='ltr'>tripode</span> <span class='ocrx_word' id='word_1_125' title='bbox 597 2254 640 2296; x_wconf 86' lang='lat' dir='ltr'>ex</span> <span class='ocrx_word' id='word_1_126' title='bbox 655 2231 788 2310; x_wconf 88' lang='lat' dir='ltr'>Phoebi,</span> <span class='ocrx_word' id='word_1_127' title='bbox 803 2230 961 2316; x_wconf 89' lang='lat' dir='ltr'>lauroque</span> <span class='ocrx_word' id='word_1_128' title='bbox 976 2231 1140 2316; x_wconf 65' lang='lat' dir='ltr'>profatum</span> 
     </span>
     <span class='ocr_line' id='line_1_21' title="bbox 213 2331 939 2416; baseline 0.003 -21"><span class='ocrx_word' id='word_1_129' title='bbox 213 2331 387 2416; x_wconf 84' lang='lat' dir='ltr'>Principiis</span> <span class='ocrx_word' id='word_1_130' title='bbox 402 2342 509 2396; x_wconf 88' lang='lat' dir='ltr'>tamen</span> <span class='ocrx_word' id='word_1_131' title='bbox 525 2333 558 2395; x_wconf 90' lang='lat' dir='ltr'>in</span> <span class='ocrx_word' id='word_1_132' title='bbox 573 2354 681 2396; x_wconf 89' lang='lat' dir='ltr'>rerum</span> <span class='ocrx_word' id='word_1_133' title='bbox 694 2332 800 2397; x_wconf 89' lang='lat' dir='ltr'>fecere</span> <span class='ocrx_word' id='word_1_134' title='bbox 817 2333 939 2410; x_wconf 85' lang='lat' dir='ltr'>ruinas,</span> 
     </span>
    </p>
   </div>
   <div class='ocr_carea' id='block_1_3' title="bbox 214 2432 1055 2622">
    <p class='ocr_par' dir='ltr' id='par_1_7' title="bbox 214 2432 1055 2622">
     <span class='ocr_line' id='line_1_22' title="bbox 214 2432 1010 2519; baseline 0 -21"><span class='ocrx_word' id='word_1_135' title='bbox 214 2434 261 2498; x_wconf 90' lang='lat' dir='ltr'>Et</span> <span class='ocrx_word' id='word_1_136' title='bbox 275 2435 418 2518; x_wconf 85' lang='lat' dir='ltr'>graviter</span> <span class='ocrx_word' id='word_1_137' title='bbox 434 2432 549 2519; x_wconf 85' lang='lat' dir='ltr'>Magni</span> <span class='ocrx_word' id='word_1_138' title='bbox 564 2455 682 2518; x_wconf 89' lang='lat' dir='ltr'>magno</span> <span class='ocrx_word' id='word_1_139' title='bbox 699 2434 848 2499; x_wconf 88' lang='lat' dir='ltr'>cecidere</span> <span class='ocrx_word' id='word_1_140' title='bbox 862 2434 909 2497; x_wconf 91' lang='lat' dir='ltr'>ibi</span> <span class='ocrx_word' id='word_1_141' title='bbox 921 2455 1010 2498; x_wconf 85' lang='lat' dir='ltr'>casu.</span> 
     </span>
     <span class='ocr_line' id='line_1_23' title="bbox 257 2535 1055 2622; baseline -0.001 -20"><span class='ocrx_word' id='word_1_142' title='bbox 257 2536 413 2614; x_wconf 90' lang='lat' dir='ltr'>Primum,</span> <span class='ocrx_word' id='word_1_143' title='bbox 429 2536 519 2622; x_wconf 91' lang='lat' dir='ltr'>quod</span> <span class='ocrx_word' id='word_1_144' title='bbox 533 2547 652 2613; x_wconf 89' lang='lat' dir='ltr'>motus,</span> <span class='ocrx_word' id='word_1_145' title='bbox 668 2547 821 2621; x_wconf 89' lang='lat' dir='ltr'>exempto</span> <span class='ocrx_word' id='word_1_146' title='bbox 835 2535 934 2602; x_wconf 90' lang='lat' dir='ltr'>rebus</span> <span class='ocrx_word' id='word_1_147' title='bbox 949 2536 1055 2615; x_wconf 85' lang='lat' dir='ltr'>Inani,</span> 
     </span>
    </p>
   </div>
   <div class='ocr_carea' id='block_1_4' title="bbox 40 2671 1243 2752">
    <p class='ocr_par' dir='ltr' id='par_1_8' title="bbox 40 2671 1243 2752">
     <span class='ocr_line' id='line_1_24' title="bbox 40 2671 1243 2752; baseline 0.001 -17"><span class='ocrx_word' id='word_1_148' title='bbox 40 2745 42 2752; x_wconf 17' lang='grc' dir='ltr'><em>γ</em></span> <span class='ocrx_word' id='word_1_149' title='bbox 126 2695 223 2736; x_wconf 75' lang='lat' dir='ltr'>veteres</span> <span class='ocrx_word' id='word_1_150' title='bbox 235 2686 353 2750; x_wconf 84' lang='lat' dir='ltr'>magistri,</span> <span class='ocrx_word' id='word_1_151' title='bbox 365 2685 431 2734; x_wconf 81' lang='lat' dir='ltr'>inter</span> <span class='ocrx_word' id='word_1_152' title='bbox 442 2700 503 2750; x_wconf 91' lang='lat' dir='ltr'>quos</span> <span class='ocrx_word' id='word_1_153' title='bbox 519 2671 668 2743; x_wconf 65' lang='lat' dir='ltr'>Pantanus,</span> <span class='ocrx_word' id='word_1_154' title='bbox 735 2686 790 2736; x_wconf 87' lang='grc'><strong>732.</strong></span> <span class='ocrx_word' id='word_1_155' title='bbox 818 2689 927 2737; x_wconf 60' lang='lat' dir='ltr'>&amp;mama</span> <span class='ocrx_word' id='word_1_156' title='bbox 944 2684 1099 2749; x_wconf 78' lang='lat' dir='ltr'>quinetiam]</span> <span class='ocrx_word' id='word_1_157' title='bbox 1117 2684 1243 2750; x_wconf 65' lang='grc' dir='ltr'>Ὁμηρικὸς</span> 
     </span>
    </p>
   </div>
   <div class='ocr_carea' id='block_1_5' title="bbox 87 2748 1243 3280">
    <p class='ocr_par' dir='ltr' id='par_1_9' title="bbox 87 2748 1242 3011">
     <span class='ocr_line' id='line_1_25' title="bbox 126 2748 1240 2815; baseline 0.001 -16"><span class='ocrx_word' id='word_1_158' title='bbox 126 2751 187 2814; x_wconf 86' lang='lat' dir='ltr'>quia</span> <span class='ocrx_word' id='word_1_159' title='bbox 198 2762 224 2800; x_wconf 87' lang='lat' dir='ltr'>et</span> <span class='ocrx_word' id='word_1_160' title='bbox 234 2753 320 2801; x_wconf 88' lang='lat' dir='ltr'>eadem</span> <span class='ocrx_word' id='word_1_161' title='bbox 330 2750 436 2800; x_wconf 83' lang='lat' dir='ltr'>flexione</span> <span class='ocrx_word' id='word_1_162' title='bbox 447 2767 506 2800; x_wconf 89' lang='lat' dir='ltr'>usus</span> <span class='ocrx_word' id='word_1_163' title='bbox 521 2761 559 2802; x_wconf 86' lang='lat' dir='ltr'>est</span> <span class='ocrx_word' id='word_1_164' title='bbox 574 2751 668 2810; x_wconf 86' lang='lat' dir='ltr'>Cicero,</span> <span class='ocrx_word' id='word_1_165' title='bbox 701 2750 872 2811; x_wconf 77' lang='grc' dir='ltr'>Ἐμπεδοκλῆς,</span> <span class='ocrx_word' id='word_1_166' title='bbox 885 2750 924 2800; x_wconf 81' lang='lat' dir='ltr'>rai</span> <span class='ocrx_word' id='word_1_167' title='bbox 940 2751 1014 2802; x_wconf 77' lang='grc' dir='ltr'><strong><em>δεινὸς</em></strong></span> <span class='ocrx_word' id='word_1_168' title='bbox 1029 2750 1082 2815; x_wconf 69' lang='grc' dir='ltr'>περὶ</span> <span class='ocrx_word' id='word_1_169' title='bbox 1100 2749 1187 2813; x_wconf 72' lang='grc' dir='ltr'>φράσιν</span> <span class='ocrx_word' id='word_1_170' title='bbox 1197 2748 1240 2812; x_wconf 71' lang='grc' dir='ltr'>γέ-</span> 
     </span>
     <span class='ocr_line' id='line_1_26' title="bbox 127 2812 1242 2880; baseline 0.002 -16"><span class='ocrx_word' id='word_1_171' title='bbox 127 2817 196 2865; x_wconf 86' lang='lat' dir='ltr'>Orat.</span> <span class='ocrx_word' id='word_1_172' title='bbox 214 2819 236 2865; x_wconf 84' lang='lat'>5.</span> <span class='ocrx_word' id='word_1_173' title='bbox 253 2817 281 2865; x_wconf 89' lang='lat' dir='ltr'>iu</span> <span class='ocrx_word' id='word_1_174' title='bbox 297 2817 409 2875; x_wconf 84' lang='lat' dir='ltr'>Verrem,</span> <span class='ocrx_word' id='word_1_175' title='bbox 430 2819 513 2866; x_wconf 78' lang='lat' dir='ltr'>Sicilia</span> <span class='ocrx_word' id='word_1_176' title='bbox 529 2824 670 2880; x_wconf 68' lang='lat' dir='ltr'>perangaria</span> <span class='ocrx_word' id='word_1_177' title='bbox 701 2831 767 2876; x_wconf 80' lang='grc' dir='ltr'><strong><em>γονε,</em></strong></span> <span class='ocrx_word' id='word_1_178' title='bbox 778 2812 936 2878; x_wconf 76' lang='lat' dir='ltr'>prrapdpmds</span> <span class='ocrx_word' id='word_1_179' title='bbox 946 2834 976 2864; x_wconf 81' lang='lat' dir='ltr'>rs</span> <span class='ocrx_word' id='word_1_180' title='bbox 986 2817 1025 2874; x_wconf 78' lang='lat' dir='ltr'>da,</span> <span class='ocrx_word' id='word_1_181' title='bbox 1038 2815 1139 2866; x_wconf 69' lang='lat' dir='ltr'>salrab</span> <span class='ocrx_word' id='word_1_182' title='bbox 1157 2815 1242 2866; x_wconf 65' lang='grc' dir='ltr'><strong>ἄλλοις</strong></span> 
     </span>
     <span class='ocr_line' id='line_1_27' title="bbox 87 2879 1240 2944; baseline 0.001 -15"><span class='ocrx_word' id='word_1_183' title='bbox 87 2938 89 2942; x_wconf 12' lang='lat'>³</span> <span class='ocrx_word' id='word_1_184' title='bbox 126 2881 192 2930; x_wconf 82' lang='lat' dir='ltr'>fretu</span> <span class='ocrx_word' id='word_1_185' title='bbox 201 2885 283 2930; x_wconf 65' lang='lat' dir='ltr'>dimna.</span> <span class='ocrx_word' id='word_1_186' title='bbox 308 2881 670 2931; x_wconf 80' lang='lat' dir='ltr'>VidetiamAraabiamaantra</span> <span class='ocrx_word' id='word_1_187' title='bbox 701 2879 1240 2944; x_wconf 64' lang='lat' dir='ltr'>raisrsplaasmsahvirsrsirypartxpdpsroa</span> 
     </span>
     <span class='ocr_line' id='line_1_28' title="bbox 130 2944 1241 3011; baseline 0 -17"><span class='ocrx_word' id='word_1_188' title='bbox 130 2949 221 3005; x_wconf 79' lang='lat' dir='ltr'>Gentes,</span> <span class='ocrx_word' id='word_1_189' title='bbox 233 2947 274 2996; x_wconf 91' lang='lat' dir='ltr'>lib.</span> <span class='ocrx_word' id='word_1_190' title='bbox 289 2947 309 2995; x_wconf 91' lang='grc' dir='ltr'>Ι.</span> <span class='ocrx_word' id='word_1_191' title='bbox 321 2962 346 3011; x_wconf 92' lang='lat' dir='ltr'>p.</span> <span class='ocrx_word' id='word_1_192' title='bbox 359 2947 398 2994; x_wconf 86' lang='grc'>36.</span> <span class='ocrx_word' id='word_1_193' title='bbox 701 2944 804 2994; x_wconf 86' lang='lat' dir='ltr'>Aristot.</span> <span class='ocrx_word' id='word_1_194' title='bbox 815 2946 841 2995; x_wconf 71' lang='grc' dir='ltr'>ἐν</span> <span class='ocrx_word' id='word_1_195' title='bbox 849 2947 884 3007; x_wconf 73' lang='grc' dir='ltr'>τῷ</span> <span class='ocrx_word' id='word_1_196' title='bbox 892 2945 946 3009; x_wconf 77' lang='lat' dir='ltr'>aspi</span> <span class='ocrx_word' id='word_1_197' title='bbox 956 2948 1092 3005; x_wconf 69' lang='lat' dir='ltr'>animadv.</span> <span class='ocrx_word' id='word_1_198' title='bbox 1120 2945 1241 2995; x_wconf 74' lang='lat' dir='ltr'>hairtins.</span> 
     </span>
    </p>

    <p class='ocr_par' dir='ltr' id='par_1_10' title="bbox 127 3008 1243 3280">
     <span class='ocr_line' id='line_1_29' title="bbox 161 3008 1240 3074; baseline -0.003 -13"><span class='ocrx_word' id='word_1_199' title='bbox 161 3011 216 3061; x_wconf 87' lang='grc'>722</span> <span class='ocrx_word' id='word_1_200' title='bbox 244 3015 323 3060; x_wconf 77' lang='lat' dir='ltr'>Italia</span> <span class='ocrx_word' id='word_1_201' title='bbox 346 3009 433 3074; x_wconf 72' lang='lat' dir='ltr'>urrai]</span> <span class='ocrx_word' id='word_1_202' title='bbox 459 3010 499 3060; x_wconf 86' lang='lat' dir='ltr'>Ita</span> <span class='ocrx_word' id='word_1_203' title='bbox 526 3009 668 3069; x_wconf 80' lang='lat' dir='ltr'>Lambinus,</span> <span class='ocrx_word' id='word_1_204' title='bbox 735 3008 790 3061; x_wconf 84' lang='grc'><strong>735.</strong></span> <span class='ocrx_word' id='word_1_205' title='bbox 808 3012 856 3060; x_wconf 80' lang='lat' dir='ltr'>Hic</span> <span class='ocrx_word' id='word_1_206' title='bbox 868 3019 951 3067; x_wconf 80' lang='lat' dir='ltr'>tamea,</span> <span class='ocrx_word' id='word_1_207' title='bbox 962 3018 986 3060; x_wconf 82' lang='lat' dir='ltr'>at</span> <span class='ocrx_word' id='word_1_208' title='bbox 996 3028 1088 3073; x_wconf 74' lang='lat' dir='ltr'>sapam,</span> <span class='ocrx_word' id='word_1_209' title='bbox 1100 3009 1157 3074; x_wconf 79' lang='lat' dir='ltr'>sta]</span> <span class='ocrx_word' id='word_1_210' title='bbox 1174 3011 1205 3058; x_wconf 92' lang='lat' dir='ltr'>V.</span> <span class='ocrx_word' id='word_1_211' title='bbox 1217 3012 1240 3059; x_wconf 83' lang='lat'>8.</span> 
     </span>
     <span class='ocr_line' id='line_1_30' title="bbox 128 3073 1242 3140; baseline 0.002 -17"><span class='ocrx_word' id='word_1_212' title='bbox 128 3077 201 3124; x_wconf 79' lang='lat' dir='ltr'>Italia</span> <span class='ocrx_word' id='word_1_213' title='bbox 209 3076 275 3125; x_wconf 90' lang='lat' dir='ltr'>enim</span> <span class='ocrx_word' id='word_1_214' title='bbox 287 3084 357 3135; x_wconf 79' lang='lat' dir='ltr'>terra,</span> <span class='ocrx_word' id='word_1_215' title='bbox 369 3079 496 3138; x_wconf 80' lang='lat' dir='ltr'>Campania</span> <span class='ocrx_word' id='word_1_216' title='bbox 507 3083 577 3134; x_wconf 68' lang='lat' dir='ltr'>terra,</span> <span class='ocrx_word' id='word_1_217' title='bbox 590 3077 670 3135; x_wconf 80' lang='lat' dir='ltr'>Gallia</span> <span class='ocrx_word' id='word_1_218' title='bbox 702 3074 827 3138; x_wconf 78' lang='lat' dir='ltr'>egregium</span> <span class='ocrx_word' id='word_1_219' title='bbox 845 3074 921 3124; x_wconf 80' lang='lat' dir='ltr'>luisse</span> <span class='ocrx_word' id='word_1_220' title='bbox 932 3073 1105 3140; x_wconf 86' lang='lat' dir='ltr'>philosophum</span> <span class='ocrx_word' id='word_1_221' title='bbox 1117 3074 1242 3139; x_wconf 82' lang='lat' dir='ltr'>Empedo-</span> 
     </span>
     <span class='ocr_line' id='line_1_31' title="bbox 129 3139 1243 3206; baseline 0.001 -18"><span class='ocrx_word' id='word_1_222' title='bbox 129 3148 199 3199; x_wconf 80' lang='lat' dir='ltr'>terra,</span> <span class='ocrx_word' id='word_1_223' title='bbox 207 3141 272 3206; x_wconf 88' lang='lat' dir='ltr'>apud</span> <span class='ocrx_word' id='word_1_224' title='bbox 281 3151 376 3191; x_wconf 83' lang='lat' dir='ltr'>veteres</span> <span class='ocrx_word' id='word_1_225' title='bbox 385 3149 531 3190; x_wconf 68' lang='lat' dir='ltr'>occurant:</span> <span class='ocrx_word' id='word_1_226' title='bbox 546 3148 668 3199; x_wconf 80' lang='lat' dir='ltr'>terraram,</span> <span class='ocrx_word' id='word_1_227' title='bbox 701 3139 764 3188; x_wconf 85' lang='lat' dir='ltr'>clem</span> <span class='ocrx_word' id='word_1_228' title='bbox 784 3139 881 3199; x_wconf 85' lang='lat' dir='ltr'>latetur,</span> <span class='ocrx_word' id='word_1_229' title='bbox 904 3139 1039 3198; x_wconf 79' lang='lat' dir='ltr'>Heraclito,</span> <span class='ocrx_word' id='word_1_230' title='bbox 1060 3149 1086 3188; x_wconf 86' lang='lat' dir='ltr'>et</span> <span class='ocrx_word' id='word_1_231' title='bbox 1104 3139 1160 3189; x_wconf 84' lang='lat' dir='ltr'>aliis</span> <span class='ocrx_word' id='word_1_232' title='bbox 1181 3155 1243 3203; x_wconf 87' lang='lat' dir='ltr'>quos</span> 
     </span>
     <span class='ocr_line' id='line_1_32' title="bbox 127 3202 1243 3280; baseline -0.001 -27"><span class='ocrx_word' id='word_1_233' title='bbox 127 3205 197 3254; x_wconf 85' lang='lat' dir='ltr'>codd</span> <span class='ocrx_word' id='word_1_234' title='bbox 226 3206 326 3269; x_wconf 87' lang='lat' dir='ltr'>quidam</span> <span class='ocrx_word' id='word_1_235' title='bbox 347 3222 361 3256; x_wconf 91' lang='lat' dir='ltr'>e</span> <span class='ocrx_word' id='word_1_236' title='bbox 385 3206 459 3255; x_wconf 82' lang='lat' dir='ltr'><strong>MSS.</strong></span> <span class='ocrx_word' id='word_1_237' title='bbox 480 3205 549 3269; x_wconf 84' lang='lat' dir='ltr'>legit,</span> <span class='ocrx_word' id='word_1_238' title='bbox 575 3209 667 3264; x_wconf 78' lang='lat' dir='ltr'>AEoliae,</span> <span class='ocrx_word' id='word_1_239' title='bbox 699 3204 940 3280; x_wconf 78' lang='lat' dir='ltr'>supraret‘utaverat,</span> <span class='ocrx_word' id='word_1_240' title='bbox 949 3203 1064 3255; x_wconf 86' lang='lat' dir='ltr'>maximis</span> <span class='ocrx_word' id='word_1_241' title='bbox 1074 3202 1243 3261; x_wconf 74' lang='lat' dir='ltr'>hcetviriaet</span> 
     </span>
    </p>
   </div>
   <div class='ocr_carea' id='block_1_6' title="bbox 128 3268 1331 3334">
    <p class='ocr_par' dir='ltr' id='par_1_11' title="bbox 128 3268 1331 3334">
     <span class='ocr_line' id='line_1_33' title="bbox 128 3268 1331 3334; baseline 0.001 -16"><span class='ocrx_word' id='word_1_242' title='bbox 128 3285 157 3318; x_wconf 89' lang='lat' dir='ltr'>ea</span> <span class='ocrx_word' id='word_1_243' title='bbox 173 3271 247 3328; x_wconf 90' lang='lat' dir='ltr'>enim,</span> <span class='ocrx_word' id='word_1_244' title='bbox 259 3287 332 3334; x_wconf 88' lang='lat' dir='ltr'>quam</span> <span class='ocrx_word' id='word_1_245' title='bbox 348 3272 460 3320; x_wconf 85' lang='lat' dir='ltr'>Jocastes</span> <span class='ocrx_word' id='word_1_246' title='bbox 472 3269 538 3320; x_wconf 84' lang='lat' dir='ltr'>AEoli</span> <span class='ocrx_word' id='word_1_247' title='bbox 555 3270 620 3320; x_wconf 87' lang='lat' dir='ltr'>filius</span> <span class='ocrx_word' id='word_1_248' title='bbox 637 3271 668 3319; x_wconf 91' lang='lat' dir='ltr'>ad</span> <span class='ocrx_word' id='word_1_249' title='bbox 700 3271 789 3332; x_wconf 84' lang='lat' dir='ltr'>qubus</span> <span class='ocrx_word' id='word_1_250' title='bbox 797 3269 875 3318; x_wconf 88' lang='lat' dir='ltr'>tutius</span> <span class='ocrx_word' id='word_1_251' title='bbox 883 3269 1010 3332; x_wconf 86' lang='lat' dir='ltr'>quamulli</span> <span class='ocrx_word' id='word_1_252' title='bbox 1022 3270 1131 3317; x_wconf 87' lang='lat' dir='ltr'>Deorum</span> <span class='ocrx_word' id='word_1_253' title='bbox 1144 3268 1242 3319; x_wconf 87' lang='lat' dir='ltr'>oraculo</span> <span class='ocrx_word' id='word_1_254' title='bbox 1329 3275 1331 3279; x_wconf 84' lang='lat'>&#39;</span> 
     </span>
    </p>
   </div>
   <div class='ocr_carea' id='block_1_7' title="bbox 125 3332 1244 4369">
    <p class='ocr_par' dir='ltr' id='par_1_12' title="bbox 125 3332 1244 4369">
     <span class='ocr_line' id='line_1_34' title="bbox 127 3332 1242 3398; baseline 0 -15"><span class='ocrx_word' id='word_1_255' title='bbox 127 3335 219 3383; x_wconf 85' lang='lat' dir='ltr'>fretum</span> <span class='ocrx_word' id='word_1_256' title='bbox 240 3336 350 3384; x_wconf 89' lang='lat' dir='ltr'>Siculum</span> <span class='ocrx_word' id='word_1_257' title='bbox 371 3335 504 3394; x_wconf 80' lang='lat' dir='ltr'>habitabat,</span> <span class='ocrx_word' id='word_1_258' title='bbox 527 3350 585 3398; x_wconf 87' lang='lat' dir='ltr'>pars</span> <span class='ocrx_word' id='word_1_259' title='bbox 608 3335 667 3384; x_wconf 90' lang='lat' dir='ltr'>olim</span> <span class='ocrx_word' id='word_1_260' title='bbox 700 3334 837 3392; x_wconf 79' lang='lat' dir='ltr'>credamus,</span> <span class='ocrx_word' id='word_1_261' title='bbox 847 3337 980 3396; x_wconf 71' lang='lat' dir='ltr'>maioremt</span> <span class='ocrx_word' id='word_1_262' title='bbox 998 3334 1064 3382; x_wconf 89' lang='lat' dir='ltr'>hunc</span> <span class='ocrx_word' id='word_1_263' title='bbox 1076 3341 1158 3381; x_wconf 67' lang='lat' dir='ltr'>amen</span> <span class='ocrx_word' id='word_1_264' title='bbox 1172 3332 1242 3396; x_wconf 84' lang='lat' dir='ltr'>prin·</span> 
     </span>
     <span class='ocr_line' id='line_1_35' title="bbox 128 3397 1242 3472; baseline -0.002 -24"><span class='ocrx_word' id='word_1_265' title='bbox 128 3399 194 3448; x_wconf 86' lang='lat' dir='ltr'>dicta</span> <span class='ocrx_word' id='word_1_266' title='bbox 206 3409 245 3448; x_wconf 85' lang='lat' dir='ltr'>est</span> <span class='ocrx_word' id='word_1_267' title='bbox 254 3403 341 3448; x_wconf 79' lang='lat' dir='ltr'>AEals&#39;a</span> <span class='ocrx_word' id='word_1_268' title='bbox 701 3397 767 3462; x_wconf 90' lang='lat' dir='ltr'>cipia</span> <span class='ocrx_word' id='word_1_269' title='bbox 774 3413 858 3447; x_wconf 84' lang='lat' dir='ltr'>rerum</span> <span class='ocrx_word' id='word_1_270' title='bbox 867 3413 917 3446; x_wconf 89' lang='lat' dir='ltr'>non</span> <span class='ocrx_word' id='word_1_271' title='bbox 925 3407 993 3446; x_wconf 82' lang='lat' dir='ltr'>recte</span> <span class='ocrx_word' id='word_1_272' title='bbox 1003 3397 1117 3447; x_wconf 80' lang='lat' dir='ltr'>statuisse</span> <span class='ocrx_word' id='word_1_273' title='bbox 1129 3397 1242 3472; x_wconf 78' lang='lat' dir='ltr'>plurimis</span> 
     </span>
     <span class='ocr_line' id='line_1_36' title="bbox 162 3461 1191 3526; baseline -0.003 -13"><span class='ocrx_word' id='word_1_274' title='bbox 162 3464 217 3514; x_wconf 81' lang='grc'><strong>725.</strong></span> <span class='ocrx_word' id='word_1_275' title='bbox 238 3463 354 3526; x_wconf 80' lang='lat' dir='ltr'>Eraptoa]</span> <span class='ocrx_word' id='word_1_276' title='bbox 377 3462 417 3512; x_wconf 83' lang='lat' dir='ltr'>Sic</span> <span class='ocrx_word' id='word_1_277' title='bbox 434 3462 562 3526; x_wconf 86' lang='lat' dir='ltr'>Virgilius,</span> <span class='ocrx_word' id='word_1_278' title='bbox 582 3466 671 3524; x_wconf 80' lang='lat' dir='ltr'>Erapti</span> <span class='ocrx_word' id='word_1_279' title='bbox 703 3462 854 3524; x_wconf 58' lang='lat' dir='ltr'>mwmentis</span> <span class='ocrx_word' id='word_1_280' title='bbox 864 3462 1031 3512; x_wconf 87' lang='lat' dir='ltr'>demonstrare</span> <span class='ocrx_word' id='word_1_281' title='bbox 1043 3461 1191 3526; x_wconf 76' lang='lat' dir='ltr'>aggreditur.</span> 
     </span>
     <span class='ocr_line' id='line_1_37' title="bbox 128 3525 1242 3602; baseline 0 -26"><span class='ocrx_word' id='word_1_282' title='bbox 128 3531 312 3591; x_wconf 79' lang='lat' dir='ltr'>nabibaslgaas.</span> <span class='ocrx_word' id='word_1_283' title='bbox 339 3532 469 3589; x_wconf 81' lang='lat' dir='ltr'>Praraptas</span> <span class='ocrx_word' id='word_1_284' title='bbox 480 3530 659 3588; x_wconf 65' lang='lat' dir='ltr'>massada.</span> <span class='ocrx_word' id='word_1_285' title='bbox 737 3527 792 3577; x_wconf 87' lang='grc'><strong>736.</strong></span> <span class='ocrx_word' id='word_1_286' title='bbox 812 3529 925 3576; x_wconf 75' lang='lat' dir='ltr'>Partibus</span> <span class='ocrx_word' id='word_1_287' title='bbox 942 3530 1033 3590; x_wconf 78' lang='lat' dir='ltr'>egregie</span> <span class='ocrx_word' id='word_1_288' title='bbox 1049 3525 1141 3602; x_wconf 62' lang='lat' dir='ltr'>adia]</span> <span class='ocrx_word' id='word_1_289' title='bbox 1161 3530 1242 3587; x_wconf 71' lang='lat' dir='ltr'>Valde,</span> 
     </span>
     <span class='ocr_line' id='line_1_38' title="bbox 162 3591 1241 3656; baseline 0 -14"><span class='ocrx_word' id='word_1_290' title='bbox 162 3594 217 3644; x_wconf 87' lang='grc'><strong>726.</strong></span> <span class='ocrx_word' id='word_1_291' title='bbox 234 3591 348 3656; x_wconf 78' lang='lat' dir='ltr'>Rursum]</span> <span class='ocrx_word' id='word_1_292' title='bbox 360 3591 421 3651; x_wconf 83' lang='lat' dir='ltr'>Alii,</span> <span class='ocrx_word' id='word_1_293' title='bbox 431 3608 528 3640; x_wconf 77' lang='lat' dir='ltr'>sarsana</span> <span class='ocrx_word' id='word_1_294' title='bbox 703 3594 810 3653; x_wconf 81' lang='lat' dir='ltr'>impense,</span> <span class='ocrx_word' id='word_1_295' title='bbox 819 3600 862 3641; x_wconf 83' lang='lat' dir='ltr'>etc.</span> <span class='ocrx_word' id='word_1_296' title='bbox 875 3592 971 3641; x_wconf 84' lang='lat' dir='ltr'>Rhetor</span> <span class='ocrx_word' id='word_1_297' title='bbox 981 3593 1012 3643; x_wconf 85' lang='lat' dir='ltr'>ad</span> <span class='ocrx_word' id='word_1_298' title='bbox 1024 3593 1187 3651; x_wconf 82' lang='lat' dir='ltr'>Herennium,</span> <span class='ocrx_word' id='word_1_299' title='bbox 1199 3592 1241 3643; x_wconf 92' lang='lat' dir='ltr'>lib.</span> 
     </span>
     <span class='ocr_line' id='line_1_39' title="bbox 161 3655 1243 3721; baseline -0.001 -13"><span class='ocrx_word' id='word_1_300' title='bbox 161 3658 217 3710; x_wconf 82' lang='lat'>729.</span> <span class='ocrx_word' id='word_1_301' title='bbox 234 3661 312 3707; x_wconf 81' lang='lat' dir='ltr'>Rebas</span> <span class='ocrx_word' id='word_1_302' title='bbox 329 3661 404 3720; x_wconf 80' lang='lat' dir='ltr'>opima</span> <span class='ocrx_word' id='word_1_303' title='bbox 421 3660 491 3715; x_wconf 80' lang='lat' dir='ltr'>banis,</span> <span class='ocrx_word' id='word_1_304' title='bbox 506 3655 563 3719; x_wconf 79' lang='lat' dir='ltr'>eta]</span> <span class='ocrx_word' id='word_1_305' title='bbox 581 3656 670 3706; x_wconf 88' lang='lat' dir='ltr'>Multis</span> <span class='ocrx_word' id='word_1_306' title='bbox 704 3656 757 3704; x_wconf 89' lang='lat'>111.</span> <span class='ocrx_word' id='word_1_307' title='bbox 785 3659 1048 3721; x_wconf 74' lang='lat' dir='ltr'>Nacegragietaagaaat</span> <span class='ocrx_word' id='word_1_308' title='bbox 1058 3674 1106 3708; x_wconf 77' lang='lat' dir='ltr'>cass</span> <span class='ocrx_word' id='word_1_309' title='bbox 1116 3661 1243 3707; x_wconf 68' lang='lat' dir='ltr'>utilitatem</span> 
     </span>
     <span class='ocr_line' id='line_1_40' title="bbox 126 3720 1241 3797; baseline -0.001 -25"><span class='ocrx_word' id='word_1_310' title='bbox 126 3724 199 3772; x_wconf 74' lang='lat' dir='ltr'>codd.</span> <span class='ocrx_word' id='word_1_311' title='bbox 216 3723 258 3772; x_wconf 92' lang='lat' dir='ltr'>hic</span> <span class='ocrx_word' id='word_1_312' title='bbox 278 3739 365 3772; x_wconf 80' lang='lat' dir='ltr'>versus</span> <span class='ocrx_word' id='word_1_313' title='bbox 386 3720 553 3778; x_wconf 62' lang='lat' dir='ltr'>desideratum</span> <span class='ocrx_word' id='word_1_314' title='bbox 582 3724 668 3797; x_wconf 75' lang='lat' dir='ltr'>Fapas.</span> <span class='ocrx_word' id='word_1_315' title='bbox 702 3724 813 3770; x_wconf 75' lang='lat' dir='ltr'>audacter</span> <span class='ocrx_word' id='word_1_316' title='bbox 827 3726 1042 3784; x_wconf 77' lang='lat' dir='ltr'>prmasttaaerasa</span> <span class='ocrx_word' id='word_1_317' title='bbox 1076 3722 1153 3772; x_wconf 87' lang='lat' dir='ltr'>Paulo</span> <span class='ocrx_word' id='word_1_318' title='bbox 1172 3732 1241 3786; x_wconf 76' lang='lat' dir='ltr'>post3</span> 
     </span>
     <span class='ocr_line' id='line_1_41' title="bbox 129 3787 1243 3851; baseline -0.002 -13"><span class='ocrx_word' id='word_1_319' title='bbox 129 3789 231 3838; x_wconf 84' lang='lat' dir='ltr'>lllevia.</span> <span class='ocrx_word' id='word_1_320' title='bbox 243 3803 345 3838; x_wconf 74' lang='lat' dir='ltr'>summa</span> <span class='ocrx_word' id='word_1_321' title='bbox 358 3787 487 3836; x_wconf 75' lang='lat' dir='ltr'>indrastrioe</span> <span class='ocrx_word' id='word_1_322' title='bbox 503 3796 529 3835; x_wconf 90' lang='lat' dir='ltr'>et</span> <span class='ocrx_word' id='word_1_323' title='bbox 543 3802 668 3851; x_wconf 81' lang='lat' dir='ltr'>perspica-</span> <span class='ocrx_word' id='word_1_324' title='bbox 702 3790 736 3835; x_wconf 88' lang='lat' dir='ltr'>At</span> <span class='ocrx_word' id='word_1_325' title='bbox 753 3789 775 3835; x_wconf 72' lang='grc' dir='ltr'>η’</span> <span class='ocrx_word' id='word_1_326' title='bbox 792 3790 849 3849; x_wconf 82' lang='lat' dir='ltr'>qaid</span> <span class='ocrx_word' id='word_1_327' title='bbox 865 3790 1007 3838; x_wconf 72' lang='lat' dir='ltr'>adsumet</span> <span class='ocrx_word' id='word_1_328' title='bbox 1026 3790 1132 3836; x_wconf 76' lang='lat' dir='ltr'>aads&#39;m</span> <span class='ocrx_word' id='word_1_329' title='bbox 1150 3791 1243 3851; x_wconf 77' lang='lat' dir='ltr'>egregia</span> 
     </span>
     <span class='ocr_line' id='line_1_42' title="bbox 125 3851 1244 3916; baseline -0.002 -14"><span class='ocrx_word' id='word_1_330' title='bbox 125 3854 208 3904; x_wconf 75' lang='lat' dir='ltr'>altaha</span> <span class='ocrx_word' id='word_1_331' title='bbox 225 3852 263 3903; x_wconf 84' lang='lat' dir='ltr'>vir</span> <span class='ocrx_word' id='word_1_332' title='bbox 282 3853 373 3904; x_wconf 86' lang='lat' dir='ltr'>multos</span> <span class='ocrx_word' id='word_1_333' title='bbox 393 3851 486 3902; x_wconf 84' lang='lat' dir='ltr'>evolvit</span> <span class='ocrx_word' id='word_1_334' title='bbox 505 3852 589 3911; x_wconf 89' lang='lat' dir='ltr'>libros,</span> <span class='ocrx_word' id='word_1_335' title='bbox 609 3867 670 3915; x_wconf 82' lang='lat' dir='ltr'>quos</span> <span class='ocrx_word' id='word_1_336' title='bbox 702 3859 769 3914; x_wconf 77' lang='lat' dir='ltr'>turpe</span> <span class='ocrx_word' id='word_1_337' title='bbox 797 3860 839 3901; x_wconf 83' lang='lat' dir='ltr'>aat</span> <span class='ocrx_word' id='word_1_338' title='bbox 867 3855 991 3902; x_wconf 63' lang='lat' dir='ltr'>boantum.</span> <span class='ocrx_word' id='word_1_339' title='bbox 1032 3852 1119 3916; x_wconf 83' lang='lat' dir='ltr'>ltaque</span> <span class='ocrx_word' id='word_1_340' title='bbox 1151 3855 1244 3916; x_wconf 74' lang='lat' dir='ltr'>egregie</span> 
     </span>
     <span class='ocr_line' id='line_1_43' title="bbox 125 3916 1243 3982; baseline -0.004 -14"><span class='ocrx_word' id='word_1_341' title='bbox 125 3934 207 3982; x_wconf 86' lang='lat' dir='ltr'>neque</span> <span class='ocrx_word' id='word_1_342' title='bbox 216 3918 358 3977; x_wconf 83' lang='lat' dir='ltr'>Lambinus,</span> <span class='ocrx_word' id='word_1_343' title='bbox 368 3933 449 3981; x_wconf 87' lang='lat' dir='ltr'>neque</span> <span class='ocrx_word' id='word_1_344' title='bbox 460 3917 580 3976; x_wconf 82' lang='lat' dir='ltr'>Giianius,</span> <span class='ocrx_word' id='word_1_345' title='bbox 589 3932 670 3980; x_wconf 89' lang='lat' dir='ltr'>neque</span> <span class='ocrx_word' id='word_1_346' title='bbox 702 3923 769 3979; x_wconf 80' lang='lat' dir='ltr'>turpe</span> <span class='ocrx_word' id='word_1_347' title='bbox 777 3916 843 3966; x_wconf 89' lang='lat' dir='ltr'>idem</span> <span class='ocrx_word' id='word_1_348' title='bbox 854 3916 930 3966; x_wconf 74' lang='lat' dir='ltr'>ferme</span> <span class='ocrx_word' id='word_1_349' title='bbox 941 3917 1016 3966; x_wconf 84' lang='lat' dir='ltr'>fuerit</span> <span class='ocrx_word' id='word_1_350' title='bbox 1026 3917 1091 3980; x_wconf 82' lang='lat' dir='ltr'>quod</span> <span class='ocrx_word' id='word_1_351' title='bbox 1101 3916 1175 3981; x_wconf 87' lang='lat' dir='ltr'>paulo</span> <span class='ocrx_word' id='word_1_352' title='bbox 1186 3927 1243 3980; x_wconf 85' lang='lat' dir='ltr'>past</span> 
     </span>
     <span class='ocr_line' id='line_1_44' title="bbox 126 3981 1197 4043; baseline -0.001 -11"><span class='ocrx_word' id='word_1_353' title='bbox 126 3983 303 4033; x_wconf 82' lang='lat' dir='ltr'>aliividernnt.</span> <span class='ocrx_word' id='word_1_354' title='bbox 702 3981 1084 4043; x_wconf 79' lang='lat' dir='ltr'>anicamtarpitads&#39;aaavocavit</span> <span class='ocrx_word' id='word_1_355' title='bbox 1113 3984 1197 4031; x_wconf 81' lang='lat' dir='ltr'>Faber.</span> 
     </span>
     <span class='ocr_line' id='line_1_45' title="bbox 160 4044 1240 4111; baseline -0.006 -12"><span class='ocrx_word' id='word_1_356' title='bbox 160 4049 216 4101; x_wconf 85' lang='grc'><strong>731.</strong></span> <span class='ocrx_word' id='word_1_357' title='bbox 247 4046 387 4111; x_wconf 65' lang='lat' dir='ltr'>canaque]</span> <span class='ocrx_word' id='word_1_358' title='bbox 414 4046 497 4096; x_wconf 83' lang='lat' dir='ltr'>Pluris</span> <span class='ocrx_word' id='word_1_359' title='bbox 523 4045 669 4105; x_wconf 85' lang='lat' dir='ltr'>iaciendum,</span> <span class='ocrx_word' id='word_1_360' title='bbox 735 4046 791 4098; x_wconf 75' lang='grc'><strong>743.</strong></span> <span class='ocrx_word' id='word_1_361' title='bbox 812 4049 924 4105; x_wconf 69' lang='lat' dir='ltr'>Primam,</span> <span class='ocrx_word' id='word_1_362' title='bbox 940 4049 1000 4110; x_wconf 86' lang='lat' dir='ltr'>qaod</span> <span class='ocrx_word' id='word_1_363' title='bbox 1015 4055 1095 4105; x_wconf 81' lang='lat' dir='ltr'>motas,</span> <span class='ocrx_word' id='word_1_364' title='bbox 1112 4044 1170 4107; x_wconf 77' lang='lat' dir='ltr'>eta]</span> <span class='ocrx_word' id='word_1_365' title='bbox 1187 4045 1240 4107; x_wconf 79' lang='lat' dir='ltr'>Ag-</span> 
     </span>
     <span class='ocr_line' id='line_1_46' title="bbox 128 4108 1243 4176; baseline -0.005 -14"><span class='ocrx_word' id='word_1_366' title='bbox 128 4113 286 4176; x_wconf 62' lang='grc' dir='ltr'>τιμιώτερον.</span> <span class='ocrx_word' id='word_1_367' title='bbox 310 4117 441 4175; x_wconf 60' lang='lat' dir='ltr'>carumque</span> <span class='ocrx_word' id='word_1_368' title='bbox 459 4110 503 4160; x_wconf 88' lang='lat' dir='ltr'>alii</span> <span class='ocrx_word' id='word_1_369' title='bbox 524 4111 617 4175; x_wconf 85' lang='lat' dir='ltr'>legunt,</span> <span class='ocrx_word' id='word_1_370' title='bbox 646 4120 672 4159; x_wconf 89' lang='lat' dir='ltr'>et</span> <span class='ocrx_word' id='word_1_371' title='bbox 701 4110 813 4174; x_wconf 87' lang='lat' dir='ltr'>greditur</span> <span class='ocrx_word' id='word_1_372' title='bbox 822 4111 994 4165; x_wconf 80' lang='lat' dir='ltr'>refutationem</span> <span class='ocrx_word' id='word_1_373' title='bbox 1007 4111 1096 4175; x_wconf 88' lang='lat' dir='ltr'>primo,</span> <span class='ocrx_word' id='word_1_374' title='bbox 1107 4126 1130 4159; x_wconf 80' lang='lat' dir='ltr'>v.</span> <span class='ocrx_word' id='word_1_375' title='bbox 1142 4112 1165 4158; x_wconf 72' lang='lat' dir='ltr'>t.</span> <span class='ocrx_word' id='word_1_376' title='bbox 1178 4108 1243 4170; x_wconf 91' lang='lat' dir='ltr'>quod</span> 
     </span>
     <span class='ocr_line' id='line_1_47' title="bbox 144 4171 1242 4242; baseline -0.007 -15"><span class='ocrx_word' id='word_1_377' title='bbox 144 4180 215 4227; x_wconf 86' lang='lat' dir='ltr'>robat</span> <span class='ocrx_word' id='word_1_378' title='bbox 226 4179 313 4237; x_wconf 74' lang='lat' dir='ltr'>Faber,</span> <span class='ocrx_word' id='word_1_379' title='bbox 325 4177 395 4242; x_wconf 85' lang='lat' dir='ltr'>quasi</span> <span class='ocrx_word' id='word_1_380' title='bbox 412 4176 543 4226; x_wconf 86' lang='lat' dir='ltr'>Lucretius</span> <span class='ocrx_word' id='word_1_381' title='bbox 559 4175 668 4233; x_wconf 84' lang='lat' dir='ltr'>dixisset,</span> <span class='ocrx_word' id='word_1_382' title='bbox 702 4185 753 4224; x_wconf 90' lang='lat' dir='ltr'>tam</span> <span class='ocrx_word' id='word_1_383' title='bbox 764 4176 934 4240; x_wconf 87' lang='lat' dir='ltr'>Empedocles,</span> <span class='ocrx_word' id='word_1_384' title='bbox 947 4191 1019 4239; x_wconf 84' lang='lat' dir='ltr'>quarn</span> <span class='ocrx_word' id='word_1_385' title='bbox 1035 4174 1118 4224; x_wconf 81' lang='lat' dir='ltr'>coeteri</span> <span class='ocrx_word' id='word_1_386' title='bbox 1133 4171 1242 4236; x_wconf 84' lang='lat' dir='ltr'>plurium</span> 
     </span>
     <span class='ocr_line' id='line_1_48' title="bbox 125 4193 1242 4306; baseline -0.004 -18"><span class='ocrx_word' id='word_1_387' title='bbox 125 4193 199 4291; x_wconf 65' lang='lat' dir='ltr'>bibit</span> <span class='ocrx_word' id='word_1_388' title='bbox 216 4243 303 4293; x_wconf 83' lang='lat' dir='ltr'>habuit</span> <span class='ocrx_word' id='word_1_389' title='bbox 319 4245 466 4306; x_wconf 60' lang='lat' dir='ltr'>macarias,</span> <span class='ocrx_word' id='word_1_390' title='bbox 484 4250 511 4291; x_wconf 89' lang='lat' dir='ltr'>et</span> <span class='ocrx_word' id='word_1_391' title='bbox 529 4244 603 4304; x_wconf 75' lang='lat' dir='ltr'>magis</span> <span class='ocrx_word' id='word_1_392' title='bbox 622 4243 670 4291; x_wconf 82' lang='lat' dir='ltr'>cla-</span> <span class='ocrx_word' id='word_1_393' title='bbox 703 4240 888 4291; x_wconf 85' lang='lat' dir='ltr'>Elementorum</span> <span class='ocrx_word' id='word_1_394' title='bbox 900 4250 1032 4290; x_wconf 84' lang='lat' dir='ltr'>assertores</span> <span class='ocrx_word' id='word_1_395' title='bbox 1043 4243 1117 4288; x_wconf 75' lang='lat' dir='ltr'>Isana</span> <span class='ocrx_word' id='word_1_396' title='bbox 1130 4236 1242 4301; x_wconf 82' lang='lat' dir='ltr'>perinde,</span> 
     </span>
     <span class='ocr_line' id='line_1_49' title="bbox 128 4304 1242 4369; baseline -0.009 -10"><span class='ocrx_word' id='word_1_397' title='bbox 128 4321 186 4354; x_wconf 74' lang='lat' dir='ltr'>rum·</span> <span class='ocrx_word' id='word_1_398' title='bbox 702 4304 1143 4369; x_wconf 65' lang='lat' dir='ltr'>aasuperiorssrejatansetmotum</span> <span class='ocrx_word' id='word_1_399' title='bbox 1151 4309 1242 4358; x_wconf 70' lang='lat' dir='ltr'>umen,</span> 
     </span>
    </p>
   </div>
   <div class='ocr_carea' id='block_1_8' title="bbox 0 0 1440 4852">
    <p class='ocr_par' dir='ltr' id='par_1_13' title="bbox 0 0 1440 4852">
     <span class='ocr_line' id='line_1_50' title="bbox 0 0 1440 4852; baseline 0 0"><span class='ocrx_word' id='word_1_400' title='bbox 0 0 1440 4852; x_wconf 95' lang='lat' dir='ltr'> </span> 
     </span>
    </p>
   </div>
  </div>
 </body>
</html>
