<?xml version="1.0" encoding="UTF-8"?>
<!DOCTYPE html PUBLIC "-//W3C//DTD XHTML 1.0 Transitional//EN"
    "http://www.w3.org/TR/xhtml1/DTD/xhtml1-transitional.dtd">
<html xmlns="http://www.w3.org/1999/xhtml" xml:lang="en" lang="en">
 <head>
  <title>
</title>
<meta http-equiv="Content-Type" content="text/html;charset=utf-8" />
  <meta name='ocr-system' content='tesseract 3.04.00' />
  <meta name='ocr-capabilities' content='ocr_page ocr_carea ocr_par ocr_line ocrx_word'/>
</head>
<body>
  <div class='ocr_page' id='page_1' title='image "./titilucretiicar04carugoog_0279.png"; bbox 0 0 2872 4852; ppageno 0'>
   <div class='ocr_carea' id='block_1_1' title="bbox 456 222 1242 299">
    <p class='ocr_par' dir='ltr' id='par_1_1' title="bbox 456 222 1242 299">
     <span class='ocr_line' id='line_1_1' title="bbox 456 222 1242 299; baseline 0.001 -9"><span class='ocrx_word' id='word_1_1' title='bbox 456 224 628 291; x_wconf 84' lang='lat' dir='ltr'>LIBER</span> <span class='ocrx_word' id='word_1_2' title='bbox 657 222 920 299; x_wconf 84' lang='lat' dir='ltr'>QUINTUS.</span> <span class='ocrx_word' id='word_1_3' title='bbox 1177 225 1242 292; x_wconf 72' lang='lat'>255</span> 
     </span>
    </p>
   </div>
   <div class='ocr_carea' id='block_1_2' title="bbox 154 380 1243 3214">
    <p class='ocr_par' dir='ltr' id='par_1_2' title="bbox 154 380 1243 3214">
     <span class='ocr_line' id='line_1_2' title="bbox 223 380 1144 467; baseline -0.002 -21"><span class='ocrx_word' id='word_1_4' title='bbox 223 382 404 467; x_wconf 80' lang='lat' dir='ltr'>Propterea</span> <span class='ocrx_word' id='word_1_5' title='bbox 419 383 509 466; x_wconf 92' lang='lat' dir='ltr'>quod</span> <span class='ocrx_word' id='word_1_6' title='bbox 524 393 618 446; x_wconf 87' lang='lat' dir='ltr'>erant</span> <span class='ocrx_word' id='word_1_7' title='bbox 633 383 754 466; x_wconf 87' lang='lat' dir='ltr'>gravia,</span> <span class='ocrx_word' id='word_1_8' title='bbox 771 391 805 445; x_wconf 91' lang='lat' dir='ltr'>et</span> <span class='ocrx_word' id='word_1_9' title='bbox 818 380 986 465; x_wconf 87' lang='lat' dir='ltr'>perplexa,</span> <span class='ocrx_word' id='word_1_10' title='bbox 1004 382 1144 458; x_wconf 84' lang='lat' dir='ltr'>coibant,</span> 
     </span>
     <span class='ocr_line' id='line_1_3' title="bbox 185 482 979 568; baseline -0.003 -20"><span class='ocrx_word' id='word_1_11' title='bbox 185 524 187 529; x_wconf 34' lang='lat'><strong>¹</strong></span> <span class='ocrx_word' id='word_1_12' title='bbox 222 482 263 547; x_wconf 91' lang='lat' dir='ltr'>In</span> <span class='ocrx_word' id='word_1_13' title='bbox 276 484 447 568; x_wconf 91' lang='lat' dir='ltr'>medioque</span> <span class='ocrx_word' id='word_1_14' title='bbox 461 484 540 546; x_wconf 87' lang='lat' dir='ltr'>imas</span> <span class='ocrx_word' id='word_1_15' title='bbox 557 484 729 567; x_wconf 85' lang='lat' dir='ltr'>capiebant</span> <span class='ocrx_word' id='word_1_16' title='bbox 744 485 850 549; x_wconf 88' lang='lat' dir='ltr'>omnia</span> <span class='ocrx_word' id='word_1_17' title='bbox 866 484 979 547; x_wconf 88' lang='lat' dir='ltr'>sedes:</span> 
     </span>
     <span class='ocr_line' id='line_1_4' title="bbox 223 584 1042 670; baseline -0.004 -21"><span class='ocrx_word' id='word_1_18' title='bbox 223 585 308 659; x_wconf 86' lang='lat' dir='ltr'>Quae</span> <span class='ocrx_word' id='word_1_19' title='bbox 321 596 443 670; x_wconf 92' lang='lat' dir='ltr'>quanto</span> <span class='ocrx_word' id='word_1_20' title='bbox 458 585 560 669; x_wconf 85' lang='lat' dir='ltr'>magis</span> <span class='ocrx_word' id='word_1_21' title='bbox 576 585 661 649; x_wconf 90' lang='lat' dir='ltr'>inter</span> <span class='ocrx_word' id='word_1_22' title='bbox 677 607 711 649; x_wconf 90' lang='lat' dir='ltr'>se</span> <span class='ocrx_word' id='word_1_23' title='bbox 726 584 885 670; x_wconf 84' lang='lat' dir='ltr'>perplexa</span> <span class='ocrx_word' id='word_1_24' title='bbox 900 584 1042 659; x_wconf 85' lang='lat' dir='ltr'><strong>coibant,</strong></span> 
     </span>
     <span class='ocr_line' id='line_1_5' title="bbox 222 684 1192 772; baseline -0.002 -22"><span class='ocrx_word' id='word_1_25' title='bbox 222 686 306 752; x_wconf 88' lang='lat' dir='ltr'>Tam</span> <span class='ocrx_word' id='word_1_26' title='bbox 321 689 422 772; x_wconf 86' lang='lat' dir='ltr'>magis</span> <span class='ocrx_word' id='word_1_27' title='bbox 437 709 629 770; x_wconf 84' lang='lat' dir='ltr'>expressere</span> <span class='ocrx_word' id='word_1_28' title='bbox 645 709 695 765; x_wconf 93' lang='lat' dir='ltr'>ea,</span> <span class='ocrx_word' id='word_1_29' title='bbox 712 710 786 771; x_wconf 87' lang='lat' dir='ltr'>quae</span> <span class='ocrx_word' id='word_1_30' title='bbox 802 686 908 763; x_wconf 92' lang='lat' dir='ltr'>Mare,</span> <span class='ocrx_word' id='word_1_31' title='bbox 927 686 1054 763; x_wconf 89' lang='lat' dir='ltr'>Sidera,</span> <span class='ocrx_word' id='word_1_32' title='bbox 1072 684 1192 762; x_wconf 89' lang='lat' dir='ltr'>Solem,</span> 
     </span>
     <span class='ocr_line' id='line_1_6' title="bbox 157 776 1203 874; baseline 0.005 -29"><span class='ocrx_word' id='word_1_33' title='bbox 157 799 205 846; x_wconf 80' lang='lat'>455</span> <span class='ocrx_word' id='word_1_34' title='bbox 224 788 417 873; x_wconf 83' lang='lat' dir='ltr'>Lunamque</span> <span class='ocrx_word' id='word_1_35' title='bbox 433 789 610 867; x_wconf 87' lang='lat' dir='ltr'>efficerent,</span> <span class='ocrx_word' id='word_1_36' title='bbox 626 800 660 854; x_wconf 90' lang='lat' dir='ltr'>et</span> <span class='ocrx_word' id='word_1_37' title='bbox 674 789 783 874; x_wconf 84' lang='lat' dir='ltr'>magni</span> <span class='ocrx_word' id='word_1_38' title='bbox 796 789 915 852; x_wconf 87' lang='lat' dir='ltr'>moenia</span> <span class='ocrx_word' id='word_1_39' title='bbox 930 787 1061 851; x_wconf 89' lang='lat' dir='ltr'>Mundi.</span> <span class='ocrx_word' id='word_1_40' title='bbox 1200 776 1203 780; x_wconf 49' lang='grc'>’</span> 
     </span>
     <span class='ocr_line' id='line_1_7' title="bbox 220 889 1104 975; baseline 0 -21"><span class='ocrx_word' id='word_1_41' title='bbox 220 891 341 955; x_wconf 87' lang='lat' dir='ltr'>Omnia</span> <span class='ocrx_word' id='word_1_42' title='bbox 355 891 440 956; x_wconf 90' lang='lat' dir='ltr'>enim</span> <span class='ocrx_word' id='word_1_43' title='bbox 454 891 557 975; x_wconf 85' lang='lat' dir='ltr'>magis</span> <span class='ocrx_word' id='word_1_44' title='bbox 571 890 643 955; x_wconf 85' lang='lat' dir='ltr'>haec</span> <span class='ocrx_word' id='word_1_45' title='bbox 658 913 676 954; x_wconf 95' lang='lat' dir='ltr'>e</span> <span class='ocrx_word' id='word_1_46' title='bbox 691 889 826 955; x_wconf 89' lang='lat' dir='ltr'>laevibus</span> <span class='ocrx_word' id='word_1_47' title='bbox 842 901 939 974; x_wconf 87' lang='lat' dir='ltr'>atque</span> <span class='ocrx_word' id='word_1_48' title='bbox 955 891 1104 954; x_wconf 88' lang='lat' dir='ltr'>rotundis</span> 
     </span>
     <span class='ocr_line' id='line_1_8' title="bbox 221 991 1083 1077; baseline -0.001 -21"><span class='ocrx_word' id='word_1_49' title='bbox 221 992 417 1070; x_wconf 87' lang='lat' dir='ltr'>Seminibus,</span> <span class='ocrx_word' id='word_1_50' title='bbox 433 993 600 1077; x_wconf 89' lang='lat' dir='ltr'>multoque</span> <span class='ocrx_word' id='word_1_51' title='bbox 615 992 785 1057; x_wconf 86' lang='lat' dir='ltr'>minoribu’</span> <span class='ocrx_word' id='word_1_52' title='bbox 801 1002 877 1056; x_wconf 89' lang='lat' dir='ltr'>sunt</span> <span class='ocrx_word' id='word_1_53' title='bbox 892 991 1083 1066; x_wconf 89' lang='lat' dir='ltr'>Elementis,</span> 
     </span>
     <span class='ocr_line' id='line_1_9' title="bbox 221 1093 1028 1178; baseline -0.002 -20"><span class='ocrx_word' id='word_1_54' title='bbox 221 1094 331 1167; x_wconf 82' lang='lat' dir='ltr'>Quam</span> <span class='ocrx_word' id='word_1_55' title='bbox 346 1094 481 1158; x_wconf 86' lang='lat' dir='ltr'>Tellus:</span> <span class='ocrx_word' id='word_1_56' title='bbox 507 1095 580 1157; x_wconf 91' lang='lat' dir='ltr'>ideo</span> <span class='ocrx_word' id='word_1_57' title='bbox 596 1116 744 1178; x_wconf 89' lang='lat' dir='ltr'>perrara</span> <span class='ocrx_word' id='word_1_58' title='bbox 760 1093 916 1156; x_wconf 89' lang='lat' dir='ltr'>foramina</span> <span class='ocrx_word' id='word_1_59' title='bbox 931 1103 1028 1156; x_wconf 90' lang='lat' dir='ltr'>terrae</span> 
     </span>
     <span class='ocr_line' id='line_1_10' title="bbox 221 1192 1037 1278; baseline 0 -21"><span class='ocrx_word' id='word_1_60' title='bbox 221 1195 564 1278; x_wconf 90' lang='lat' dir='ltr'>Partibus-erumpens</span> <span class='ocrx_word' id='word_1_61' title='bbox 578 1195 701 1278; x_wconf 89' lang='lat' dir='ltr'>primus</span> <span class='ocrx_word' id='word_1_62' title='bbox 717 1217 752 1259; x_wconf 93' lang='lat' dir='ltr'>se</span> <span class='ocrx_word' id='word_1_63' title='bbox 769 1192 900 1258; x_wconf 85' lang='lat' dir='ltr'>sustulit</span> <span class='ocrx_word' id='word_1_64' title='bbox 914 1193 1037 1258; x_wconf 88' lang='lat' dir='ltr'>AEther</span> 
     </span>
     <span class='ocr_line' id='line_1_11' title="bbox 157 1294 1069 1381; baseline 0.004 -26"><span class='ocrx_word' id='word_1_65' title='bbox 157 1308 209 1359; x_wconf 43' lang='lat'>460*</span> <span class='ocrx_word' id='word_1_66' title='bbox 223 1295 376 1381; x_wconf 84' lang='lat' dir='ltr'>Signifer,</span> <span class='ocrx_word' id='word_1_67' title='bbox 392 1306 426 1360; x_wconf 86' lang='lat' dir='ltr'>et</span> <span class='ocrx_word' id='word_1_68' title='bbox 440 1296 558 1359; x_wconf 91' lang='lat' dir='ltr'>multos</span> <span class='ocrx_word' id='word_1_69' title='bbox 574 1317 683 1359; x_wconf 90' lang='lat' dir='ltr'>secum</span> <span class='ocrx_word' id='word_1_70' title='bbox 697 1294 776 1360; x_wconf 88' lang='lat' dir='ltr'>levis</span> <span class='ocrx_word' id='word_1_71' title='bbox 791 1295 926 1359; x_wconf 89' lang='lat' dir='ltr'>abstulit</span> <span class='ocrx_word' id='word_1_72' title='bbox 943 1296 1069 1378; x_wconf 88' lang='lat' dir='ltr'>Igneis:</span> 
     </span>
     <span class='ocr_line' id='line_1_12' title="bbox 220 1396 970 1482; baseline -0.001 -21"><span class='ocrx_word' id='word_1_73' title='bbox 220 1397 301 1461; x_wconf 93' lang='lat' dir='ltr'>Non</span> <span class='ocrx_word' id='word_1_74' title='bbox 317 1396 378 1460; x_wconf 89' lang='lat' dir='ltr'>alia</span> <span class='ocrx_word' id='word_1_75' title='bbox 391 1396 489 1481; x_wconf 86' lang='lat' dir='ltr'>longe</span> <span class='ocrx_word' id='word_1_76' title='bbox 503 1398 640 1471; x_wconf 89' lang='lat' dir='ltr'>ratione,</span> <span class='ocrx_word' id='word_1_77' title='bbox 657 1419 695 1462; x_wconf 92' lang='lat' dir='ltr'>ac</span> <span class='ocrx_word' id='word_1_78' title='bbox 709 1420 797 1482; x_wconf 85' lang='lat' dir='ltr'>saepe</span> <span class='ocrx_word' id='word_1_79' title='bbox 813 1398 970 1475; x_wconf 91' lang='lat' dir='ltr'>videmus,</span> 
     </span>
     <span class='ocr_line' id='line_1_13' title="bbox 221 1497 1100 1584; baseline -0.001 -22"><span class='ocrx_word' id='word_1_80' title='bbox 221 1497 337 1562; x_wconf 90' lang='lat' dir='ltr'>Aurea</span> <span class='ocrx_word' id='word_1_81' title='bbox 352 1498 575 1582; x_wconf 88' lang='lat' dir='ltr'>cumprimum</span> <span class='ocrx_word' id='word_1_82' title='bbox 591 1500 801 1584; x_wconf 85' lang='lat' dir='ltr'>gemmanteis</span> <span class='ocrx_word' id='word_1_83' title='bbox 817 1521 890 1563; x_wconf 89' lang='lat' dir='ltr'>rore</span> <span class='ocrx_word' id='word_1_84' title='bbox 907 1521 966 1582; x_wconf 90' lang='lat' dir='ltr'>per</span> <span class='ocrx_word' id='word_1_85' title='bbox 981 1498 1100 1562; x_wconf 83' lang='lat' dir='ltr'>herbas</span> 
     </span>
     <span class='ocr_line' id='line_1_14' title="bbox 222 1598 898 1677; baseline 0.001 -15"><span class='ocrx_word' id='word_1_86' title='bbox 222 1598 387 1665; x_wconf 83' lang='lat' dir='ltr'>Matutine</span> <span class='ocrx_word' id='word_1_87' title='bbox 401 1601 521 1664; x_wconf 89' lang='lat' dir='ltr'>rubent</span> <span class='ocrx_word' id='word_1_88' title='bbox 536 1601 652 1664; x_wconf 88' lang='lat' dir='ltr'>radiati</span> <span class='ocrx_word' id='word_1_89' title='bbox 666 1598 786 1664; x_wconf 91' lang='lat' dir='ltr'>lumina</span> <span class='ocrx_word' id='word_1_90' title='bbox 801 1599 898 1677; x_wconf 85' lang='lat' dir='ltr'>solis,</span> 
     </span>
     <span class='ocr_line' id='line_1_15' title="bbox 221 1700 1137 1786; baseline 0.003 -23"><span class='ocrx_word' id='word_1_91' title='bbox 221 1700 452 1786; x_wconf 87' lang='lat' dir='ltr'>Exhalantque</span> <span class='ocrx_word' id='word_1_92' title='bbox 469 1702 579 1767; x_wconf 91' lang='lat' dir='ltr'>Lacus</span> <span class='ocrx_word' id='word_1_93' title='bbox 594 1701 756 1779; x_wconf 87' lang='lat' dir='ltr'>nebulam,</span> <span class='ocrx_word' id='word_1_94' title='bbox 773 1701 943 1786; x_wconf 89' lang='lat' dir='ltr'>Fluviique</span> <span class='ocrx_word' id='word_1_95' title='bbox 958 1723 1137 1786; x_wconf 81' lang='lat' dir='ltr'>perennes3</span> 
     </span>
     <span class='ocr_line' id='line_1_16' title="bbox 156 1800 1058 1888; baseline 0.009 -29"><span class='ocrx_word' id='word_1_96' title='bbox 156 1813 204 1862; x_wconf 76' lang='lat'>465</span> <span class='ocrx_word' id='word_1_97' title='bbox 224 1800 302 1887; x_wconf 90' lang='lat' dir='ltr'>Ipsa</span> <span class='ocrx_word' id='word_1_98' title='bbox 317 1826 446 1888; x_wconf 92' lang='lat' dir='ltr'>quoque</span> <span class='ocrx_word' id='word_1_99' title='bbox 462 1805 625 1869; x_wconf 91' lang='lat' dir='ltr'>interdurn</span> <span class='ocrx_word' id='word_1_100' title='bbox 641 1803 755 1869; x_wconf 84' lang='lat' dir='ltr'>Tellus</span> <span class='ocrx_word' id='word_1_101' title='bbox 773 1804 897 1869; x_wconf 85' lang='lat' dir='ltr'>fumare</span> <span class='ocrx_word' id='word_1_102' title='bbox 912 1804 1058 1867; x_wconf 88' lang='lat' dir='ltr'>videtur:</span> 
     </span>
     <span class='ocr_line' id='line_1_17' title="bbox 219 1904 1029 1990; baseline 0 -22"><span class='ocrx_word' id='word_1_103' title='bbox 219 1905 338 1969; x_wconf 88' lang='lat' dir='ltr'>Omnia</span> <span class='ocrx_word' id='word_1_104' title='bbox 353 1929 427 1990; x_wconf 86' lang='lat' dir='ltr'>quae</span> <span class='ocrx_word' id='word_1_105' title='bbox 443 1929 573 1970; x_wconf 92' lang='lat' dir='ltr'>sursum</span> <span class='ocrx_word' id='word_1_106' title='bbox 589 1929 662 1971; x_wconf 89' lang='lat' dir='ltr'>cum</span> <span class='ocrx_word' id='word_1_107' title='bbox 677 1906 889 1972; x_wconf 87' lang='lat' dir='ltr'>conciliantur</span> <span class='ocrx_word' id='word_1_108' title='bbox 902 1907 937 1969; x_wconf 93' lang='lat' dir='ltr'>in</span> <span class='ocrx_word' id='word_1_109' title='bbox 951 1904 1029 1983; x_wconf 89' lang='lat' dir='ltr'>altn,</span> 
     </span>
     <span class='ocr_line' id='line_1_18' title="bbox 219 2005 1020 2091; baseline -0.001 -21"><span class='ocrx_word' id='word_1_110' title='bbox 219 2005 366 2091; x_wconf 87' lang='lat' dir='ltr'>Corpore</span> <span class='ocrx_word' id='word_1_111' title='bbox 382 2018 535 2073; x_wconf 89' lang='lat' dir='ltr'>concreto</span> <span class='ocrx_word' id='word_1_112' title='bbox 552 2010 731 2073; x_wconf 85' lang='lat' dir='ltr'>subtexunt</span> <span class='ocrx_word' id='word_1_113' title='bbox 746 2008 857 2072; x_wconf 91' lang='lat' dir='ltr'>nubila</span> <span class='ocrx_word' id='word_1_114' title='bbox 874 2005 1020 2071; x_wconf 90' lang='lat' dir='ltr'>Coelum:</span> 
     </span>
     <span class='ocr_line' id='line_1_19' title="bbox 220 2107 986 2194; baseline -0.001 -22"><span class='ocrx_word' id='word_1_115' title='bbox 220 2107 275 2173; x_wconf 88' lang='lat' dir='ltr'>Sic</span> <span class='ocrx_word' id='word_1_116' title='bbox 290 2109 390 2194; x_wconf 83' lang='lat' dir='ltr'>igitur</span> <span class='ocrx_word' id='word_1_117' title='bbox 405 2122 473 2173; x_wconf 92' lang='lat' dir='ltr'>tum</span> <span class='ocrx_word' id='word_1_118' title='bbox 490 2131 524 2174; x_wconf 92' lang='lat' dir='ltr'>se</span> <span class='ocrx_word' id='word_1_119' title='bbox 539 2108 630 2187; x_wconf 91' lang='lat' dir='ltr'>levis,</span> <span class='ocrx_word' id='word_1_120' title='bbox 647 2131 685 2174; x_wconf 88' lang='lat' dir='ltr'>ac</span> <span class='ocrx_word' id='word_1_121' title='bbox 699 2108 850 2173; x_wconf 88' lang='lat' dir='ltr'>diffusilis</span> <span class='ocrx_word' id='word_1_122' title='bbox 863 2107 986 2172; x_wconf 92' lang='lat' dir='ltr'>AEther</span> 
     </span>
     <span class='ocr_line' id='line_1_20' title="bbox 219 2209 1153 2295; baseline -0.001 -22"><span class='ocrx_word' id='word_1_123' title='bbox 219 2209 367 2295; x_wconf 88' lang='lat' dir='ltr'>Corpore</span> <span class='ocrx_word' id='word_1_124' title='bbox 383 2222 536 2276; x_wconf 92' lang='lat' dir='ltr'>concreto</span> <span class='ocrx_word' id='word_1_125' title='bbox 552 2213 770 2276; x_wconf 90' lang='lat' dir='ltr'>circumdatus</span> <span class='ocrx_word' id='word_1_126' title='bbox 785 2211 931 2293; x_wconf 91' lang='lat' dir='ltr'>undique</span> <span class='ocrx_word' id='word_1_127' title='bbox 948 2210 1060 2293; x_wconf 92' lang='lat' dir='ltr'>sepsit,</span> <span class='ocrx_word' id='word_1_128' title='bbox 1151 2230 1153 2237; x_wconf 43' lang='lat'>⁸</span> 
     </span>
     <span class='ocr_line' id='line_1_21' title="bbox 154 2311 993 2397; baseline -0.001 -23"><span class='ocrx_word' id='word_1_129' title='bbox 154 2321 203 2374; x_wconf 80' lang='lat'>4⁷0</span> <span class='ocrx_word' id='word_1_130' title='bbox 221 2311 268 2377; x_wconf 92' lang='lat' dir='ltr'>Et</span> <span class='ocrx_word' id='word_1_131' title='bbox 282 2312 347 2377; x_wconf 88' lang='lat' dir='ltr'>late</span> <span class='ocrx_word' id='word_1_132' title='bbox 363 2312 502 2378; x_wconf 88' lang='lat' dir='ltr'>diffusus</span> <span class='ocrx_word' id='word_1_133' title='bbox 515 2315 549 2376; x_wconf 92' lang='lat' dir='ltr'>in</span> <span class='ocrx_word' id='word_1_134' title='bbox 564 2314 685 2377; x_wconf 91' lang='lat' dir='ltr'>omneis</span> <span class='ocrx_word' id='word_1_135' title='bbox 701 2314 845 2397; x_wconf 91' lang='lat' dir='ltr'>undique</span> <span class='ocrx_word' id='word_1_136' title='bbox 860 2311 993 2395; x_wconf 86' lang='lat' dir='ltr'>parteis,</span> 
     </span>
     <span class='ocr_line' id='line_1_22' title="bbox 220 2414 961 2498; baseline 0.001 -21"><span class='ocrx_word' id='word_1_137' title='bbox 220 2414 340 2478; x_wconf 89' lang='lat' dir='ltr'>Omnia</span> <span class='ocrx_word' id='word_1_138' title='bbox 356 2415 402 2479; x_wconf 92' lang='lat' dir='ltr'>sic</span> <span class='ocrx_word' id='word_1_139' title='bbox 417 2415 512 2478; x_wconf 89' lang='lat' dir='ltr'>avido</span> <span class='ocrx_word' id='word_1_140' title='bbox 527 2414 699 2498; x_wconf 88' lang='lat' dir='ltr'>complexu</span> <span class='ocrx_word' id='word_1_141' title='bbox 715 2425 833 2478; x_wconf 88' lang='lat' dir='ltr'>caetera</span> <span class='ocrx_word' id='word_1_142' title='bbox 849 2414 961 2497; x_wconf 90' lang='lat' dir='ltr'>sepsit.</span> 
     </span>
     <span class='ocr_line' id='line_1_23' title="bbox 220 2514 996 2600; baseline -0.001 -21"><span class='ocrx_word' id='word_1_143' title='bbox 220 2514 321 2580; x_wconf 91' lang='lat' dir='ltr'>Hunc</span> <span class='ocrx_word' id='word_1_144' title='bbox 337 2517 472 2581; x_wconf 88' lang='lat' dir='ltr'>exordia</span> <span class='ocrx_word' id='word_1_145' title='bbox 488 2528 563 2581; x_wconf 90' lang='lat' dir='ltr'>sunt</span> <span class='ocrx_word' id='word_1_146' title='bbox 576 2516 661 2580; x_wconf 91' lang='lat' dir='ltr'>Solis</span> <span class='ocrx_word' id='word_1_147' title='bbox 679 2516 849 2600; x_wconf 84' lang='lat' dir='ltr'>Lunaeque</span> <span class='ocrx_word' id='word_1_148' title='bbox 866 2525 996 2593; x_wconf 87' lang='lat' dir='ltr'>secuta;</span> 
     </span>
     <span class='ocr_line' id='line_1_24' title="bbox 220 2617 1096 2703; baseline 0 -23"><span class='ocrx_word' id='word_1_149' title='bbox 220 2617 311 2681; x_wconf 89' lang='lat' dir='ltr'>lnter</span> <span class='ocrx_word' id='word_1_150' title='bbox 325 2628 483 2702; x_wconf 91' lang='lat' dir='ltr'>utrosque</span> <span class='ocrx_word' id='word_1_151' title='bbox 498 2618 587 2703; x_wconf 86' lang='lat' dir='ltr'>globi</span> <span class='ocrx_word' id='word_1_152' title='bbox 603 2641 741 2702; x_wconf 91' lang='lat' dir='ltr'>quorum</span> <span class='ocrx_word' id='word_1_153' title='bbox 756 2629 929 2681; x_wconf 87' lang='lat' dir='ltr'>vertuntur</span> <span class='ocrx_word' id='word_1_154' title='bbox 944 2618 976 2681; x_wconf 95' lang='lat' dir='ltr'>in</span> <span class='ocrx_word' id='word_1_155' title='bbox 991 2617 1096 2681; x_wconf 89' lang='lat' dir='ltr'>auris:</span> 
     </span>
     <span class='ocr_line' id='line_1_25' title="bbox 220 2718 1243 2803; baseline -0.001 -20"><span class='ocrx_word' id='word_1_156' title='bbox 220 2719 307 2792; x_wconf 81' lang='lat' dir='ltr'>Quae</span> <span class='ocrx_word' id='word_1_157' title='bbox 322 2743 429 2803; x_wconf 92' lang='lat' dir='ltr'>neque</span> <span class='ocrx_word' id='word_1_158' title='bbox 441 2720 548 2785; x_wconf 93' lang='lat' dir='ltr'>Terra</span> <span class='ocrx_word' id='word_1_159' title='bbox 565 2722 625 2784; x_wconf 90' lang='lat' dir='ltr'>sibi</span> <span class='ocrx_word' id='word_1_160' title='bbox 641 2720 788 2797; x_wconf 88' lang='lat' dir='ltr'>adscivit,</span> <span class='ocrx_word' id='word_1_161' title='bbox 804 2741 911 2802; x_wconf 91' lang='lat' dir='ltr'>neque</span> <span class='ocrx_word' id='word_1_162' title='bbox 927 2719 1085 2783; x_wconf 86' lang='lat' dir='ltr'>maximus</span> <span class='ocrx_word' id='word_1_163' title='bbox 1101 2718 1243 2798; x_wconf 84' lang='lat' dir='ltr'>AEther3</span> 
     </span>
     <span class='ocr_line' id='line_1_26' title="bbox 155 2821 1157 2908; baseline 0.004 -27"><span class='ocrx_word' id='word_1_164' title='bbox 155 2831 203 2885; x_wconf 78' lang='lat'>4⁷5</span> <span class='ocrx_word' id='word_1_165' title='bbox 223 2821 323 2901; x_wconf 84' lang='lat' dir='ltr'>Quod</span> <span class='ocrx_word' id='word_1_166' title='bbox 338 2844 399 2887; x_wconf 93' lang='lat' dir='ltr'>nec</span> <span class='ocrx_word' id='word_1_167' title='bbox 414 2834 479 2886; x_wconf 89' lang='lat' dir='ltr'>tam</span> <span class='ocrx_word' id='word_1_168' title='bbox 494 2823 615 2887; x_wconf 89' lang='lat' dir='ltr'>fuerint</span> <span class='ocrx_word' id='word_1_169' title='bbox 630 2823 751 2908; x_wconf 89' lang='lat' dir='ltr'>gravia,</span> <span class='ocrx_word' id='word_1_170' title='bbox 768 2832 805 2886; x_wconf 90' lang='lat' dir='ltr'>ut</span> <span class='ocrx_word' id='word_1_171' title='bbox 821 2823 977 2906; x_wconf 89' lang='lat' dir='ltr'>depressa</span> <span class='ocrx_word' id='word_1_172' title='bbox 993 2822 1157 2899; x_wconf 91' lang='lat' dir='ltr'>sederent,</span> 
     </span>
     <span class='ocr_line' id='line_1_27' title="bbox 220 2923 1057 3008; baseline -0.001 -21"><span class='ocrx_word' id='word_1_173' title='bbox 220 2923 294 2989; x_wconf 93' lang='lat' dir='ltr'>Nec</span> <span class='ocrx_word' id='word_1_174' title='bbox 309 2923 403 3002; x_wconf 90' lang='lat' dir='ltr'>levia,</span> <span class='ocrx_word' id='word_1_175' title='bbox 420 2934 457 2988; x_wconf 89' lang='lat' dir='ltr'>ut</span> <span class='ocrx_word' id='word_1_176' title='bbox 470 2934 606 3008; x_wconf 90' lang='lat' dir='ltr'>possent</span> <span class='ocrx_word' id='word_1_177' title='bbox 621 2947 680 3008; x_wconf 90' lang='lat' dir='ltr'>per</span> <span class='ocrx_word' id='word_1_178' title='bbox 696 2947 835 2988; x_wconf 90' lang='lat' dir='ltr'>summas</span> <span class='ocrx_word' id='word_1_179' title='bbox 849 2923 952 2988; x_wconf 90' lang='lat' dir='ltr'>labier</span> <span class='ocrx_word' id='word_1_180' title='bbox 964 2945 1057 2987; x_wconf 90' lang='lat' dir='ltr'>oras:</span> 
     </span>
     <span class='ocr_line' id='line_1_28' title="bbox 221 3015 1219 3110; baseline 0.002 -22"><span class='ocrx_word' id='word_1_181' title='bbox 221 3024 268 3090; x_wconf 91' lang='lat' dir='ltr'>Et</span> <span class='ocrx_word' id='word_1_182' title='bbox 282 3036 390 3090; x_wconf 86' lang='lat' dir='ltr'>tamen</span> <span class='ocrx_word' id='word_1_183' title='bbox 405 3027 489 3091; x_wconf 90' lang='lat' dir='ltr'>inter</span> <span class='ocrx_word' id='word_1_184' title='bbox 504 3037 661 3110; x_wconf 89' lang='lat' dir='ltr'>utrosque</span> <span class='ocrx_word' id='word_1_185' title='bbox 677 3027 722 3091; x_wconf 90' lang='lat' dir='ltr'>ita</span> <span class='ocrx_word' id='word_1_186' title='bbox 738 3015 877 3104; x_wconf 40' lang='lat' dir='ltr'>sunt,&#39;ut</span> <span class='ocrx_word' id='word_1_187' title='bbox 892 3049 1030 3109; x_wconf 88' lang='lat' dir='ltr'>corpora</span> <span class='ocrx_word' id='word_1_188' title='bbox 1044 3026 1116 3090; x_wconf 88' lang='lat' dir='ltr'>viva</span> <span class='ocrx_word' id='word_1_189' title='bbox 1212 3033 1219 3070; x_wconf 82' lang='lat'>&#39;·</span> 
     </span>
     <span class='ocr_line' id='line_1_29' title="bbox 221 3126 994 3214; baseline 0 -22"><span class='ocrx_word' id='word_1_190' title='bbox 221 3126 377 3206; x_wconf 89' lang='lat' dir='ltr'>Versent,</span> <span class='ocrx_word' id='word_1_191' title='bbox 394 3139 427 3192; x_wconf 91' lang='lat' dir='ltr'>et</span> <span class='ocrx_word' id='word_1_192' title='bbox 442 3140 552 3214; x_wconf 89' lang='lat' dir='ltr'>partes</span> <span class='ocrx_word' id='word_1_193' title='bbox 568 3139 605 3194; x_wconf 92' lang='lat' dir='ltr'>ut</span> <span class='ocrx_word' id='word_1_194' title='bbox 619 3128 740 3193; x_wconf 90' lang='lat' dir='ltr'>Mundi</span> <span class='ocrx_word' id='word_1_195' title='bbox 755 3130 854 3193; x_wconf 91' lang='lat' dir='ltr'>totius</span> <span class='ocrx_word' id='word_1_196' title='bbox 871 3138 994 3193; x_wconf 87' lang='lat' dir='ltr'>extent.</span> 
     </span>
    </p>
   </div>
   <div class='ocr_carea' id='block_1_3' title="bbox 132 3309 1246 4340">
    <p class='ocr_par' dir='ltr' id='par_1_3' title="bbox 132 3309 1246 4340">
     <span class='ocr_line' id='line_1_30' title="bbox 134 3309 1245 3375; baseline 0.002 -19"><span class='ocrx_word' id='word_1_197' title='bbox 134 3324 237 3372; x_wconf 85' lang='lat' dir='ltr'>vapores</span> <span class='ocrx_word' id='word_1_198' title='bbox 257 3319 282 3358; x_wconf 87' lang='lat' dir='ltr'>et</span> <span class='ocrx_word' id='word_1_199' title='bbox 306 3311 397 3359; x_wconf 87' lang='lat' dir='ltr'>halitus</span> <span class='ocrx_word' id='word_1_200' title='bbox 421 3327 451 3360; x_wconf 85' lang='lat' dir='ltr'>ex</span> <span class='ocrx_word' id='word_1_201' title='bbox 474 3328 537 3375; x_wconf 86' lang='lat' dir='ltr'>aqna</span> <span class='ocrx_word' id='word_1_202' title='bbox 560 3321 672 3374; x_wconf 88' lang='lat' dir='ltr'>terraque</span> <span class='ocrx_word' id='word_1_203' title='bbox 705 3321 920 3374; x_wconf 77' lang='lat' dir='ltr'>naturae,quornm</span> <span class='ocrx_word' id='word_1_204' title='bbox 933 3309 1021 3374; x_wconf 70' lang='lat' dir='ltr'>nempe</span> <span class='ocrx_word' id='word_1_205' title='bbox 1036 3309 1157 3373; x_wconf 88' lang='lat' dir='ltr'>principia</span> <span class='ocrx_word' id='word_1_206' title='bbox 1174 3320 1245 3358; x_wconf 86' lang='lat' dir='ltr'>erant</span> 
     </span>
     <span class='ocr_line' id='line_1_31' title="bbox 133 3374 1243 3503; baseline 0.001 -17"><span class='ocrx_word' id='word_1_207' title='bbox 133 3374 672 3503; x_wconf 58' lang='lat' dir='ltr'>{tltttt’ftttlttsltlttull</span> <span class='ocrx_word' id='word_1_208' title='bbox 704 3374 1243 3501; x_wconf 49' lang='lat' dir='ltr'>tt?bltttatdtttlltd{slat</span> 
     </span>
     <span class='ocr_line' id='line_1_32' title="bbox 299 3474 1243 3498; baseline 0.002 -2"><span class='ocrx_word' id='word_1_209' title='bbox 299 3474 305 3497; x_wconf 80' lang='lat' dir='ltr'>t</span> <span class='ocrx_word' id='word_1_210' title='bbox 665 3474 672 3496; x_wconf 74' lang='grc'><strong><em>1</em></strong></span> <span class='ocrx_word' id='word_1_211' title='bbox 1237 3474 1243 3498; x_wconf 65' lang='lat' dir='ltr'>J</span> 
     </span>
     <span class='ocr_line' id='line_1_33' title="bbox 134 3502 1243 3568; baseline 0.003 -19"><span class='ocrx_word' id='word_1_212' title='bbox 134 3511 162 3549; x_wconf 93' lang='lat' dir='ltr'>ut</span> <span class='ocrx_word' id='word_1_213' title='bbox 173 3502 229 3550; x_wconf 83' lang='lat' dir='ltr'>illic</span> <span class='ocrx_word' id='word_1_214' title='bbox 246 3503 290 3552; x_wconf 84' lang='lat' dir='ltr'>fiat</span> <span class='ocrx_word' id='word_1_215' title='bbox 300 3505 369 3566; x_wconf 87' lang='lat' dir='ltr'>quasi</span> <span class='ocrx_word' id='word_1_216' title='bbox 385 3505 491 3567; x_wconf 86' lang='lat' dir='ltr'>laquear,</span> <span class='ocrx_word' id='word_1_217' title='bbox 510 3507 555 3553; x_wconf 91' lang='lat' dir='ltr'>sub</span> <span class='ocrx_word' id='word_1_218' title='bbox 567 3521 615 3566; x_wconf 93' lang='lat' dir='ltr'>quo</span> <span class='ocrx_word' id='word_1_219' title='bbox 631 3507 673 3552; x_wconf 81' lang='lat' dir='ltr'>a&#39;e‘r</span> <span class='ocrx_word' id='word_1_220' title='bbox 705 3503 747 3551; x_wconf 92' lang='lat' dir='ltr'>ubi</span> <span class='ocrx_word' id='word_1_221' title='bbox 763 3511 890 3568; x_wconf 91' lang='lat' dir='ltr'>perpetuo,</span> <span class='ocrx_word' id='word_1_222' title='bbox 908 3513 936 3551; x_wconf 91' lang='lat' dir='ltr'>ut</span> <span class='ocrx_word' id='word_1_223' title='bbox 952 3503 1080 3566; x_wconf 89' lang='lat' dir='ltr'>pulmones</span> <span class='ocrx_word' id='word_1_224' title='bbox 1097 3513 1121 3552; x_wconf 88' lang='lat' dir='ltr'>et</span> <span class='ocrx_word' id='word_1_225' title='bbox 1133 3504 1206 3552; x_wconf 84' lang='lat' dir='ltr'>corda</span> <span class='ocrx_word' id='word_1_226' title='bbox 1217 3504 1243 3552; x_wconf 87' lang='lat' dir='ltr'>in</span> 
     </span>
     <span class='ocr_line' id='line_1_34' title="bbox 133 3565 1214 3632; baseline 0.003 -19"><span class='ocrx_word' id='word_1_227' title='bbox 133 3565 176 3628; x_wconf 88' lang='lat' dir='ltr'>qui</span> <span class='ocrx_word' id='word_1_228' title='bbox 193 3576 269 3616; x_wconf 84' lang='lat' dir='ltr'>restat</span> <span class='ocrx_word' id='word_1_229' title='bbox 288 3569 358 3616; x_wconf 91' lang='lat' dir='ltr'>nobis</span> <span class='ocrx_word' id='word_1_230' title='bbox 377 3568 530 3632; x_wconf 78' lang='lat' dir='ltr'>aspectabilis</span> <span class='ocrx_word' id='word_1_231' title='bbox 546 3568 671 3617; x_wconf 85' lang='lat' dir='ltr'>continea-</span> <span class='ocrx_word' id='word_1_232' title='bbox 705 3568 857 3625; x_wconf 88' lang='lat' dir='ltr'>animalibus,</span> <span class='ocrx_word' id='word_1_233' title='bbox 871 3578 1007 3624; x_wconf 87' lang='lat' dir='ltr'>moventur,</span> <span class='ocrx_word' id='word_1_234' title='bbox 1020 3585 1042 3616; x_wconf 90' lang='lat' dir='ltr'>v.</span> <span class='ocrx_word' id='word_1_235' title='bbox 1056 3570 1078 3615; x_wconf 87' lang='lat'>9.</span> <span class='ocrx_word' id='word_1_236' title='bbox 1212 3585 1214 3588; x_wconf 92' lang='lat'>·</span> 
     </span>
     <span class='ocr_line' id='line_1_35' title="bbox 133 3631 1244 3695; baseline 0.004 -17"><span class='ocrx_word' id='word_1_237' title='bbox 133 3639 181 3679; x_wconf 90' lang='lat' dir='ltr'>tur.</span> <span class='ocrx_word' id='word_1_238' title='bbox 200 3631 270 3690; x_wconf 82' lang='lat' dir='ltr'>Hoec,</span> <span class='ocrx_word' id='word_1_239' title='bbox 280 3649 302 3680; x_wconf 84' lang='lat' dir='ltr'>v.</span> <span class='ocrx_word' id='word_1_240' title='bbox 315 3634 353 3680; x_wconf 82' lang='lat'>21.</span> <span class='ocrx_word' id='word_1_241' title='bbox 363 3633 411 3681; x_wconf 86' lang='lat' dir='ltr'>vid</span> <span class='ocrx_word' id='word_1_242' title='bbox 423 3633 496 3682; x_wconf 89' lang='lat' dir='ltr'>etiarn</span> <span class='ocrx_word' id='word_1_243' title='bbox 507 3633 671 3690; x_wconf 88' lang='lat' dir='ltr'>Plutarchum,</span> <span class='ocrx_word' id='word_1_244' title='bbox 737 3633 792 3682; x_wconf 81' lang='lat'>473.</span> <span class='ocrx_word' id='word_1_245' title='bbox 810 3635 876 3681; x_wconf 79' lang='lat' dir='ltr'>luter</span> <span class='ocrx_word' id='word_1_246' title='bbox 887 3641 993 3694; x_wconf 85' lang='lat' dir='ltr'>utrosque</span> <span class='ocrx_word' id='word_1_247' title='bbox 1002 3631 1078 3695; x_wconf 82' lang='lat' dir='ltr'>globi]</span> <span class='ocrx_word' id='word_1_248' title='bbox 1097 3633 1173 3681; x_wconf 90' lang='lat' dir='ltr'>Hunc</span> <span class='ocrx_word' id='word_1_249' title='bbox 1190 3647 1244 3682; x_wconf 86' lang='lat' dir='ltr'>ver·</span> 
     </span>
     <span class='ocr_line' id='line_1_36' title="bbox 133 3696 1243 3760; baseline 0.004 -18"><span class='ocrx_word' id='word_1_250' title='bbox 133 3710 187 3758; x_wconf 83' lang='lat' dir='ltr'>cap.</span> <span class='ocrx_word' id='word_1_251' title='bbox 200 3698 222 3743; x_wconf 78' lang='lat'>4.</span> <span class='ocrx_word' id='word_1_252' title='bbox 235 3696 276 3744; x_wconf 93' lang='lat' dir='ltr'>lib.</span> <span class='ocrx_word' id='word_1_253' title='bbox 291 3697 311 3744; x_wconf 89' lang='grc' dir='ltr'>Ι.</span> <span class='ocrx_word' id='word_1_254' title='bbox 324 3698 355 3745; x_wconf 91' lang='lat' dir='ltr'>de</span> <span class='ocrx_word' id='word_1_255' title='bbox 368 3697 453 3746; x_wconf 72' lang='lat' dir='ltr'>Placit,</span> <span class='ocrx_word' id='word_1_256' title='bbox 467 3697 530 3745; x_wconf 90' lang='lat' dir='ltr'>Phil.</span> <span class='ocrx_word' id='word_1_257' title='bbox 705 3712 758 3744; x_wconf 89' lang='lat' dir='ltr'>sum</span> <span class='ocrx_word' id='word_1_258' title='bbox 771 3697 836 3745; x_wconf 88' lang='lat' dir='ltr'>delet</span> <span class='ocrx_word' id='word_1_259' title='bbox 849 3698 990 3755; x_wconf 87' lang='lat' dir='ltr'>Lambinus,</span> <span class='ocrx_word' id='word_1_260' title='bbox 1007 3697 1148 3760; x_wconf 88' lang='lat' dir='ltr'>parenthesi</span> <span class='ocrx_word' id='word_1_261' title='bbox 1163 3697 1243 3746; x_wconf 88' lang='lat' dir='ltr'>inclu-</span> 
     </span>
     <span class='ocr_line' id='line_1_37' title="bbox 166 3760 1243 3824; baseline 0.004 -18"><span class='ocrx_word' id='word_1_262' title='bbox 166 3761 229 3807; x_wconf 73' lang='lat'>452-</span> <span class='ocrx_word' id='word_1_263' title='bbox 240 3764 269 3808; x_wconf 89' lang='lat' dir='ltr'>Iu</span> <span class='ocrx_word' id='word_1_264' title='bbox 280 3764 396 3824; x_wconf 80' lang='lat' dir='ltr'>medioque</span> <span class='ocrx_word' id='word_1_265' title='bbox 407 3760 476 3824; x_wconf 78' lang='lat' dir='ltr'>imas]</span> <span class='ocrx_word' id='word_1_266' title='bbox 493 3763 631 3820; x_wconf 86' lang='lat' dir='ltr'>Turnebus,</span> <span class='ocrx_word' id='word_1_267' title='bbox 648 3765 672 3810; x_wconf 73' lang='grc' dir='ltr'>ἐκ</span> <span class='ocrx_word' id='word_1_268' title='bbox 704 3760 742 3810; x_wconf 92' lang='lat' dir='ltr'>dit</span> <span class='ocrx_word' id='word_1_269' title='bbox 759 3761 879 3810; x_wconf 81' lang='lat' dir='ltr'>Giianius.</span> <span class='ocrx_word' id='word_1_270' title='bbox 906 3762 985 3809; x_wconf 87' lang='lat' dir='ltr'>Faber</span> <span class='ocrx_word' id='word_1_271' title='bbox 1002 3762 1063 3824; x_wconf 82' lang='lat' dir='ltr'>legit</span> <span class='ocrx_word' id='word_1_272' title='bbox 1080 3771 1243 3824; x_wconf 79' lang='lat' dir='ltr'>astrorumque,</span> 
     </span>
     <span class='ocr_line' id='line_1_38' title="bbox 132 3827 1245 3890; baseline 0.002 -18"><span class='ocrx_word' id='word_1_273' title='bbox 132 3827 213 3881; x_wconf 74' lang='lat' dir='ltr'>medic,</span> <span class='ocrx_word' id='word_1_274' title='bbox 225 3834 295 3887; x_wconf 81' lang='lat' dir='ltr'>utque</span> <span class='ocrx_word' id='word_1_275' title='bbox 305 3830 370 3874; x_wconf 76' lang='lat' dir='ltr'>imur.</span> <span class='ocrx_word' id='word_1_276' title='bbox 702 3830 766 3890; x_wconf 80' lang='lat' dir='ltr'>globi</span> <span class='ocrx_word' id='word_1_277' title='bbox 773 3846 782 3881; x_wconf 83' lang='lat'>,-</span> <span class='ocrx_word' id='word_1_278' title='bbox 805 3843 877 3889; x_wconf 85' lang='lat' dir='ltr'>quarn</span> <span class='ocrx_word' id='word_1_279' title='bbox 894 3827 1089 3875; x_wconf 87' lang='lat' dir='ltr'>emendationem</span> <span class='ocrx_word' id='word_1_280' title='bbox 1106 3835 1202 3884; x_wconf 83' lang='lat' dir='ltr'>excute,</span> <span class='ocrx_word' id='word_1_281' title='bbox 1219 3835 1245 3876; x_wconf 92' lang='lat' dir='ltr'>et</span> 
     </span>
     <span class='ocr_line' id='line_1_39' title="bbox 166 3888 1243 3953; baseline 0.002 -17"><span class='ocrx_word' id='word_1_282' title='bbox 166 3889 222 3936; x_wconf 73' lang='lat'>460.</span> <span class='ocrx_word' id='word_1_283' title='bbox 240 3888 356 3953; x_wconf 81' lang='lat' dir='ltr'>Signifer]</span> <span class='ocrx_word' id='word_1_284' title='bbox 369 3889 428 3947; x_wconf 85' lang='lat' dir='ltr'>Alii,</span> <span class='ocrx_word' id='word_1_285' title='bbox 440 3890 537 3953; x_wconf 77' lang='lat' dir='ltr'>Iguiser.</span> <span class='ocrx_word' id='word_1_286' title='bbox 705 3891 772 3938; x_wconf 92' lang='lat' dir='ltr'>nulla</span> <span class='ocrx_word' id='word_1_287' title='bbox 784 3891 911 3940; x_wconf 85' lang='lat' dir='ltr'>videbitur.</span> <span class='ocrx_word' id='word_1_288' title='bbox 938 3892 1068 3940; x_wconf 80' lang='lat' dir='ltr'>Astrorum</span> <span class='ocrx_word' id='word_1_289' title='bbox 1078 3891 1143 3940; x_wconf 90' lang='lat' dir='ltr'>enirn</span> <span class='ocrx_word' id='word_1_290' title='bbox 1155 3900 1243 3949; x_wconf 86' lang='lat' dir='ltr'>ortum,</span> 
     </span>
     <span class='ocr_line' id='line_1_40' title="bbox 166 3953 1243 4018; baseline 0.004 -18"><span class='ocrx_word' id='word_1_291' title='bbox 166 3953 222 4001; x_wconf 79' lang='lat'><strong>465.</strong></span> <span class='ocrx_word' id='word_1_292' title='bbox 240 3957 296 4015; x_wconf 83' lang='lat' dir='ltr'>Ipso</span> <span class='ocrx_word' id='word_1_293' title='bbox 307 3953 406 4017; x_wconf 85' lang='lat' dir='ltr'>quoquc]</span> <span class='ocrx_word' id='word_1_294' title='bbox 419 3954 477 4012; x_wconf 79' lang='lat' dir='ltr'>Alii,</span> <span class='ocrx_word' id='word_1_295' title='bbox 490 3957 588 4016; x_wconf 79' lang='lat' dir='ltr'>[proque</span> <span class='ocrx_word' id='word_1_296' title='bbox 599 3964 633 4003; x_wconf 84' lang='lat' dir='ltr'>ut.</span> <span class='ocrx_word' id='word_1_297' title='bbox 705 3972 727 4004; x_wconf 86' lang='lat' dir='ltr'>v.</span> <span class='ocrx_word' id='word_1_298' title='bbox 746 3956 801 4003; x_wconf 73' lang='lat'>460,</span> <span class='ocrx_word' id='word_1_299' title='bbox 819 3956 909 4015; x_wconf 88' lang='lat' dir='ltr'>docuit,</span> <span class='ocrx_word' id='word_1_300' title='bbox 928 3960 956 4005; x_wconf 85' lang='lat' dir='ltr'>Se</span> <span class='ocrx_word' id='word_1_301' title='bbox 976 3959 1069 4004; x_wconf 78' lang='lat' dir='ltr'>sustulit</span> <span class='ocrx_word' id='word_1_302' title='bbox 1087 3959 1171 4004; x_wconf 82' lang='lat' dir='ltr'>AEtbcr</span> <span class='ocrx_word' id='word_1_303' title='bbox 1190 3958 1243 4018; x_wconf 66' lang='lat' dir='ltr'>sig·</span> 
     </span>
     <span class='ocr_line' id='line_1_41' title="bbox 166 4015 1243 4082; baseline 0.001 -18"><span class='ocrx_word' id='word_1_304' title='bbox 166 4015 223 4068; x_wconf 77' lang='lat'>472</span> <span class='ocrx_word' id='word_1_305' title='bbox 240 4021 311 4066; x_wconf 89' lang='lat' dir='ltr'>Hunc</span> <span class='ocrx_word' id='word_1_306' title='bbox 325 4023 425 4075; x_wconf 78' lang='lat' dir='ltr'>cumdio,</span> <span class='ocrx_word' id='word_1_307' title='bbox 446 4018 502 4081; x_wconf 79' lang='lat' dir='ltr'>eta]</span> <span class='ocrx_word' id='word_1_308' title='bbox 525 4020 564 4067; x_wconf 86' lang='lat' dir='ltr'>lta</span> <span class='ocrx_word' id='word_1_309' title='bbox 583 4029 672 4067; x_wconf 85' lang='lat' dir='ltr'>tetram</span> <span class='ocrx_word' id='word_1_310' title='bbox 705 4019 772 4082; x_wconf 81' lang='lat' dir='ltr'>uiser,</span> <span class='ocrx_word' id='word_1_311' title='bbox 786 4029 808 4069; x_wconf 83' lang='lat' dir='ltr'>et</span> <span class='ocrx_word' id='word_1_312' title='bbox 819 4024 901 4070; x_wconf 85' lang='lat' dir='ltr'>multos</span> <span class='ocrx_word' id='word_1_313' title='bbox 909 4038 982 4070; x_wconf 84' lang='lat' dir='ltr'>secum</span> <span class='ocrx_word' id='word_1_314' title='bbox 993 4025 1048 4069; x_wconf 80' lang='lat' dir='ltr'>levis</span> <span class='ocrx_word' id='word_1_315' title='bbox 1057 4023 1153 4069; x_wconf 78' lang='lat' dir='ltr'>abstulit</span> <span class='ocrx_word' id='word_1_316' title='bbox 1163 4023 1243 4081; x_wconf 78' lang='lat' dir='ltr'>igneis.</span> 
     </span>
     <span class='ocr_line' id='line_1_42' title="bbox 133 4081 1246 4147; baseline 0 -19"><span class='ocrx_word' id='word_1_317' title='bbox 133 4081 209 4130; x_wconf 88' lang='lat' dir='ltr'>totius</span> <span class='ocrx_word' id='word_1_318' title='bbox 225 4083 311 4131; x_wconf 92' lang='lat' dir='ltr'>mundi</span> <span class='ocrx_word' id='word_1_319' title='bbox 331 4083 525 4140; x_wconf 79' lang='lat' dir='ltr'>fundamentum,</span> <span class='ocrx_word' id='word_1_320' title='bbox 544 4083 578 4131; x_wconf 88' lang='lat' dir='ltr'>ita</span> <span class='ocrx_word' id='word_1_321' title='bbox 596 4085 671 4132; x_wconf 85' lang='lat' dir='ltr'>aethe-</span> <span class='ocrx_word' id='word_1_322' title='bbox 707 4086 811 4143; x_wconf 87' lang='lat' dir='ltr'>Deinde,</span> <span class='ocrx_word' id='word_1_323' title='bbox 822 4103 844 4134; x_wconf 84' lang='lat' dir='ltr'>v.</span> <span class='ocrx_word' id='word_1_324' title='bbox 857 4086 912 4137; x_wconf 80' lang='lat'>477.</span> <span class='ocrx_word' id='word_1_325' title='bbox 925 4086 951 4134; x_wconf 95' lang='lat' dir='ltr'>in</span> <span class='ocrx_word' id='word_1_326' title='bbox 964 4100 1012 4147; x_wconf 88' lang='lat' dir='ltr'>qno</span> <span class='ocrx_word' id='word_1_327' title='bbox 1023 4093 1117 4146; x_wconf 71' lang='lat' dir='ltr'>corpora</span> <span class='ocrx_word' id='word_1_328' title='bbox 1130 4087 1184 4130; x_wconf 80' lang='lat' dir='ltr'>btuu</span> <span class='ocrx_word' id='word_1_329' title='bbox 1195 4097 1246 4129; x_wconf 93' lang='lat' dir='ltr'>non</span> 
     </span>
     <span class='ocr_line' id='line_1_43' title="bbox 133 4145 1246 4212; baseline 0.001 -19"><span class='ocrx_word' id='word_1_330' title='bbox 133 4160 194 4202; x_wconf 85' lang='lat' dir='ltr'>rem,</span> <span class='ocrx_word' id='word_1_331' title='bbox 217 4148 303 4196; x_wconf 86' lang='lat' dir='ltr'>mundi</span> <span class='ocrx_word' id='word_1_332' title='bbox 320 4148 411 4196; x_wconf 85' lang='lat' dir='ltr'>moenia</span> <span class='ocrx_word' id='word_1_333' title='bbox 431 4145 544 4210; x_wconf 72' lang='lat' dir='ltr'>(caeteros</span> <span class='ocrx_word' id='word_1_334' title='bbox 562 4147 674 4211; x_wconf 83' lang='lat' dir='ltr'>planetas</span> <span class='ocrx_word' id='word_1_335' title='bbox 706 4153 758 4197; x_wconf 77' lang='grc' dir='ltr'>υίυα</span> <span class='ocrx_word' id='word_1_336' title='bbox 776 4149 914 4212; x_wconf 86' lang='lat' dir='ltr'>legendum,</span> <span class='ocrx_word' id='word_1_337' title='bbox 935 4159 1012 4197; x_wconf 78' lang='lat' dir='ltr'>toturn</span> <span class='ocrx_word' id='word_1_338' title='bbox 1031 4149 1103 4196; x_wconf 84' lang='lat' dir='ltr'>istam</span> <span class='ocrx_word' id='word_1_339' title='bbox 1124 4147 1154 4195; x_wconf 93' lang='lat' dir='ltr'>de</span> <span class='ocrx_word' id='word_1_340' title='bbox 1173 4145 1246 4194; x_wconf 84' lang='lat' dir='ltr'>astris</span> 
     </span>
     <span class='ocr_line' id='line_1_44' title="bbox 133 4210 1244 4273; baseline -0.001 -15"><span class='ocrx_word' id='word_1_341' title='bbox 133 4210 249 4272; x_wconf 78' lang='lat' dir='ltr'>negligit)</span> <span class='ocrx_word' id='word_1_342' title='bbox 272 4212 406 4269; x_wconf 89' lang='lat' dir='ltr'>constituit,</span> <span class='ocrx_word' id='word_1_343' title='bbox 429 4212 504 4261; x_wconf 87' lang='lat' dir='ltr'>solem</span> <span class='ocrx_word' id='word_1_344' title='bbox 528 4221 610 4261; x_wconf 87' lang='lat' dir='ltr'>autern</span> <span class='ocrx_word' id='word_1_345' title='bbox 635 4212 673 4261; x_wconf 90' lang='lat' dir='ltr'>ln·</span> <span class='ocrx_word' id='word_1_346' title='bbox 707 4213 813 4262; x_wconf 85' lang='lat' dir='ltr'>fabulam</span> <span class='ocrx_word' id='word_1_347' title='bbox 830 4215 926 4263; x_wconf 89' lang='lat' dir='ltr'>evertit.</span> <span class='ocrx_word' id='word_1_348' title='bbox 964 4213 1027 4261; x_wconf 92' lang='lat' dir='ltr'>Dele</span> <span class='ocrx_word' id='word_1_349' title='bbox 1046 4211 1122 4273; x_wconf 80' lang='lat' dir='ltr'>igitur</span> <span class='ocrx_word' id='word_1_350' title='bbox 1140 4225 1244 4268; x_wconf 87' lang='lat' dir='ltr'>versum,</span> 
     </span>
     <span class='ocr_line' id='line_1_45' title="bbox 133 4276 1092 4340; baseline -0.001 -18"><span class='ocrx_word' id='word_1_351' title='bbox 133 4289 239 4337; x_wconf 85' lang='lat' dir='ltr'>namque</span> <span class='ocrx_word' id='word_1_352' title='bbox 250 4276 338 4325; x_wconf 72' lang='lat' dir='ltr'>medie</span> <span class='ocrx_word' id='word_1_353' title='bbox 348 4276 414 4326; x_wconf 89' lang='lat' dir='ltr'>inter</span> <span class='ocrx_word' id='word_1_354' title='bbox 425 4278 541 4326; x_wconf 83' lang='lat' dir='ltr'>aetherem</span> <span class='ocrx_word' id='word_1_355' title='bbox 553 4286 578 4325; x_wconf 86' lang='lat' dir='ltr'>et</span> <span class='ocrx_word' id='word_1_356' title='bbox 593 4279 675 4326; x_wconf 72' lang='lat' dir='ltr'>aerem</span> <span class='ocrx_word' id='word_1_357' title='bbox 708 4277 750 4340; x_wconf 92' lang='lat' dir='ltr'>qui</span> <span class='ocrx_word' id='word_1_358' title='bbox 762 4294 775 4327; x_wconf 92' lang='lat' dir='ltr'>e</span> <span class='ocrx_word' id='word_1_359' title='bbox 787 4295 809 4328; x_wconf 88' lang='lat' dir='ltr'>v.</span> <span class='ocrx_word' id='word_1_360' title='bbox 821 4278 878 4330; x_wconf 77' lang='lat'>477.</span> <span class='ocrx_word' id='word_1_361' title='bbox 891 4287 963 4326; x_wconf 87' lang='lat' dir='ltr'>natus</span> <span class='ocrx_word' id='word_1_362' title='bbox 975 4276 1092 4326; x_wconf 84' lang='lat' dir='ltr'>videatur.</span> 
     </span>
    </p>
   </div>
   <div class='ocr_carea' id='block_1_4' title="bbox 0 0 1440 4852">
    <p class='ocr_par' dir='ltr' id='par_1_4' title="bbox 0 0 1440 4852">
     <span class='ocr_line' id='line_1_46' title="bbox 0 0 1440 4852; baseline 0 0"><span class='ocrx_word' id='word_1_363' title='bbox 0 0 1440 4852; x_wconf 95' lang='lat' dir='ltr'> </span> 
     </span>
    </p>
   </div>
  </div>
 </body>
</html>
