2872 4852
148 223 232 288 194·
525 217 568 282 T.-
602 216 873 283 LUCRETII

167 389 214 436 255
230 377 360 442 Scilicet
375 375 446 440 haec
461 396 583 439 summe
599 368 697 439 celeri
710 374 834 439 ratione
850 384 1022 458 geruntur,

233 480 341 553 Quale
358 478 399 545 sit
415 488 451 543 ut
467 477 652 550 videamus:
674 487 709 540 et
723 498 788 540 una
803 499 900 561 quam
915 475 1031 562 procul
1044 478 1145 544 absit.

277 581 363 647 Illud
379 581 412 644 in
426 579 477 643 his
493 580 591 643 rebus
606 579 734 644 minime
750 579 895 644 mirabile
907 579 1095 645 habendum
1109 581 1164 660 'st,

235 685 304 749 Cur
318 707 367 759 ea,
386 705 460 766 quaa
476 681 593 745 feriant
609 679 720 745 oculos
736 681 926 759 SimuIncm,
942 683 1046 747 videri

236 786 371 870 Singula
385 807 459 849 cum
474 793 649 868 nequeant,
666 805 719 847 res
734 783 816 868 ipsae
830 784 1087 868 perspiciantur:

172 903 220 950 260
235 891 366 957 Ventus
375 887 466 955 *enim
479 908 610 970 quoque
626 884 792 969 paullatim
808 908 881 950 cum
896 889 1058 964 verberat,
1075 896 1202 956 etcum

237 993 325 1057 Acre
342 990 417 1054 ferit
432 987 562 1072 Frigus,
578 1009 643 1051 non
659 987 782 1070 privam
796 1010 959 1072 quamque
975 989 1115 1054 solemus

238 1091 436 1160 Particulam
452 1090 553 1157 Venti
569 1091 700 1167 sentire,
716 1101 750 1155 et
765 1089 909 1176 Frigoris
925 1093 1016 1176 ejus;

239 1198 307 1262 Sed
321 1195 424 1278 magis
440 1194 644 1271 universum3
668 1192 805 1277 fierique
819 1194 955 1278 perinde
969 1195 1118 1259 videmus

194 1365 199 1370 ,
239 1301 386 1382 Corpore
402 1307 471 1361 tum
485 1296 599 1380 plagas
613 1296 646 1358 in
661 1304 787 1372 nostr0,
802 1305 957 1380 tanquam
970 1295 1086 1381 aliquae
1100 1319 1157 1362 res

175 1415 222 1464 aaa
237 1402 416 1477 Verberet,
431 1409 532 1482 atque
547 1398 597 1463 sui
612 1397 669 1462 det
684 1419 815 1462 sensum
830 1399 976 1482 corporis
992 1409 1097 1463 extra.

241 1504 419 1584 Praeterea,
436 1500 597 1585 Lapidem
613 1500 718 1583 digito
732 1521 805 1563 cum
821 1500 998 1577 tundimus,
1013 1501 1122 1584 ipsum

239 1605 420 1688 Tangimus
437 1612 617 1667 extremum
633 1602 723 1680 Saxi,
741 1625 964 1687 summumque
979 1603 1134 1668 colorem:
1173 1650 1179 1657 -

239 1708 314 1771 Nec
330 1706 485 1770 sentimus
500 1727 574 1768 eum
589 1714 690 1782 tactu,
707 1726 820 1768 verum
834 1706 936 1790 magis
950 1706 1054 1790 ipsam

241 1809 408 1873 Duritiem
421 1807 552 1890 penitus
568 1805 817 1872 Saxi'sentimus
833 1806 868 1870 iu
882 1806 959 1871 alt0.

176 1922 224 1974 270
281 1909 382 1973 Nunc
398 1931 470 1992 age,
487 1930 545 1972 our
556 1907 642 1972 ultra
659 1906 836 1992 Speculum
851 1909 1001 1974 videatur
1016 1910 1131 1994 Imago

242 2013 398 2096 Percipe3
421 2033 497 2075 nam
510 2020 599 2076 certe
615 2011 745 2094 penitus
761 2021 917 2075 remmota
931 2012 1072 2076 videtur.

242 2116 343 2188 Quod
359 2137 462 2198 genus
477 2113 541 2190 illa,
558 2112 636 2176 foris
652 2136 725 2197 quae
740 2135 815 2178 vere
833 2115 1101 2197 transpioiuutur,

242 2218 352 2284 denua
365 2238 443 2282 cum*
454 2238 514 2299 per
530 2236 564 2279 se
580 2225 803 2299 transpectum
820 2217 945 2299 praebet
961 2226 1120 2300 apertum,

242 2319 351 2384 Multa
366 2319 509 2403 facitque
524 2316 603 2381 foris
618 2339 660 2381 ex
675 2318 801 2382 aedibus
817 2328 855 2382 ut
869 2318 1050 2382 videantur.

178 2432 225 2484 275
241 2422 274 2486 ls
290 2443 421 2507 quoque
436 2421 522 2484 enim
536 2418 670 2502 duplici,
686 2420 881 2504 geminoque
897 2419 936 2483 fit
950 2418 1042 2484 Aere
1057 2419 1183 2485 Visus:

243 2525 373 2589 Primus
389 2523 474 2587 euim
489 2522 539 2599 ’st,
557 2521 638 2602 citra
649 2523 772 2604 posteis
790 2522 846 2606 qui
861 2521 1004 2586 cernitur·
1019 2519 1107 2599 Aer3

243 2628 325 2691 Inde
340 2625 427 2690 fores
445 2625 526 2712 ipsae
542 2623 670 2699 dextra,
686 2621 832 2707 laevaque
849 2632 1053 2707 sequuntur,

192 2865 246 2913 256.
262 2867 335 2918 Quale
345 2862 390 2925 sit]
403 2863 459 2911 Nisi
468 2861 650 2921 malleassaali’
657 2865 695 2909 sit.
730 2863 825 2910 Rerum
846 2861 967 2927 imagines
988 2879 1003 2912 a
1023 2861 1117 2939 speculi
1138 2864 1277 2928 superficie

191 2929 247 2981 257.
259 2931 325 2977 Illud
333 2932 357 2976 ia
370 2931 406 2976 lii:
423 2930 497 2984 rebus,
509 2925 566 2988 eta]
585 2925 698 2989 Inquirat
729 2926 833 2989 repulsae
844 2943 895 2975 non
906 2927 1021 2978 videntur
1032 2945 1059 2977 m
1072 2928 1121 2977 ista
1131 2928 1277 2992 superficie,

159 3009 217 3070 pero
225 2993 323 3069 aliquis,
330 3008 374 3041 cur
383 3008 423 3040 res
431 2991 492 3054 ipsae
498 2999 630 3066 cernantur
641 3005 698 3038 cum
730 2992 772 3039 sed
790 2991 857 3040 intus
878 2993 955 3054 quasi,
968 3004 1001 3068 'et
1018 2993 1044 3042 in
1060 2992 1198 3058 profundo:
1224 2995 1274 3045 lroc

158 3056 460 3188 tatararii:
482 3055 697 3184 latitatis
728 3058 1276 3186 {tadinatisintanti:

158 3204 278 3239 moresuo
285 3187 422 3246 Lucretius,
435 3196 492 3235 etv.
502 3187 539 3233 13.
549 3200 563 3232 a
574 3184 628 3260 pari
637 3201 696 3232 con·
723 3200 774 3249 ,per
785 3186 914 3250 appulsum
926 3187 988 3236 airis
1001 3189 1031 3236 ab
1047 3187 1155 3251 imagine
1166 3188 1199 3236 ad
1209 3204 1272 3238 ocu-

159 3253 240 3303 lirmat
251 3253 312 3303 illud
322 3268 375 3302 ese
386 3251 488 3300 minime
499 3249 618 3298 mirabile.
640 3249 696 3297 Sin·
728 3251 780 3299 lum
802 3251 926 3314 protrusi:
955 3252 995 3300 ubi
1019 3252 1095 3316 igitur
1115 3251 1208 3315 duplex
1229 3256 1273 3303 a'e'r

158 3319 228 3382 gulas
237 3328 319 3384 partes
329 3317 396 3368 renti
405 3315 553 3380 autfrigoris
560 3331 610 3364 non
619 3314 695 3364 senti·
728 3316 895 3380 protruditur„
903 3316 1059 3365 intervallum
1076 3332 1172 3380 quoque
1189 3318 1272 3382 magis

159 3399 221 3443 mus,
233 3385 315 3447 ipsum
323 3400 382 3434 vero
391 3383 534 3433 universum
543 3389 644 3430 ventum
652 3397 698 3429 seu
730 3380 829 3430 extendi
841 3391 866 3429 et
876 3381 997 3446 duplicari
1006 3397 1106 3430 necesse
1118 3392 1169 3431 est:
1188 3382 1276 3448 imago

158 3447 236 3511 frigus
244 3448 376 3505 sentimus:
393 3448 513 3512 imagines
521 3456 603 3496 autem
612 3445 697 3510 singu-
730 3456 812 3495 autem
831 3447 924 3510 speculi
944 3446 1082 3512 (speculum
1102 3447 1168 3495 eninr
1187 3446 1273 3512 ipsum

159 3511 192 3560 lis
206 3511 316 3575 partibus
328 3512 427 3576 frigoris
437 3522 480 3562 aut
496 3511 571 3570 venti,
588 3527 628 3560 res
639 3527 698 3561 vero
730 3527 780 3560 una
801 3527 857 3560 cum
879 3527 908 3560 re
934 3515 1004 3575 cujus
1031 3512 1112 3575 imago
1134 3510 1274 3562 reflectitur

159 3576 225 3640 ipsas
242 3577 356 3626 universo
373 3577 456 3640 frigori
474 3587 517 3625 aut
534 3584 607 3624 vento
626 3591 698 3640 pares
730 3576 853 3636 videmus)
871 3591 947 3624 uuum
964 3580 1020 3625 aera
1038 3575 1166 3640 propellit:
1189 3576 1275 3641 imago

160 3639 280 3698 existima,
302 3652 328 3689 et
344 3657 396 3688 rem
414 3641 561 3690 declaratam
581 3639 696 3688 habebis:
730 3641 829 3714 repulsa
839 3640 951 3697 alterum,
961 3640 1066 3704 ideoque
1077 3657 1128 3689 nou
1143 3640 1170 3688 in
1182 3656 1276 3706 super·-

159 3703 226 3752 idem
237 3704 267 3751 de
280 3713 346 3752 tactu
357 3704 411 3752 duri
423 3705 512 3769 lapidis
523 3704 660 3753 dicendum.
731 3704 786 3752 ficte
797 3704 898 3768 speculi,
911 3704 956 3752 sed
968 3704 1035 3753 intus
1046 3705 1115 3768 quasi
1127 3714 1152 3753 et
1167 3704 1195 3754 in
1211 3721 1271 3770 pro·

193 3769 249 3816 261.
261 3767 368 3829 Privam]
380 3769 514 3818 Lambinus
525 3767 586 3830 legit
592 3772 698 3829 primam,
730 3767 807 3816 fundo
823 3769 874 3816 hrec
891 3768 973 3830 imago
990 3779 1099 3834 apparet.
1135 3769 1208 3818 Hanc
1225 3787 1271 3821 ex·

160 3842 186 3882 et
196 3832 326 3881 defendere
342 3842 452 3890 conatur,
469 3833 512 3881 sed
527 3832 630 3887 frustra:
645 3835 697 3893 pri·
730 3832 886 3896 plicationem
902 3831 1008 3882 illustrat
1019 3834 1093 3882 allato
1105 3835 1221 3898 exemplo
1230 3851 1272 3885 re·

159 3895 286 3946 semanim
296 3896 388 3945 rectius
396 3897 529 3960 opponitur
539 3895 593 3943 voci
606 3899 697 3944 univer·
730 3911 792 3953 rum,
810 3912 864 3959 qua
879 3895 971 3944 directe
990 3906 1016 3946 et
1030 3898 1116 3972 procul
1135 3909 1273 3950 cernuntur

160 3979 216 4020 cam,
229 3977 251 4010 v.
265 3961 319 4009 26&
335 3969 360 4008 et
375 3959 417 4009 lib.
431 3961 483 4009 IIl.
496 3976 518 4007 v.
532 3960 586 4007 390.
621 3963 697 4008 Scati-
730 3975 763 4009 ex
789 3959 844 4008 loco
867 3959 933 4009 intra
954 3961 1092 4021 adificrum,
1115 3962 1273 4015 simulachris

160 4043 217 4087 mat,
240 4042 281 4074 aec
303 4025 374 4089 priva
398 4028 483 4087 pedam
508 4026 605 4086 vestigia
631 4038 696 4086 quae·
730 4027 810 4073 adrem
827 4024 1027 4087 protrudendbus
1038 4036 1090 4075 tum
1107 4030 1274 4091 perextraria

161 4107 224 4155 quq„
731 4089 763 4138 ad
770 4088 847 4138 limen
856 4104 932 4152 usque
940 4091 1027 4154 spatia,
1035 4101 1087 4140 tum
1098 4107 1144 4157 per
1152 4092 1275 4146 interiora

192 4156 249 4218 264.
263 4158 355 4219 Aliqua
366 4152 416 4217 res]
434 4153 474 4202 Ex
485 4151 586 4214 antiqua
602 4151 697 4200 Latini·
731 4153 842 4203 alimine
853 4153 885 4202 ad
896 4154 995 4204 oculum
1005 4171 1090 4219 usque.

161 4230 228 4284 tate:
246 4219 395 4284 almaliqaa.
763 4218 819 4268 271.
847 4219 979 4283 hamata]
1005 4221 1055 4270 Seu
1081 4230 1168 4271 remota
1195 4223 1274 4289 legas,

195 4287 250 4336 270.
270 4287 339 4335 Nunc
361 4301 412 4348 age,
429 4300 470 4332 car
486 4285 550 4330 altro
565 4279 698 4344 Speculum
730 4281 833 4344 perinde
844 4292 897 4333 est:
915 4293 1000 4334 semota
1011 4301 1069 4335 vero
1080 4286 1161 4349 reJ'ica
