2872 4852
466 218 634 283 LIBER
663 220 968 286 SECUNDUS.

248 374 341 438 Sicut
355 372 542 439 Amaraoini
556 374 722 454 blandum,
740 377 925 463 Staetaeque
939 377 1098 462 liquorem

250 475 297 539 Et
311 476 418 540 Nardi
434 477 561 554 florum,
579 489 690 544 nectar
705 481 760 564 qui
777 480 909 544 naribus
925 480 1048 559 halant,

248 578 330 642 Cum
343 580 448 645 facere
463 581 635 645 instituas:
660 583 844 665 cumprimis
861 605 1008 666 quaerere
1024 606 1084 668 par
1099 595 1160 661 est,

247 681 368 754 Quoad
383 682 468 760 licet,
486 705 523 748 ac
539 685 625 768 potis
640 706 675 748 es
691 686 846 767 reperire,
863 683 1014 749 inolentis
1031 684 1119 750 Olivi

181 797 230 841 850
248 784 420 862 Naturam,
436 784 556 849 nullam
572 809 645 870 quae
661 787 767 849 mittat
781 785 928 850 Naribus
945 809 1074 850 auram:

247 887 355 960 Quam
369 889 496 952 minime
512 899 549 952 ut
563 889 668 972 possit
682 889 793 952 mistos
809 889 842 951 in
858 911 994 972 corpore
1011 889 1154 968 Odores,

246 991 503 1075 Concoctosque,
520 1014 581 1055 suo
596 1001 762 1056 contactos
777 991 917 1075 perdere
932 993 1012 1056 viro.

289 1093 471 1178 Propterea
485 1095 615 1158 demum
631 1093 752 1157 debent
769 1091 952 1156 Primordia
967 1115 1075 1157 rerum

245 1194 325 1257 Non
341 1195 497 1259 adhibere
514 1217 607 1259 suum
622 1193 797 1276 gignundis
813 1195 911 1257 rebus
929 1193 1086 1272 Odorem,

180 1311 228 1355 855
246 1297 321 1360 Nec
337 1298 487 1372 sonitum,
504 1297 654 1379 quoniam
670 1295 750 1358 nihil
765 1297 806 1358 ab
823 1319 858 1360 se
873 1298 1001 1361 mittere
1016 1309 1173 1380 possunt3

245 1398 319 1463 Nec
335 1397 428 1461 simili
442 1399 566 1461 ratione
579 1397 738 1480 Saporem
753 1397 894 1481 denique
908 1422 1103 1483 quemquam

246 1500 320 1564 Nec
329 1499 460 1584 Frigus,
471 1520 575 1583 neque
585 1499 662 1562 item
672 1497 822 1576 calidum,
833 1501 1044 1585 tepidumque
1051 1501 1227 1586 Vaporem,
1235 1514 1268 1569 et

245 1602 384 1678 Caetera,
401 1624 562 1685 quaecum
580 1603 624 1665 ita
642 1612 717 1665 sunt
733 1602 875 1678 tandem,
892 1615 929 1667 ut
944 1603 1090 1668 mortalia
1105 1615 1266 1682 constent,

244 1702 338 1767 Molli
354 1703 471 1779 Lenta,
489 1703 634 1786 Fragosa
650 1702 755 1781 Putri,
773 1704 862 1767 Cava
877 1727 1014 1790 corpore
1029 1728 1115 1785 raro,

176 1818 225 1865 sto
244 1806 363 1870 Omnia
379 1816 488 1869 sunta
504 1804 676 1889 Principiis
694 1807 842 1889 sejuncta
857 1829 991 1873 necesse
1007 1809 1058 1886 ’st,

243 1908 437 1972 Immortalia
453 1910 480 1972 si
494 1908 640 1972 volumus
658 1909 858 1995 subjungere
874 1912 972 1974 rebus

242 2011 477 2087 Fundamenta,
494 2012 613 2094 quibus
629 2012 752 2075 nitatur
766 2034 891 2075 summa
907 2011 1037 2078 salutis:

241 2115 296 2178 Ne
312 2115 371 2178 tibi
385 2136 437 2177 res
453 2114 589 2177 redeant
605 2114 647 2177 ad
663 2112 777 2176 Nilum
790 2114 938 2178 funditus
955 2137 1076 2179 omnes.

284 2217 385 2279 Nunc
400 2238 449 2292 ea,
467 2238 541 2299 quae
558 2215 687 2278 Sentire
704 2216 851 2279 videmus
866 2238 995 2299 cunque
1011 2239 1144 2282 necesse
1161 2218 1201 2281 ’st

176 2330 225 2375 865
246 2318 301 2381 Ex
317 2317 529 2380 Insensilibus
546 2327 654 2380 tamen
668 2317 775 2379 omnia
789 2316 966 2381 confiteare

243 2419 415 2502 Principiis
431 2428 601 2481 constare:
626 2439 732 2499 neque
747 2418 782 2480 id
797 2418 968 2482 manifesta
983 2419 1137 2496 refutant,

242 2522 315 2585 Nec
332 2531 445 2584 contra
460 2528 618 2604 pugnant,
635 2519 838 2605 inpromptu
854 2521 982 2604 cognita
998 2543 1071 2604 quae
1088 2533 1180 2599 sunt3

166 2688 169 2695 ,
204 2690 206 2693 ,
240 2623 310 2689 Sed
325 2624 425 2708 magis
440 2623 512 2708 ipsa
528 2644 623 2686 manu
640 2623 774 2701 ducunt,
791 2634 824 2686 et
840 2624 973 2687 credere
989 2635 1121 2709 cogunt,

187 2870 241 2917 846.
254 2869 402 2932 Amaractm']
411 2869 460 2924 Qui
468 2871 537 2933 pluro
545 2869 575 2916 de
583 2884 694 2931 unguen-
728 2878 828 2933 propter
842 2869 998 2932 putredinem
1012 2880 1036 2916 et
1049 2867 1192 2927 coctionem,
1207 2883 1267 2918 cava

155 2933 187 2981 tis
198 2934 264 2992 velit,
282 2935 397 2993 Plinium,
416 2934 594 2992 Dioscoridem,
612 2934 693 2981 Theo·
727 2943 828 2997 propter
839 2933 972 2991 raritatem,
987 2949 1041 2996 quae
1057 2933 1084 2982 in
1100 2933 1228 2997 principiis
1245 2934 1266 2982 si

155 2999 289 3061 phrastum‚
319 3000 466 3047 Athenaeum
493 2999 566 3062 legat.
606 2997 695 3052 Qualia
727 3007 827 3055 statuas,
850 3007 901 3046 tum
918 2998 1001 3047 omnia
1016 3008 1090 3047 ruant
1103 3014 1203 3046 necesse
1221 3008 1265 3046 est.

155 3063 235 3124 qualia
246 3073 304 3112 sunt
314 3074 446 3127 unguenta,
465 3064 550 3112 eadem
567 3072 605 3111 est
621 3079 693 3126 argu·
728 3063 789 3110 Haec
801 3063 887 3111 Faber.
900 3064 1017 3126 probatur
1030 3062 1110 3119 lectio,
1127 3063 1171 3110 sed
1186 3062 1263 3110 inter·

155 3129 232 3176 menti
244 3129 384 3177 Lucretiani
397 3129 434 3177 vis
446 3138 471 3177 et
482 3129 567 3177 virtus.
727 3126 963 3191 pretatiodisplicet;
975 3143 1032 3174 nam
1040 3126 1161 3184 mollities,
1169 3126 1264 3184 raritas,

186 3193 241 3243 847.
260 3193 440 3255 Nordiflorum]
452 3193 592 3250 Lambinus,
597 3196 693 3252 florem:
728 3191 853 3240 etsimiles
860 3192 989 3253 qualitates
996 3207 1065 3253 aeque
1072 3207 1100 3238 ac
1110 3207 1189 3254 sapor,
1197 3191 1264 3247 odor,

156 3257 316 3320 Unguentum
334 3259 379 3307 via.
396 3275 427 3306 ex
443 3258 512 3305 nardi
526 3257 585 3304 flore
598 3257 694 3305 conlec-
728 3272 809 3314 sonus,
820 3255 904 3317 frigus,
917 3268 943 3304 et
954 3256 1026 3312 calor,
1037 3254 1152 3303 videntur
1161 3255 1199 3303 his
1208 3271 1264 3304 ver-

155 3329 214 3369 tum.
255 3323 361 3370 Solenne
389 3323 488 3386 optimis
516 3321 642 3369 autoribus
669 3322 695 3369 id
727 3320 964 3369 sibuaseminibus
976 3319 1091 3382 separari.

154 3385 219 3447 quod
229 3387 346 3434 eximium
362 3389 479 3448 cujusque
495 3386 531 3433 rei
548 3385 633 3433 florem
650 3401 693 3448 ap·
760 3386 815 3432 864.
834 3385 962 3432 Hactenus
973 3382 1068 3430 semina
1079 3398 1160 3431 rerum
1176 3383 1263 3442 calore,

154 3450 246 3512 pellare
256 3469 261 3496 ι
279 3451 314 3498 sic
321 3454 365 3511 flos
375 3454 423 3498 vini
434 3450 500 3512 apud
516 3449 638 3506 Plautum,
649 3453 694 3508 flos
726 3448 823 3510 frigore,
833 3448 914 3506 odore,
921 3463 1015 3510 sapore,
1024 3447 1112 3506 colore,
1122 3448 1264 3511 caeterisque

148 3517 249 3574 flemme
260 3515 325 3577 apud
339 3514 495 3562 Lucretium:
512 3517 557 3574 flos
570 3516 651 3574 populi
667 3529 692 3561 a·
726 3513 883 3575 qualitatibus
895 3512 1011 3560 destituta
1022 3527 1075 3560 esse
1088 3513 1265 3562 demonstravit

153 3579 205 3642 pud
216 3579 325 3627 Ennium
335 3599 340 3634 ι
359 3582 412 3628 Flos
425 3581 530 3626 illibatus
537 3581 625 3639 populi,
638 3595 692 3625 aaa·
727 3577 864 3635 Lucretius,
876 3593 908 3625 ex
919 3576 950 3626 iis
961 3586 1043 3626 tamen
1055 3592 1095 3625 res
1105 3577 1202 3637 calidas,
1218 3578 1262 3627 fri·

153 3648 233 3708 deque
244 3648 350 3692 medulla.
380 3645 468 3692 Festus
484 3643 511 3691 in
527 3658 586 3691 voce
604 3645 692 3691 Nectar
724 3643 800 3705 gidus,
809 3642 913 3706 sapidas,
922 3652 948 3691 et
955 3642 1048 3691 olentes
1057 3641 1196 3691 constituit:
1211 3645 1264 3705 jam

152 3710 220 3773 legit,
231 3713 264 3758 Et
273 3712 438 3770 Nardiflorem
450 3711 538 3756 Nectar
549 3711 692 3770 qm'floribua
724 3709 803 3769 maJus
815 3723 876 3771 opus
888 3717 975 3766 moret,
988 3717 1013 3755 et
1024 3706 1095 3756 docet
1105 3722 1144 3755 res
1161 3708 1263 3757 sensiles

153 3778 222 3824 halet.
725 3771 878 3835 eprincipiis
887 3772 954 3821 nullo
962 3787 1061 3835 prorsus
1071 3788 1144 3821 sensu
1152 3772 1263 3836 praeditis

185 3842 240 3889 849.
258 3842 324 3887 Petis
335 3857 359 3887 es
370 3837 483 3901 reperire]
495 3837 604 3886 Carrioe
617 3837 690 3885 MSS.
724 3837 837 3900 componi
849 3853 928 3900 posse.
964 3839 984 3884 l.
1003 3836 1088 3885 Fidem
1104 3837 1264 3949 expedenda

149 3910 258 3967 perirest
268 3908 374 3966 reperiri.
724 3902 845 3966 implorat,
853 3918 874 3950 v.
883 3904 905 3951 9.
922 3903 1057 3950 Estercore
1064 3901 1131 3965 putri
1148 3917 1263 3951 overmes

186 3973 240 4018 850.
261 3974 317 4022 Que
328 3967 419 4030 mittut]
435 3971 501 4020 Quod
511 3971 596 4025 mittat,
609 3967 658 4015 ulii.
724 3976 865 4025 nascuntur,
885 3976 911 4014 at
929 3967 956 4014 in
978 3976 1084 4015 stercore
1104 3967 1152 4014 isto
1173 3967 1263 4015 frustra

185 4038 240 4085 889.
258 4037 326 4082 Molli
336 4037 417 4091 Lenta,
428 4036 532 4094 Fragosa
544 4035 622 4089 Patri,
634 4030 690 4093 eta]
724 4032 808 4090 vitam,
821 4042 864 4079 eut
874 4047 972 4080 sensum
984 4031 1089 4094 aliquem
1101 4029 1217 4092 requiras.

155 4099 194 4146 Ita
216 4099 276 4162 legit
297 4099 434 4148 Turnebus.
469 4098 560 4145 Sensus
582 4106 627 4155 est,
651 4096 692 4144 ubi
757 4097 812 4144 866.
832 4099 911 4158 Neque
919 4099 946 4144 id
953 4095 1075 4159 manifesto
1086 4093 1202 4158 refutant]
1216 4095 1261 4140 So·

154 4163 226 4221 calor,
238 4163 322 4226 frigus,
333 4173 405 4227 tepor
416 4162 580 4226 reperiuntur,
593 4177 692 4210 necesse
725 4161 805 4209 lenuis
829 4161 931 4224 Epicuri
950 4161 1019 4218 ratio,
1040 4161 1067 4207 οὔ
1088 4156 1194 4220 μάχεται
1212 4159 1263 4206 τοῖς

155 4229 454 4302 estcorporaesselenta,
468 4227 494 4275 id
511 4238 555 4286 est,
573 4226 692 4284 cedentia,
725 4223 886 4287 φαινομένοιςι
916 4235 941 4273 et
963 4223 1031 4273 οὐδὲν
1051 4226 1100 4271 τῶν
1117 4218 1262 4282 φαινομένων

155 4290 272 4340 flexibilra
302 4301 402 4356 propter
433 4292 569 4350 mollitiem,
598 4291 694 4354 fragilia
725 4290 996 4352 τούτοιςᾰντιμαρτνριῑ
1026 4291 1108 4335 Faber.

856 4368 871 4399 r
