<?xml version="1.0" encoding="UTF-8"?>
<!DOCTYPE html PUBLIC "-//W3C//DTD XHTML 1.0 Transitional//EN"
    "http://www.w3.org/TR/xhtml1/DTD/xhtml1-transitional.dtd">
<html xmlns="http://www.w3.org/1999/xhtml" xml:lang="en" lang="en">
 <head>
  <title>
</title>
<meta http-equiv="Content-Type" content="text/html;charset=utf-8" />
  <meta name='ocr-system' content='tesseract 3.04.00' />
  <meta name='ocr-capabilities' content='ocr_page ocr_carea ocr_par ocr_line ocrx_word'/>
</head>
<body>
  <div class='ocr_page' id='page_1' title='image "./titilucretiicar04carugoog_0233.png"; bbox 0 0 2872 4852; ppageno 0'>
   <div class='ocr_carea' id='block_1_1' title="bbox 382 214 1236 296">
    <p class='ocr_par' dir='ltr' id='par_1_1' title="bbox 382 214 1236 296">
     <span class='ocr_line' id='line_1_1' title="bbox 382 214 1236 296; baseline -0.002 -9"><span class='ocrx_word' id='word_1_1' title='bbox 382 218 384 223; x_wconf 61' lang='grc'>’</span> <span class='ocrx_word' id='word_1_2' title='bbox 442 222 614 287; x_wconf 88' lang='lat' dir='ltr'>LIBER</span> <span class='ocrx_word' id='word_1_3' title='bbox 644 217 920 296; x_wconf 85' lang='lat' dir='ltr'><strong>QUARTUS.</strong></span> <span class='ocrx_word' id='word_1_4' title='bbox 1171 214 1236 285; x_wconf 70' lang='lat'><strong>209</strong></span> 
     </span>
    </p>
   </div>
   <div class='ocr_carea' id='block_1_2' title="bbox 144 377 1204 2389">
    <p class='ocr_par' dir='ltr' id='par_1_2' title="bbox 144 377 1204 2389">
     <span class='ocr_line' id='line_1_2' title="bbox 147 377 1058 462; baseline 0.008 -30"><span class='ocrx_word' id='word_1_5' title='bbox 147 387 196 434; x_wconf 83' lang='lat'><strong>610</strong></span> <span class='ocrx_word' id='word_1_6' title='bbox 214 377 310 461; x_wconf 88' lang='lat' dir='ltr'><strong>Saepe</strong></span> <span class='ocrx_word' id='word_1_7' title='bbox 326 378 407 443; x_wconf 90' lang='lat' dir='ltr'><strong>solet</strong></span> <span class='ocrx_word' id='word_1_8' title='bbox 423 378 560 443; x_wconf 90' lang='lat' dir='ltr'><strong>scintilla</strong></span> <span class='ocrx_word' id='word_1_9' title='bbox 574 400 649 442; x_wconf 90' lang='lat' dir='ltr'><strong>suos</strong></span> <span class='ocrx_word' id='word_1_10' title='bbox 667 400 702 441; x_wconf 87' lang='lat' dir='ltr'><strong>se</strong></span> <span class='ocrx_word' id='word_1_11' title='bbox 719 400 874 462; x_wconf 87' lang='lat' dir='ltr'><strong>spargere</strong></span> <span class='ocrx_word' id='word_1_12' title='bbox 889 377 922 440; x_wconf 93' lang='lat' dir='ltr'><strong>in</strong></span> <span class='ocrx_word' id='word_1_13' title='bbox 936 377 1058 461; x_wconf 79' lang='lat' dir='ltr'><strong>igneis3</strong></span> 
     </span>
     <span class='ocr_line' id='line_1_3' title="bbox 212 479 978 564; baseline 0 -22"><span class='ocrx_word' id='word_1_14' title='bbox 212 479 305 563; x_wconf 85' lang='lat' dir='ltr'><strong>Ergo</strong></span> <span class='ocrx_word' id='word_1_15' title='bbox 320 479 486 564; x_wconf 86' lang='lat' dir='ltr'><strong>replentur</strong></span> <span class='ocrx_word' id='word_1_16' title='bbox 501 479 572 544; x_wconf 89' lang='lat' dir='ltr'><strong>loca</strong></span> <span class='ocrx_word' id='word_1_17' title='bbox 586 480 746 557; x_wconf 78' lang='lat' dir='ltr'><strong>VocibuS,</strong></span> <span class='ocrx_word' id='word_1_18' title='bbox 764 481 875 544; x_wconf 90' lang='lat' dir='ltr'><strong>abdita</strong></span> <span class='ocrx_word' id='word_1_19' title='bbox 889 488 978 544; x_wconf 77' lang='lat' dir='ltr'><strong>retro</strong></span> 
     </span>
     <span class='ocr_line' id='line_1_4' title="bbox 212 579 1038 665; baseline 0 -22"><span class='ocrx_word' id='word_1_20' title='bbox 212 579 330 645; x_wconf 88' lang='lat' dir='ltr'><strong>Omnis</strong></span> <span class='ocrx_word' id='word_1_21' title='bbox 345 605 419 665; x_wconf 87' lang='lat' dir='ltr'><strong>quae</strong></span> <span class='ocrx_word' id='word_1_22' title='bbox 431 583 552 646; x_wconf 90' lang='lat' dir='ltr'><strong>circum</strong></span> <span class='ocrx_word' id='word_1_23' title='bbox 566 581 697 658; x_wconf 87' lang='lat' dir='ltr'><strong>fuerint,</strong></span> <span class='ocrx_word' id='word_1_24' title='bbox 716 582 887 665; x_wconf 90' lang='lat' dir='ltr'><strong>sonituque</strong></span> <span class='ocrx_word' id='word_1_25' title='bbox 901 582 1038 645; x_wconf 82' lang='lat' dir='ltr'><strong>cientur.</strong></span> 
     </span>
     <span class='ocr_line' id='line_1_5' title="bbox 211 679 1084 759; baseline 0.005 -16"><span class='ocrx_word' id='word_1_26' title='bbox 211 679 260 744; x_wconf 87' lang='lat' dir='ltr'><strong>At</strong></span> <span class='ocrx_word' id='word_1_27' title='bbox 272 681 449 748; x_wconf 87' lang='lat' dir='ltr'><strong>Simulacra</strong></span> <span class='ocrx_word' id='word_1_28' title='bbox 462 684 521 746; x_wconf 89' lang='lat' dir='ltr'><strong>viis</strong></span> <span class='ocrx_word' id='word_1_29' title='bbox 537 683 669 747; x_wconf 89' lang='lat' dir='ltr'><strong>directis</strong></span> <span class='ocrx_word' id='word_1_30' title='bbox 685 683 790 746; x_wconf 91' lang='lat' dir='ltr'><strong>omnia</strong></span> <span class='ocrx_word' id='word_1_31' title='bbox 805 684 956 759; x_wconf 91' lang='lat' dir='ltr'><strong>tendunt,</strong></span> <span class='ocrx_word' id='word_1_32' title='bbox 1082 682 1084 686; x_wconf 65' lang='grc'>’</span> 
     </span>
     <span class='ocr_line' id='line_1_6' title="bbox 212 781 1062 868; baseline 0.002 -24"><span class='ocrx_word' id='word_1_33' title='bbox 212 781 260 845; x_wconf 92' lang='lat' dir='ltr'><strong>Ut</strong></span> <span class='ocrx_word' id='word_1_34' title='bbox 276 794 352 847; x_wconf 90' lang='lat' dir='ltr'><strong>sunt</strong></span> <span class='ocrx_word' id='word_1_35' title='bbox 366 785 463 848; x_wconf 89' lang='lat' dir='ltr'><strong>missa</strong></span> <span class='ocrx_word' id='word_1_36' title='bbox 479 783 588 861; x_wconf 91' lang='lat' dir='ltr'><strong>semel,</strong></span> <span class='ocrx_word' id='word_1_37' title='bbox 604 792 805 868; x_wconf 89' lang='lat' dir='ltr'><strong>quapropter</strong></span> <span class='ocrx_word' id='word_1_38' title='bbox 819 806 953 848; x_wconf 89' lang='lat' dir='ltr'><strong>cernere</strong></span> <span class='ocrx_word' id='word_1_39' title='bbox 968 805 1062 847; x_wconf 91' lang='lat' dir='ltr'><strong>nemo</strong></span> 
     </span>
     <span class='ocr_line' id='line_1_7' title="bbox 146 882 1020 970; baseline 0.011 -31"><span class='ocrx_word' id='word_1_40' title='bbox 146 893 193 940; x_wconf 81' lang='lat'><strong>615</strong></span> <span class='ocrx_word' id='word_1_41' title='bbox 211 882 254 947; x_wconf 87' lang='lat' dir='ltr'><strong>Se</strong></span> <span class='ocrx_word' id='word_1_42' title='bbox 270 907 369 969; x_wconf 90' lang='lat' dir='ltr'><strong>supra</strong></span> <span class='ocrx_word' id='word_1_43' title='bbox 383 887 469 970; x_wconf 91' lang='lat' dir='ltr'><strong>potis</strong></span> <span class='ocrx_word' id='word_1_44' title='bbox 485 897 556 963; x_wconf 91' lang='lat' dir='ltr'><strong>est;</strong></span> <span class='ocrx_word' id='word_1_45' title='bbox 580 896 613 949; x_wconf 90' lang='lat' dir='ltr'><strong>at</strong></span> <span class='ocrx_word' id='word_1_46' title='bbox 628 885 737 950; x_wconf 87' lang='lat' dir='ltr'><strong>Voces</strong></span> <span class='ocrx_word' id='word_1_47' title='bbox 753 886 900 970; x_wconf 90' lang='lat' dir='ltr'><strong>accipere</strong></span> <span class='ocrx_word' id='word_1_48' title='bbox 916 896 1020 949; x_wconf 84' lang='lat' dir='ltr'><strong>extra.</strong></span> 
     </span>
     <span class='ocr_line' id='line_1_8' title="bbox 191 983 1204 1072; baseline 0.002 -23"><span class='ocrx_word' id='word_1_49' title='bbox 191 1028 193 1035; x_wconf 90' lang='lat'><em>·</em></span> <span class='ocrx_word' id='word_1_50' title='bbox 211 983 257 1048; x_wconf 90' lang='lat' dir='ltr'><strong>Et</strong></span> <span class='ocrx_word' id='word_1_51' title='bbox 271 995 376 1051; x_wconf 91' lang='lat' dir='ltr'><strong>tamen</strong></span> <span class='ocrx_word' id='word_1_52' title='bbox 392 989 464 1071; x_wconf 91' lang='lat' dir='ltr'><strong>ipsa</strong></span> <span class='ocrx_word' id='word_1_53' title='bbox 478 1009 609 1072; x_wconf 89' lang='lat' dir='ltr'><strong>quoque</strong></span> <span class='ocrx_word' id='word_1_54' title='bbox 624 987 707 1063; x_wconf 87' lang='lat' dir='ltr'><strong>haec,</strong></span> <span class='ocrx_word' id='word_1_55' title='bbox 724 987 801 1050; x_wconf 93' lang='lat' dir='ltr'><strong>dum</strong></span> <span class='ocrx_word' id='word_1_56' title='bbox 815 989 932 1051; x_wconf 83' lang='lat' dir='ltr'><strong>transit</strong></span> <span class='ocrx_word' id='word_1_57' title='bbox 946 987 1057 1052; x_wconf 90' lang='lat' dir='ltr'><strong>clausa</strong></span> <span class='ocrx_word' id='word_1_58' title='bbox 1071 989 1204 1065; x_wconf 85' lang='lat' dir='ltr'><strong>viarum,</strong></span> 
     </span>
     <span class='ocr_line' id='line_1_9' title="bbox 210 1086 1076 1173; baseline 0.001 -22"><span class='ocrx_word' id='word_1_59' title='bbox 210 1086 288 1151; x_wconf 86' lang='lat' dir='ltr'><strong>Vox</strong></span> <span class='ocrx_word' id='word_1_60' title='bbox 302 1090 505 1166; x_wconf 90' lang='lat' dir='ltr'><strong>obtunditur,</strong></span> <span class='ocrx_word' id='word_1_61' title='bbox 520 1101 619 1173; x_wconf 91' lang='lat' dir='ltr'><strong>atque</strong></span> <span class='ocrx_word' id='word_1_62' title='bbox 635 1090 741 1153; x_wconf 87' lang='lat' dir='ltr'><strong>aureis</strong></span> <span class='ocrx_word' id='word_1_63' title='bbox 758 1090 894 1153; x_wconf 87' lang='lat' dir='ltr'><strong>confusa</strong></span> <span class='ocrx_word' id='word_1_64' title='bbox 908 1099 1076 1172; x_wconf 82' lang='lat' dir='ltr'><strong>penetrat3</strong></span> 
     </span>
     <span class='ocr_line' id='line_1_10' title="bbox 211 1188 1110 1274; baseline 0.001 -23"><span class='ocrx_word' id='word_1_65' title='bbox 211 1188 258 1251; x_wconf 91' lang='lat' dir='ltr'><strong>Et</strong></span> <span class='ocrx_word' id='word_1_66' title='bbox 268 1188 421 1253; x_wconf 29' lang='lat' dir='ltr'><strong>&#39;Sonitum</strong></span> <span class='ocrx_word' id='word_1_67' title='bbox 436 1191 556 1273; x_wconf 91' lang='lat' dir='ltr'><strong>potius,</strong></span> <span class='ocrx_word' id='word_1_68' title='bbox 574 1212 671 1274; x_wconf 89' lang='lat' dir='ltr'><strong>quam</strong></span> <span class='ocrx_word' id='word_1_69' title='bbox 685 1189 809 1267; x_wconf 91' lang='lat' dir='ltr'><strong>Verba,</strong></span> <span class='ocrx_word' id='word_1_70' title='bbox 825 1190 938 1253; x_wconf 91' lang='lat' dir='ltr'><strong>audire</strong></span> <span class='ocrx_word' id='word_1_71' title='bbox 954 1190 1110 1252; x_wconf 88' lang='lat' dir='ltr'><strong>videmur.</strong></span> 
     </span>
     <span class='ocr_line' id='line_1_11' title="bbox 253 1289 1195 1375; baseline -0.001 -21"><span class='ocrx_word' id='word_1_72' title='bbox 253 1289 348 1368; x_wconf 86' lang='lat' dir='ltr'><strong>Haec,</strong></span> <span class='ocrx_word' id='word_1_73' title='bbox 365 1293 457 1375; x_wconf 88' lang='lat' dir='ltr'>queis</span> <span class='ocrx_word' id='word_1_74' title='bbox 473 1293 627 1355; x_wconf 89' lang='lat' dir='ltr'><strong>sentimus</strong></span> <span class='ocrx_word' id='word_1_75' title='bbox 644 1313 786 1367; x_wconf 91' lang='lat' dir='ltr'><strong>succum,</strong></span> <span class='ocrx_word' id='word_1_76' title='bbox 803 1291 912 1374; x_wconf 86' lang='lat' dir='ltr'><strong>lingua</strong></span> <span class='ocrx_word' id='word_1_77' title='bbox 928 1300 1026 1373; x_wconf 91' lang='lat' dir='ltr'><strong>atque</strong></span> <span class='ocrx_word' id='word_1_78' title='bbox 1040 1289 1195 1374; x_wconf 91' lang='lat' dir='ltr'><strong>palatum,</strong></span> 
     </span>
     <span class='ocr_line' id='line_1_12' title="bbox 145 1391 1089 1476; baseline -0.001 -20"><span class='ocrx_word' id='word_1_79' title='bbox 145 1402 194 1449; x_wconf 82' lang='lat'><strong>620</strong></span> <span class='ocrx_word' id='word_1_80' title='bbox 208 1391 397 1457; x_wconf 87' lang='lat' dir='ltr'><strong>Plusculum</strong></span> <span class='ocrx_word' id='word_1_81' title='bbox 411 1393 535 1457; x_wconf 91' lang='lat' dir='ltr'><strong>habent</strong></span> <span class='ocrx_word' id='word_1_82' title='bbox 549 1393 582 1456; x_wconf 91' lang='lat' dir='ltr'><strong>in</strong></span> <span class='ocrx_word' id='word_1_83' title='bbox 597 1415 632 1455; x_wconf 90' lang='lat' dir='ltr'><strong>se</strong></span> <span class='ocrx_word' id='word_1_84' title='bbox 647 1393 795 1468; x_wconf 91' lang='lat' dir='ltr'><strong>rationis,</strong></span> <span class='ocrx_word' id='word_1_85' title='bbox 812 1392 951 1476; x_wconf 90' lang='lat' dir='ltr'><strong>plusque</strong></span> <span class='ocrx_word' id='word_1_86' title='bbox 967 1395 1089 1475; x_wconf 90' lang='lat' dir='ltr'><strong>operai.</strong></span> 
     </span>
     <span class='ocr_line' id='line_1_13' title="bbox 253 1492 1112 1578; baseline 0.001 -22"><span class='ocrx_word' id='word_1_87' title='bbox 253 1493 430 1578; x_wconf 91' lang='lat' dir='ltr'><strong>Principio,</strong></span> <span class='ocrx_word' id='word_1_88' title='bbox 445 1517 577 1559; x_wconf 91' lang='lat' dir='ltr'><strong>succum</strong></span> <span class='ocrx_word' id='word_1_89' title='bbox 593 1495 748 1558; x_wconf 90' lang='lat' dir='ltr'><strong>sentimus</strong></span> <span class='ocrx_word' id='word_1_90' title='bbox 763 1494 796 1556; x_wconf 90' lang='lat' dir='ltr'><strong>in</strong></span> <span class='ocrx_word' id='word_1_91' title='bbox 811 1514 878 1571; x_wconf 91' lang='lat' dir='ltr'><strong>ore,</strong></span> <span class='ocrx_word' id='word_1_92' title='bbox 895 1493 1002 1557; x_wconf 88' lang='lat' dir='ltr'><strong>cibum</strong></span> <span class='ocrx_word' id='word_1_93' title='bbox 1015 1515 1089 1558; x_wconf 88' lang='lat' dir='ltr'><strong>cam</strong></span> <span class='ocrx_word' id='word_1_94' title='bbox 1107 1492 1112 1498; x_wconf 79' lang='grc'><em>’</em></span> 
     </span>
     <span class='ocr_line' id='line_1_14' title="bbox 211 1594 1168 1681; baseline -0.002 -21"><span class='ocrx_word' id='word_1_95' title='bbox 211 1594 402 1661; x_wconf 91' lang='lat' dir='ltr'><strong>Mandendo</strong></span> <span class='ocrx_word' id='word_1_96' title='bbox 418 1598 645 1681; x_wconf 82' lang='lat' dir='ltr'><strong>exprimimus3</strong></span> <span class='ocrx_word' id='word_1_97' title='bbox 669 1618 729 1661; x_wconf 86' lang='lat' dir='ltr'><strong>ceu</strong></span> <span class='ocrx_word' id='word_1_98' title='bbox 744 1595 871 1680; x_wconf 86' lang='lat' dir='ltr'>plenam</span> <span class='ocrx_word' id='word_1_99' title='bbox 888 1596 1057 1680; x_wconf 86' lang='lat' dir='ltr'>spongiam</span> <span class='ocrx_word' id='word_1_100' title='bbox 1072 1599 1168 1679; x_wconf 91' lang='lat' dir='ltr'><strong>aquai</strong></span> 
     </span>
     <span class='ocr_line' id='line_1_15' title="bbox 209 1696 1097 1785; baseline 0.001 -26"><span class='ocrx_word' id='word_1_101' title='bbox 209 1696 245 1760; x_wconf 90' lang='lat' dir='ltr'><strong>Si</strong></span> <span class='ocrx_word' id='word_1_102' title='bbox 260 1699 332 1782; x_wconf 91' lang='lat' dir='ltr'><strong>quis</strong></span> <span class='ocrx_word' id='word_1_103' title='bbox 347 1699 430 1764; x_wconf 87' lang='lat' dir='ltr'><strong>forte</strong></span> <span class='ocrx_word' id='word_1_104' title='bbox 445 1722 541 1764; x_wconf 89' lang='lat' dir='ltr'><strong>manu</strong></span> <span class='ocrx_word' id='word_1_105' title='bbox 557 1721 716 1785; x_wconf 84' lang='lat' dir='ltr'><strong>premere,</strong></span> <span class='ocrx_word' id='word_1_106' title='bbox 733 1699 963 1781; x_wconf 86' lang='lat' dir='ltr'><strong>exsiccareque</strong></span> <span class='ocrx_word' id='word_1_107' title='bbox 978 1697 1097 1781; x_wconf 89' lang='lat' dir='ltr'><strong>coepit:</strong></span> 
     </span>
     <span class='ocr_line' id='line_1_16' title="bbox 210 1797 1069 1885; baseline 0.001 -24"><span class='ocrx_word' id='word_1_108' title='bbox 210 1798 302 1877; x_wconf 90' lang='lat' dir='ltr'><strong>Inde,</strong></span> <span class='ocrx_word' id='word_1_109' title='bbox 319 1801 407 1885; x_wconf 94' lang='lat' dir='ltr'><strong>quod</strong></span> <span class='ocrx_word' id='word_1_110' title='bbox 423 1802 643 1885; x_wconf 84' lang='lat' dir='ltr'><strong>exprimimus,</strong></span> <span class='ocrx_word' id='word_1_111' title='bbox 660 1823 720 1885; x_wconf 90' lang='lat' dir='ltr'><strong>per</strong></span> <span class='ocrx_word' id='word_1_112' title='bbox 735 1799 844 1865; x_wconf 91' lang='lat' dir='ltr'><strong>caulas</strong></span> <span class='ocrx_word' id='word_1_113' title='bbox 861 1822 954 1863; x_wconf 92' lang='lat' dir='ltr'><strong>omne</strong></span> <span class='ocrx_word' id='word_1_114' title='bbox 969 1797 1069 1883; x_wconf 90' lang='lat' dir='ltr'><strong>palati</strong></span> 
     </span>
     <span class='ocr_line' id='line_1_17' title="bbox 144 1899 1006 1986; baseline 0.009 -29"><span class='ocrx_word' id='word_1_115' title='bbox 144 1912 192 1958; x_wconf 82' lang='lat'><strong>625</strong></span> <span class='ocrx_word' id='word_1_116' title='bbox 212 1899 357 1979; x_wconf 86' lang='lat' dir='ltr'><strong>Diditur,</strong></span> <span class='ocrx_word' id='word_1_117' title='bbox 374 1913 407 1966; x_wconf 91' lang='lat' dir='ltr'><strong>et</strong></span> <span class='ocrx_word' id='word_1_118' title='bbox 422 1925 504 1966; x_wconf 78' lang='lat' dir='ltr'><strong>rarae</strong></span> <span class='ocrx_word' id='word_1_119' title='bbox 519 1924 580 1986; x_wconf 92' lang='lat' dir='ltr'><strong>per</strong></span> <span class='ocrx_word' id='word_1_120' title='bbox 594 1902 692 1986; x_wconf 85' lang='lat' dir='ltr'><strong>plexa</strong></span> <span class='ocrx_word' id='word_1_121' title='bbox 707 1901 863 1966; x_wconf 87' lang='lat' dir='ltr'><strong>foramina</strong></span> <span class='ocrx_word' id='word_1_122' title='bbox 876 1901 1006 1985; x_wconf 77' lang='lat' dir='ltr'><strong>linguae.</strong></span> 
     </span>
     <span class='ocr_line' id='line_1_18' title="bbox 209 2002 1011 2087; baseline -0.004 -19"><span class='ocrx_word' id='word_1_123' title='bbox 209 2002 293 2068; x_wconf 89' lang='lat' dir='ltr'><strong>Haec</strong></span> <span class='ocrx_word' id='word_1_124' title='bbox 309 2004 366 2066; x_wconf 90' lang='lat' dir='ltr'><strong>ubi</strong></span> <span class='ocrx_word' id='word_1_125' title='bbox 379 2003 471 2067; x_wconf 87' lang='lat' dir='ltr'><strong>laevia</strong></span> <span class='ocrx_word' id='word_1_126' title='bbox 487 2013 562 2067; x_wconf 91' lang='lat' dir='ltr'><strong>sunt</strong></span> <span class='ocrx_word' id='word_1_127' title='bbox 577 2005 734 2067; x_wconf 90' lang='lat' dir='ltr'><strong>manantis</strong></span> <span class='ocrx_word' id='word_1_128' title='bbox 751 2025 888 2087; x_wconf 88' lang='lat' dir='ltr'><strong>corpora</strong></span> <span class='ocrx_word' id='word_1_129' title='bbox 904 2003 1011 2078; x_wconf 87' lang='lat' dir='ltr'><strong>Sueci,</strong></span> 
     </span>
     <span class='ocr_line' id='line_1_19' title="bbox 210 2105 1034 2187; baseline -0.001 -20"><span class='ocrx_word' id='word_1_130' title='bbox 210 2105 360 2168; x_wconf 83' lang='lat' dir='ltr'><strong>Suaviter</strong></span> <span class='ocrx_word' id='word_1_131' title='bbox 375 2105 551 2187; x_wconf 86' lang='lat' dir='ltr'><strong>attingunt,</strong></span> <span class='ocrx_word' id='word_1_132' title='bbox 567 2113 601 2166; x_wconf 92' lang='lat' dir='ltr'><strong>et</strong></span> <span class='ocrx_word' id='word_1_133' title='bbox 616 2105 757 2167; x_wconf 85' lang='lat' dir='ltr'><strong>suaviter</strong></span> <span class='ocrx_word' id='word_1_134' title='bbox 772 2106 878 2168; x_wconf 90' lang='lat' dir='ltr'><strong>omnia</strong></span> <span class='ocrx_word' id='word_1_135' title='bbox 893 2115 1034 2168; x_wconf 90' lang='lat' dir='ltr'><strong>tractant</strong></span> 
     </span>
     <span class='ocr_line' id='line_1_20' title="bbox 209 2204 942 2289; baseline -0.003 -20"><span class='ocrx_word' id='word_1_136' title='bbox 209 2205 356 2269; x_wconf 91' lang='lat' dir='ltr'><strong>Humida</strong></span> <span class='ocrx_word' id='word_1_137' title='bbox 369 2204 491 2288; x_wconf 81' lang='lat' dir='ltr'><strong>linguai</strong></span> <span class='ocrx_word' id='word_1_138' title='bbox 506 2205 627 2269; x_wconf 91' lang='lat' dir='ltr'><strong>circum</strong></span> <span class='ocrx_word' id='word_1_139' title='bbox 642 2206 792 2270; x_wconf 87' lang='lat' dir='ltr'><strong>sudantia</strong></span> <span class='ocrx_word' id='word_1_140' title='bbox 807 2205 942 2289; x_wconf 90' lang='lat' dir='ltr'><strong>templa:</strong></span> 
     </span>
     <span class='ocr_line' id='line_1_21' title="bbox 208 2304 1088 2389; baseline -0.002 -20"><span class='ocrx_word' id='word_1_141' title='bbox 208 2304 256 2370; x_wconf 89' lang='lat' dir='ltr'><strong>At</strong></span> <span class='ocrx_word' id='word_1_142' title='bbox 269 2316 381 2369; x_wconf 91' lang='lat' dir='ltr'><strong>contra</strong></span> <span class='ocrx_word' id='word_1_143' title='bbox 394 2315 545 2389; x_wconf 81' lang='lat' dir='ltr'><strong>pungunt</strong></span> <span class='ocrx_word' id='word_1_144' title='bbox 559 2327 699 2382; x_wconf 87' lang='lat' dir='ltr'><strong>sensum,</strong></span> <span class='ocrx_word' id='word_1_145' title='bbox 714 2305 922 2388; x_wconf 89' lang='lat' dir='ltr'><strong>lacerantque</strong></span> <span class='ocrx_word' id='word_1_146' title='bbox 937 2315 1060 2381; x_wconf 91' lang='lat' dir='ltr'><strong>coorta,</strong></span> <span class='ocrx_word' id='word_1_147' title='bbox 1086 2354 1088 2357; x_wconf 80' lang='grc'>.</span> 
     </span>
    </p>
   </div>
   <div class='ocr_carea' id='block_1_3' title="bbox 146 2405 1048 2594">
    <p class='ocr_par' dir='ltr' id='par_1_3' title="bbox 146 2405 1048 2594">
     <span class='ocr_line' id='line_1_22' title="bbox 146 2405 1048 2491; baseline 0.003 -26"><span class='ocrx_word' id='word_1_148' title='bbox 146 2415 194 2465; x_wconf 75' lang='lat' dir='ltr'><strong>aas</strong></span> <span class='ocrx_word' id='word_1_149' title='bbox 212 2406 346 2480; x_wconf 83' lang='lat' dir='ltr'><strong>Quanto</strong></span> <span class='ocrx_word' id='word_1_150' title='bbox 361 2428 499 2491; x_wconf 89' lang='lat' dir='ltr'><strong>quaeque</strong></span> <span class='ocrx_word' id='word_1_151' title='bbox 514 2406 616 2490; x_wconf 85' lang='lat' dir='ltr'><strong>magis</strong></span> <span class='ocrx_word' id='word_1_152' title='bbox 633 2416 708 2468; x_wconf 90' lang='lat' dir='ltr'><strong>sunt</strong></span> <span class='ocrx_word' id='word_1_153' title='bbox 724 2407 898 2490; x_wconf 86' lang='lat' dir='ltr'><strong>asperitate</strong></span> <span class='ocrx_word' id='word_1_154' title='bbox 913 2405 1048 2490; x_wconf 84' lang='lat' dir='ltr'><strong>repleta.</strong></span> 
     </span>
     <span class='ocr_line' id='line_1_23' title="bbox 253 2506 1015 2594; baseline -0.003 -23"><span class='ocrx_word' id='word_1_155' title='bbox 253 2508 385 2572; x_wconf 91' lang='lat' dir='ltr'><strong>Deinde</strong></span> <span class='ocrx_word' id='word_1_156' title='bbox 399 2506 548 2590; x_wconf 88' lang='lat' dir='ltr'><strong>voluptas</strong></span> <span class='ocrx_word' id='word_1_157' title='bbox 563 2517 614 2572; x_wconf 88' lang='lat' dir='ltr'><strong>est</strong></span> <span class='ocrx_word' id='word_1_158' title='bbox 629 2528 648 2572; x_wconf 93' lang='lat' dir='ltr'><strong>e</strong></span> <span class='ocrx_word' id='word_1_159' title='bbox 665 2529 761 2572; x_wconf 87' lang='lat' dir='ltr'><strong>succo</strong></span> <span class='ocrx_word' id='word_1_160' title='bbox 776 2508 808 2571; x_wconf 90' lang='lat' dir='ltr'><strong>in</strong></span> <span class='ocrx_word' id='word_1_161' title='bbox 823 2507 888 2575; x_wconf 90' lang='lat' dir='ltr'><strong>fine</strong></span> <span class='ocrx_word' id='word_1_162' title='bbox 904 2507 1015 2594; x_wconf 87' lang='lat' dir='ltr'><strong>palati,</strong></span> 
     </span>
    </p>
   </div>
   <div class='ocr_carea' id='block_1_4' title="bbox 123 2651 1231 4372">
    <p class='ocr_par' dir='ltr' id='par_1_4' title="bbox 123 2651 1231 3361">
     <span class='ocr_line' id='line_1_24' title="bbox 133 2651 1231 2717; baseline -0.001 -16"><span class='ocrx_word' id='word_1_163' title='bbox 133 2690 136 2701; x_wconf 89' lang='lat'>.</span> <span class='ocrx_word' id='word_1_164' title='bbox 155 2651 211 2700; x_wconf 83' lang='lat'><strong>619.</strong></span> <span class='ocrx_word' id='word_1_165' title='bbox 235 2653 301 2710; x_wconf 84' lang='lat' dir='ltr'><strong>Hoeo,</strong></span> <span class='ocrx_word' id='word_1_166' title='bbox 320 2656 383 2715; x_wconf 78' lang='lat' dir='ltr'><strong>queis</strong></span> <span class='ocrx_word' id='word_1_167' title='bbox 400 2656 515 2712; x_wconf 76' lang='lat' dir='ltr'><strong>sentimas,</strong></span> <span class='ocrx_word' id='word_1_168' title='bbox 534 2653 591 2716; x_wconf 80' lang='lat' dir='ltr'><strong>eta]</strong></span> <span class='ocrx_word' id='word_1_169' title='bbox 609 2655 660 2702; x_wconf 86' lang='lat' dir='ltr'><strong>Nec</strong></span> <span class='ocrx_word' id='word_1_170' title='bbox 693 2652 786 2702; x_wconf 73' lang='grc' dir='ltr'>Γλυκὺν</span> <span class='ocrx_word' id='word_1_171' title='bbox 799 2652 844 2714; x_wconf 77' lang='grc' dir='ltr'><strong>μὲν</strong></span> <span class='ocrx_word' id='word_1_172' title='bbox 860 2651 904 2704; x_wconf 70' lang='grc' dir='ltr'><strong>τὸν</strong></span> <span class='ocrx_word' id='word_1_173' title='bbox 924 2651 1084 2717; x_wconf 73' lang='grc' dir='ltr'><strong>στρογγύλον,</strong></span> <span class='ocrx_word' id='word_1_174' title='bbox 1103 2651 1143 2702; x_wconf 78' lang='lat' dir='ltr'><strong>sal</strong></span> <span class='ocrx_word' id='word_1_175' title='bbox 1160 2653 1231 2712; x_wconf 59' lang='grc' dir='ltr'><strong>εὐμμ,</strong></span> 
     </span>
     <span class='ocr_line' id='line_1_25' title="bbox 124 2715 1227 2782; baseline 0.002 -18"><span class='ocrx_word' id='word_1_176' title='bbox 124 2720 188 2778; x_wconf 76' lang='lat' dir='ltr'><strong>queis</strong></span> <span class='ocrx_word' id='word_1_177' title='bbox 208 2721 317 2765; x_wconf 76' lang='lat' dir='ltr'><strong>sentimur</strong></span> <span class='ocrx_word' id='word_1_178' title='bbox 336 2733 393 2765; x_wconf 91' lang='lat' dir='ltr'><strong>cum</strong></span> <span class='ocrx_word' id='word_1_179' title='bbox 416 2718 495 2766; x_wconf 86' lang='lat' dir='ltr'><strong>Fabro</strong></span> <span class='ocrx_word' id='word_1_180' title='bbox 516 2719 591 2781; x_wconf 82' lang='lat' dir='ltr'><strong>legas,</strong></span> <span class='ocrx_word' id='word_1_181' title='bbox 611 2735 660 2766; x_wconf 92' lang='lat' dir='ltr'><strong>non</strong></span> <span class='ocrx_word' id='word_1_182' title='bbox 692 2716 753 2778; x_wconf 78' lang='grc' dir='ltr'><strong>γέθη</strong></span> <span class='ocrx_word' id='word_1_183' title='bbox 764 2721 832 2776; x_wconf 77' lang='lat' dir='ltr'><strong>rosei,</strong></span> <span class='ocrx_word' id='word_1_184' title='bbox 845 2715 1227 2782; x_wconf 76' lang='grc' dir='ltr'>Στρυφνὺνδὲτὺνμεγολότχη-</span> 
     </span>
     <span class='ocr_line' id='line_1_26' title="bbox 123 2780 1227 2847; baseline 0.003 -20"><span class='ocrx_word' id='word_1_185' title='bbox 123 2780 189 2828; x_wconf 87' lang='lat' dir='ltr'><strong>enim</strong></span> <span class='ocrx_word' id='word_1_186' title='bbox 201 2781 272 2844; x_wconf 88' lang='lat' dir='ltr'><strong>plura</strong></span> <span class='ocrx_word' id='word_1_187' title='bbox 283 2791 340 2830; x_wconf 90' lang='lat' dir='ltr'><strong>suut</strong></span> <span class='ocrx_word' id='word_1_188' title='bbox 351 2792 377 2830; x_wconf 90' lang='lat' dir='ltr'><strong>et</strong></span> <span class='ocrx_word' id='word_1_189' title='bbox 387 2782 523 2831; x_wconf 89' lang='lat' dir='ltr'><strong>difficiliora</strong></span> <span class='ocrx_word' id='word_1_190' title='bbox 537 2783 661 2847; x_wconf 84' lang='lat' dir='ltr'><strong>explicatu</strong></span> <span class='ocrx_word' id='word_1_191' title='bbox 692 2801 743 2842; x_wconf 83' lang='grc' dir='ltr'>μον,</span> <span class='ocrx_word' id='word_1_192' title='bbox 756 2782 852 2846; x_wconf 81' lang='grc' dir='ltr'>Τραχὺν</span> <span class='ocrx_word' id='word_1_193' title='bbox 860 2782 886 2832; x_wconf 75' lang='grc' dir='ltr'><strong>δὲ</strong></span> <span class='ocrx_word' id='word_1_194' title='bbox 897 2783 941 2831; x_wconf 73' lang='grc' dir='ltr'><strong>τὸν</strong></span> <span class='ocrx_word' id='word_1_195' title='bbox 951 2782 1100 2843; x_wconf 74' lang='grc' dir='ltr'>πολυγόνων</span> <span class='ocrx_word' id='word_1_196' title='bbox 1114 2781 1154 2831; x_wconf 79' lang='lat' dir='ltr'><strong>aad</strong></span> <span class='ocrx_word' id='word_1_197' title='bbox 1170 2781 1227 2830; x_wconf 74' lang='grc' dir='ltr'><strong>ἀτε-</strong></span> 
     </span>
     <span class='ocr_line' id='line_1_27' title="bbox 124 2844 1227 2929; baseline 0.001 -36"><span class='ocrx_word' id='word_1_198' title='bbox 124 2845 155 2893; x_wconf 89' lang='lat' dir='ltr'><strong>de</strong></span> <span class='ocrx_word' id='word_1_199' title='bbox 165 2853 245 2908; x_wconf 81' lang='lat' dir='ltr'><strong>gustu,</strong></span> <span class='ocrx_word' id='word_1_200' title='bbox 258 2847 371 2908; x_wconf 90' lang='lat' dir='ltr'><strong>quamde</strong></span> <span class='ocrx_word' id='word_1_201' title='bbox 382 2847 437 2896; x_wconf 90' lang='lat' dir='ltr'><strong>visu</strong></span> <span class='ocrx_word' id='word_1_202' title='bbox 452 2856 477 2894; x_wconf 92' lang='lat' dir='ltr'><strong>et</strong></span> <span class='ocrx_word' id='word_1_203' title='bbox 491 2848 585 2906; x_wconf 86' lang='lat' dir='ltr'><strong>auditu,</strong></span> <span class='ocrx_word' id='word_1_204' title='bbox 602 2863 659 2911; x_wconf 88' lang='lat' dir='ltr'><strong>pro·</strong></span> <span class='ocrx_word' id='word_1_205' title='bbox 691 2849 781 2910; x_wconf 80' lang='grc' dir='ltr'>ριφερῆ,</span> <span class='ocrx_word' id='word_1_206' title='bbox 795 2847 884 2911; x_wconf 81' lang='grc' dir='ltr'>Δριμὺν</span> <span class='ocrx_word' id='word_1_207' title='bbox 894 2845 921 2895; x_wconf 80' lang='grc' dir='ltr'><strong>δὲ</strong></span> <span class='ocrx_word' id='word_1_208' title='bbox 931 2844 975 2895; x_wconf 71' lang='grc' dir='ltr'><strong>τὸν</strong></span> <span class='ocrx_word' id='word_1_209' title='bbox 984 2849 1104 2929; x_wconf 76' lang='grc' dir='ltr'>περιφερῆ,</span> <span class='ocrx_word' id='word_1_210' title='bbox 1116 2846 1155 2895; x_wconf 80' lang='lat' dir='ltr'><strong>aul</strong></span> <span class='ocrx_word' id='word_1_211' title='bbox 1167 2855 1227 2894; x_wconf 81' lang='grc' dir='ltr'>λετ-</span> 
     </span>
     <span class='ocr_line' id='line_1_28' title="bbox 123 2909 1229 2974; baseline -0.003 -13"><span class='ocrx_word' id='word_1_212' title='bbox 123 2909 242 2961; x_wconf 89' lang='lat' dir='ltr'><strong>blemata:</strong></span> <span class='ocrx_word' id='word_1_213' title='bbox 265 2920 391 2974; x_wconf 84' lang='lat' dir='ltr'><strong>gustamus</strong></span> <span class='ocrx_word' id='word_1_214' title='bbox 410 2911 484 2969; x_wconf 89' lang='lat' dir='ltr'><strong>enim,</strong></span> <span class='ocrx_word' id='word_1_215' title='bbox 501 2928 524 2960; x_wconf 85' lang='lat' dir='ltr'><strong>v.</strong></span> <span class='ocrx_word' id='word_1_216' title='bbox 546 2914 582 2960; x_wconf 82' lang='lat'><strong>18.</strong></span> <span class='ocrx_word' id='word_1_217' title='bbox 603 2927 660 2960; x_wconf 91' lang='lat' dir='ltr'><strong>cum</strong></span> <span class='ocrx_word' id='word_1_218' title='bbox 692 2910 742 2969; x_wconf 77' lang='lat' dir='ltr'><strong>rba,</strong></span> <span class='ocrx_word' id='word_1_219' title='bbox 754 2910 795 2960; x_wconf 82' lang='lat' dir='ltr'><strong>aul</strong></span> <span class='ocrx_word' id='word_1_220' title='bbox 805 2914 926 2972; x_wconf 81' lang='grc' dir='ltr'><strong>γωνοειδῆ,</strong></span> <span class='ocrx_word' id='word_1_221' title='bbox 939 2911 979 2960; x_wconf 78' lang='lat' dir='ltr'><strong>sal</strong></span> <span class='ocrx_word' id='word_1_222' title='bbox 990 2921 1124 2971; x_wconf 81' lang='grc' dir='ltr'>κορτυλον·</span> <span class='ocrx_word' id='word_1_223' title='bbox 1139 2910 1229 2970; x_wconf 75' lang='lat' dir='ltr'><strong>&#39;sapu-</strong></span> 
     </span>
     <span class='ocr_line' id='line_1_29' title="bbox 123 2973 1229 3039; baseline 0.001 -18"><span class='ocrx_word' id='word_1_224' title='bbox 123 2989 211 3022; x_wconf 89' lang='lat' dir='ltr'><strong>succus</strong></span> <span class='ocrx_word' id='word_1_225' title='bbox 230 2990 244 3022; x_wconf 85' lang='lat' dir='ltr'><strong>e</strong></span> <span class='ocrx_word' id='word_1_226' title='bbox 261 2990 289 3022; x_wconf 91' lang='lat' dir='ltr'><strong>re</strong></span> <span class='ocrx_word' id='word_1_227' title='bbox 308 2975 399 3039; x_wconf 89' lang='lat' dir='ltr'><strong>sapida,</strong></span> <span class='ocrx_word' id='word_1_228' title='bbox 423 2985 538 3038; x_wconf 91' lang='lat' dir='ltr'><strong>tanquam</strong></span> <span class='ocrx_word' id='word_1_229' title='bbox 560 2992 624 3038; x_wconf 88' lang='lat' dir='ltr'><strong>aqua</strong></span> <span class='ocrx_word' id='word_1_230' title='bbox 646 2991 660 3023; x_wconf 90' lang='lat' dir='ltr'><strong>e</strong></span> <span class='ocrx_word' id='word_1_231' title='bbox 692 2976 734 3036; x_wconf 76' lang='lat' dir='ltr'><strong>pbr</strong></span> <span class='ocrx_word' id='word_1_232' title='bbox 752 2973 779 3024; x_wconf 74' lang='lat' dir='ltr'><strong>bl</strong></span> <span class='ocrx_word' id='word_1_233' title='bbox 798 2976 841 3024; x_wconf 76' lang='grc' dir='ltr'><strong>τὸν</strong></span> <span class='ocrx_word' id='word_1_234' title='bbox 861 2978 982 3037; x_wconf 62' lang='lat' dir='ltr'><strong>perorabit,</strong></span> <span class='ocrx_word' id='word_1_235' title='bbox 999 2974 1042 3025; x_wconf 74' lang='lat' dir='ltr'><strong>real</strong></span> <span class='ocrx_word' id='word_1_236' title='bbox 1061 2973 1168 3031; x_wconf 77' lang='grc' dir='ltr'>σκόλιον,</span> <span class='ocrx_word' id='word_1_237' title='bbox 1189 2974 1229 3023; x_wconf 71' lang='lat' dir='ltr'><strong>aui</strong></span> 
     </span>
     <span class='ocr_line' id='line_1_30' title="bbox 124 3037 1229 3104; baseline 0 -18"><span class='ocrx_word' id='word_1_238' title='bbox 124 3038 233 3102; x_wconf 83' lang='lat' dir='ltr'><strong>spongia,</strong></span> <span class='ocrx_word' id='word_1_239' title='bbox 241 3054 371 3103; x_wconf 83' lang='lat' dir='ltr'><strong>expressus</strong></span> <span class='ocrx_word' id='word_1_240' title='bbox 381 3041 406 3088; x_wconf 89' lang='lat' dir='ltr'><strong>io</strong></span> <span class='ocrx_word' id='word_1_241' title='bbox 416 3056 541 3102; x_wconf 82' lang='lat' dir='ltr'><strong>organum,</strong></span> <span class='ocrx_word' id='word_1_242' title='bbox 551 3041 660 3104; x_wconf 90' lang='lat' dir='ltr'><strong>palatum</strong></span> <span class='ocrx_word' id='word_1_243' title='bbox 693 3039 817 3097; x_wconf 67' lang='lat' dir='ltr'><strong>troarnensi,</strong></span> <span class='ocrx_word' id='word_1_244' title='bbox 835 3039 918 3102; x_wconf 74' lang='grc' dir='ltr'>πικρὸν</span> <span class='ocrx_word' id='word_1_245' title='bbox 940 3037 966 3088; x_wconf 73' lang='grc' dir='ltr'><strong>δὲ</strong></span> <span class='ocrx_word' id='word_1_246' title='bbox 985 3039 1029 3088; x_wconf 77' lang='grc' dir='ltr'><strong>τὸν</strong></span> <span class='ocrx_word' id='word_1_247' title='bbox 1046 3057 1099 3101; x_wconf 73' lang='lat' dir='ltr'><strong>repr</strong></span> <span class='ocrx_word' id='word_1_248' title='bbox 1119 3040 1167 3100; x_wconf 76' lang='grc' dir='ltr'><strong>ερῆ,</strong></span> <span class='ocrx_word' id='word_1_249' title='bbox 1188 3038 1229 3087; x_wconf 61' lang='grc' dir='ltr'><strong>καὶ</strong></span> 
     </span>
     <span class='ocr_line' id='line_1_31' title="bbox 124 3100 1229 3168; baseline 0.002 -19"><span class='ocrx_word' id='word_1_250' title='bbox 124 3102 270 3166; x_wconf 65' lang='lat' dir='ltr'><strong>linquamus,</strong></span> <span class='ocrx_word' id='word_1_251' title='bbox 292 3114 411 3168; x_wconf 76' lang='lat' dir='ltr'><strong>penetret</strong></span> <span class='ocrx_word' id='word_1_252' title='bbox 449 3105 497 3160; x_wconf 87' lang='lat' dir='ltr'><strong>Qui</strong></span> <span class='ocrx_word' id='word_1_253' title='bbox 524 3121 610 3153; x_wconf 88' lang='lat' dir='ltr'><strong>succus</strong></span> <span class='ocrx_word' id='word_1_254' title='bbox 637 3104 660 3152; x_wconf 87' lang='lat' dir='ltr'><strong>si</strong></span> <span class='ocrx_word' id='word_1_255' title='bbox 692 3106 760 3152; x_wconf 79' lang='grc' dir='ltr'>λεῖον</span> <span class='ocrx_word' id='word_1_256' title='bbox 783 3103 874 3167; x_wconf 82' lang='grc' dir='ltr'>ἔχοντα</span> <span class='ocrx_word' id='word_1_257' title='bbox 896 3103 1051 3162; x_wconf 75' lang='grc' dir='ltr'>σκολιότητα,</span> <span class='ocrx_word' id='word_1_258' title='bbox 1078 3121 1096 3162; x_wconf 88' lang='grc' dir='ltr'><em>μ</em></span> <span class='ocrx_word' id='word_1_259' title='bbox 1128 3108 1179 3152; x_wconf 72' lang='lat' dir='ltr'><strong>etos</strong></span> <span class='ocrx_word' id='word_1_260' title='bbox 1202 3100 1229 3151; x_wconf 72' lang='grc' dir='ltr'><strong>δὲ</strong></span> 
     </span>
     <span class='ocr_line' id='line_1_32' title="bbox 124 3165 1227 3232; baseline 0 -17"><span class='ocrx_word' id='word_1_261' title='bbox 124 3177 219 3218; x_wconf 81' lang='lat' dir='ltr'><strong>constet</strong></span> <span class='ocrx_word' id='word_1_262' title='bbox 228 3184 261 3216; x_wconf 84' lang='lat' dir='ltr'><strong>ex</strong></span> <span class='ocrx_word' id='word_1_263' title='bbox 270 3169 422 3232; x_wconf 76' lang='lat' dir='ltr'><strong>corpusculis</strong></span> <span class='ocrx_word' id='word_1_264' title='bbox 433 3185 462 3217; x_wconf 90' lang='lat' dir='ltr'><strong>ea</strong></span> <span class='ocrx_word' id='word_1_265' title='bbox 472 3169 567 3217; x_wconf 88' lang='lat' dir='ltr'><strong>ratione</strong></span> <span class='ocrx_word' id='word_1_266' title='bbox 583 3169 659 3216; x_wconf 88' lang='lat' dir='ltr'><strong>confi·</strong></span> <span class='ocrx_word' id='word_1_267' title='bbox 691 3166 782 3230; x_wconf 71' lang='grc' dir='ltr'>μικρόν·</span> <span class='ocrx_word' id='word_1_268' title='bbox 793 3167 896 3232; x_wconf 73' lang='grc' dir='ltr'>Λιπορὺν</span> <span class='ocrx_word' id='word_1_269' title='bbox 903 3166 928 3216; x_wconf 71' lang='grc' dir='ltr'><strong>δὲ</strong></span> <span class='ocrx_word' id='word_1_270' title='bbox 935 3167 1081 3222; x_wconf 67' lang='lat' dir='ltr'><strong>venamur.</strong></span> <span class='ocrx_word' id='word_1_271' title='bbox 1090 3165 1130 3215; x_wconf 79' lang='lat' dir='ltr'><strong>sal</strong></span> <span class='ocrx_word' id='word_1_272' title='bbox 1138 3182 1227 3228; x_wconf 77' lang='grc' dir='ltr'>στρογ-</span> 
     </span>
     <span class='ocr_line' id='line_1_33' title="bbox 124 3230 1227 3296; baseline -0.001 -17"><span class='ocrx_word' id='word_1_273' title='bbox 124 3231 216 3294; x_wconf 79' lang='lat' dir='ltr'><strong>gumtis</strong></span> <span class='ocrx_word' id='word_1_274' title='bbox 227 3242 255 3280; x_wconf 85' lang='lat' dir='ltr'><strong>ut</strong></span> <span class='ocrx_word' id='word_1_275' title='bbox 270 3233 296 3280; x_wconf 87' lang='lat' dir='ltr'><strong>in</strong></span> <span class='ocrx_word' id='word_1_276' title='bbox 313 3248 431 3296; x_wconf 80' lang='lat' dir='ltr'><strong>organum</strong></span> <span class='ocrx_word' id='word_1_277' title='bbox 446 3242 557 3296; x_wconf 79' lang='lat' dir='ltr'><strong>gustatus</strong></span> <span class='ocrx_word' id='word_1_278' title='bbox 577 3233 660 3290; x_wconf 85' lang='lat' dir='ltr'><strong>effusa,</strong></span> <span class='ocrx_word' id='word_1_279' title='bbox 692 3231 823 3290; x_wconf 63' lang='lat' dir='ltr'><strong>quadani</strong></span> <span class='ocrx_word' id='word_1_280' title='bbox 829 3230 918 3295; x_wconf 80' lang='grc' dir='ltr'>μικρόν.</span> <span class='ocrx_word' id='word_1_281' title='bbox 934 3232 1116 3295; x_wconf 87' lang='lat' dir='ltr'><strong>Theophrastus</strong></span> <span class='ocrx_word' id='word_1_282' title='bbox 1123 3230 1153 3281; x_wconf 88' lang='lat' dir='ltr'><strong>de</strong></span> <span class='ocrx_word' id='word_1_283' title='bbox 1162 3231 1227 3280; x_wconf 85' lang='lat' dir='ltr'><strong>Cau·</strong></span> 
     </span>
     <span class='ocr_line' id='line_1_34' title="bbox 124 3295 1032 3361; baseline -0.003 -17"><span class='ocrx_word' id='word_1_284' title='bbox 124 3297 270 3359; x_wconf 87' lang='lat' dir='ltr'><strong>porulosqne</strong></span> <span class='ocrx_word' id='word_1_285' title='bbox 278 3299 330 3359; x_wconf 77' lang='lat' dir='ltr'><strong>eJus</strong></span> <span class='ocrx_word' id='word_1_286' title='bbox 339 3298 469 3346; x_wconf 86' lang='lat' dir='ltr'><strong>subeuntia</strong></span> <span class='ocrx_word' id='word_1_287' title='bbox 477 3297 588 3361; x_wconf 82' lang='lat' dir='ltr'><strong>apposite</strong></span> <span class='ocrx_word' id='word_1_288' title='bbox 599 3296 660 3360; x_wconf 89' lang='lat' dir='ltr'><strong>ipsis</strong></span> <span class='ocrx_word' id='word_1_289' title='bbox 692 3295 726 3343; x_wconf 89' lang='lat' dir='ltr'><strong>sis</strong></span> <span class='ocrx_word' id='word_1_290' title='bbox 738 3296 817 3344; x_wconf 85' lang='lat' dir='ltr'><strong>Plant</strong></span> <span class='ocrx_word' id='word_1_291' title='bbox 830 3296 871 3343; x_wconf 87' lang='lat' dir='ltr'><strong>lib.</strong></span> <span class='ocrx_word' id='word_1_292' title='bbox 884 3296 931 3343; x_wconf 88' lang='lat' dir='ltr'><strong>VI.</strong></span> <span class='ocrx_word' id='word_1_293' title='bbox 944 3311 997 3358; x_wconf 89' lang='lat' dir='ltr'><strong>cap.</strong></span> <span class='ocrx_word' id='word_1_294' title='bbox 1010 3297 1032 3345; x_wconf 81' lang='lat'><strong>2.</strong></span> 
     </span>
    </p>

    <p class='ocr_par' dir='ltr' id='par_1_5' title="bbox 123 3357 1231 4325">
     <span class='ocr_line' id='line_1_35' title="bbox 124 3357 1229 3424; baseline -0.001 -16"><span class='ocrx_word' id='word_1_295' title='bbox 124 3359 211 3408; x_wconf 86' lang='lat' dir='ltr'><strong>iisdem</strong></span> <span class='ocrx_word' id='word_1_296' title='bbox 230 3361 356 3424; x_wconf 87' lang='lat' dir='ltr'><strong>particulis</strong></span> <span class='ocrx_word' id='word_1_297' title='bbox 373 3362 593 3418; x_wconf 84' lang='lat' dir='ltr'><strong>accommodentur,</strong></span> <span class='ocrx_word' id='word_1_298' title='bbox 612 3360 659 3409; x_wconf 88' lang='lat' dir='ltr'><strong>sie·</strong></span> <span class='ocrx_word' id='word_1_299' title='bbox 726 3360 780 3407; x_wconf 80' lang='lat'>628.</span> <span class='ocrx_word' id='word_1_300' title='bbox 798 3362 1043 3423; x_wconf 64' lang='lat' dir='ltr'><strong>Lugeat-sudantia</strong></span> <span class='ocrx_word' id='word_1_301' title='bbox 1054 3357 1151 3420; x_wconf 81' lang='lat' dir='ltr'><strong>templa]</strong></span> <span class='ocrx_word' id='word_1_302' title='bbox 1164 3357 1229 3407; x_wconf 88' lang='lat' dir='ltr'><strong>Satis</strong></span> 
     </span>
     <span class='ocr_line' id='line_1_36' title="bbox 124 3423 1229 3489; baseline -0.001 -17"><span class='ocrx_word' id='word_1_303' title='bbox 124 3440 171 3486; x_wconf 91' lang='lat' dir='ltr'><strong>que</strong></span> <span class='ocrx_word' id='word_1_304' title='bbox 182 3425 263 3489; x_wconf 91' lang='lat' dir='ltr'><strong>ipsum</strong></span> <span class='ocrx_word' id='word_1_305' title='bbox 274 3425 400 3482; x_wconf 87' lang='lat' dir='ltr'><strong>deliniant,</strong></span> <span class='ocrx_word' id='word_1_306' title='bbox 412 3425 572 3481; x_wconf 88' lang='lat' dir='ltr'><strong>demulceant,</strong></span> <span class='ocrx_word' id='word_1_307' title='bbox 585 3435 609 3473; x_wconf 91' lang='lat' dir='ltr'><strong>et</strong></span> <span class='ocrx_word' id='word_1_308' title='bbox 624 3425 660 3472; x_wconf 89' lang='lat' dir='ltr'><strong>le·</strong></span> <span class='ocrx_word' id='word_1_309' title='bbox 694 3424 774 3472; x_wconf 81' lang='lat' dir='ltr'><strong>audax</strong></span> <span class='ocrx_word' id='word_1_310' title='bbox 786 3424 929 3486; x_wconf 87' lang='lat' dir='ltr'><strong>metaphora</strong></span> <span class='ocrx_word' id='word_1_311' title='bbox 940 3423 1017 3471; x_wconf 84' lang='lat' dir='ltr'><strong>videri</strong></span> <span class='ocrx_word' id='word_1_312' title='bbox 1033 3432 1107 3486; x_wconf 88' lang='lat' dir='ltr'><strong>qu&#39;eat</strong></span> <span class='ocrx_word' id='word_1_313' title='bbox 1123 3425 1229 3484; x_wconf 76' lang='lat' dir='ltr'><strong>templum</strong></span> 
     </span>
     <span class='ocr_line' id='line_1_37' title="bbox 125 3487 1227 3553; baseline -0.001 -17"><span class='ocrx_word' id='word_1_314' title='bbox 125 3489 189 3537; x_wconf 87' lang='lat' dir='ltr'><strong>niter</strong></span> <span class='ocrx_word' id='word_1_315' title='bbox 210 3489 360 3553; x_wconf 88' lang='lat' dir='ltr'><strong>placideque,</strong></span> <span class='ocrx_word' id='word_1_316' title='bbox 383 3489 496 3547; x_wconf 84' lang='lat' dir='ltr'><strong>afficiant,</strong></span> <span class='ocrx_word' id='word_1_317' title='bbox 519 3489 601 3538; x_wconf 89' lang='lat' dir='ltr'><strong>suavis</strong></span> <span class='ocrx_word' id='word_1_318' title='bbox 623 3488 659 3536; x_wconf 81' lang='lat' dir='ltr'><strong>ri-</strong></span> <span class='ocrx_word' id='word_1_319' title='bbox 694 3491 779 3550; x_wconf 72' lang='lat' dir='ltr'><strong>lingua</strong></span> <span class='ocrx_word' id='word_1_320' title='bbox 790 3503 835 3551; x_wconf 94' lang='lat' dir='ltr'><strong>pro</strong></span> <span class='ocrx_word' id='word_1_321' title='bbox 846 3488 941 3551; x_wconf 85' lang='lat' dir='ltr'><strong>palato;</strong></span> <span class='ocrx_word' id='word_1_322' title='bbox 958 3488 1002 3536; x_wconf 88' lang='lat' dir='ltr'><strong>sed</strong></span> <span class='ocrx_word' id='word_1_323' title='bbox 1013 3487 1092 3536; x_wconf 83' lang='lat' dir='ltr'><strong>omnir</strong></span> <span class='ocrx_word' id='word_1_324' title='bbox 1103 3487 1171 3535; x_wconf 89' lang='lat' dir='ltr'><strong>locus</strong></span> <span class='ocrx_word' id='word_1_325' title='bbox 1184 3503 1227 3535; x_wconf 83' lang='lat' dir='ltr'><strong>ex·</strong></span> 
     </span>
     <span class='ocr_line' id='line_1_38' title="bbox 125 3551 1229 3617; baseline 0 -17"><span class='ocrx_word' id='word_1_326' title='bbox 125 3553 211 3610; x_wconf 66' lang='lat' dir='ltr'><strong>datura</strong></span> <span class='ocrx_word' id='word_1_327' title='bbox 238 3553 259 3602; x_wconf 90' lang='lat' dir='ltr'><strong>si</strong></span> <span class='ocrx_word' id='word_1_328' title='bbox 280 3570 337 3602; x_wconf 88' lang='lat' dir='ltr'><strong>vero</strong></span> <span class='ocrx_word' id='word_1_329' title='bbox 357 3553 500 3617; x_wconf 88' lang='lat' dir='ltr'><strong>corpuscula</strong></span> <span class='ocrx_word' id='word_1_330' title='bbox 521 3569 549 3601; x_wconf 91' lang='lat' dir='ltr'><strong>ea</strong></span> <span class='ocrx_word' id='word_1_331' title='bbox 566 3554 660 3602; x_wconf 88' lang='lat' dir='ltr'><strong>ratione</strong></span> <span class='ocrx_word' id='word_1_332' title='bbox 693 3561 777 3600; x_wconf 83' lang='lat' dir='ltr'><strong>tenus</strong></span> <span class='ocrx_word' id='word_1_333' title='bbox 787 3560 906 3615; x_wconf 87' lang='lat' dir='ltr'><strong>etpatens</strong></span> <span class='ocrx_word' id='word_1_334' title='bbox 915 3551 940 3600; x_wconf 91' lang='lat' dir='ltr'><strong>in</strong></span> <span class='ocrx_word' id='word_1_335' title='bbox 951 3552 1027 3600; x_wconf 82' lang='lat' dir='ltr'><strong>veteri</strong></span> <span class='ocrx_word' id='word_1_336' title='bbox 1040 3551 1111 3600; x_wconf 88' lang='lat' dir='ltr'><strong>Latio</strong></span> <span class='ocrx_word' id='word_1_337' title='bbox 1122 3554 1229 3613; x_wconf 80' lang='lat' dir='ltr'><strong>templum</strong></span> 
     </span>
     <span class='ocr_line' id='line_1_39' title="bbox 123 3616 1228 3682; baseline -0.002 -15"><span class='ocrx_word' id='word_1_338' title='bbox 123 3618 314 3682; x_wconf 78' lang='lat' dir='ltr'><strong>configurantur,</strong></span> <span class='ocrx_word' id='word_1_339' title='bbox 326 3627 354 3667; x_wconf 91' lang='lat' dir='ltr'><strong>ut</strong></span> <span class='ocrx_word' id='word_1_340' title='bbox 364 3619 391 3666; x_wconf 92' lang='lat' dir='ltr'><strong>in</strong></span> <span class='ocrx_word' id='word_1_341' title='bbox 401 3618 500 3682; x_wconf 90' lang='lat' dir='ltr'><strong>porulos</strong></span> <span class='ocrx_word' id='word_1_342' title='bbox 509 3618 593 3682; x_wconf 81' lang='lat' dir='ltr'><strong>organi</strong></span> <span class='ocrx_word' id='word_1_343' title='bbox 602 3619 659 3666; x_wconf 88' lang='lat' dir='ltr'><strong>sub·</strong></span> <span class='ocrx_word' id='word_1_344' title='bbox 693 3616 831 3665; x_wconf 84' lang='lat' dir='ltr'><strong>dicebatur:</strong></span> <span class='ocrx_word' id='word_1_345' title='bbox 850 3617 938 3664; x_wconf 88' lang='lat' dir='ltr'><strong>deinde</strong></span> <span class='ocrx_word' id='word_1_346' title='bbox 954 3617 983 3664; x_wconf 78' lang='lat' dir='ltr'><strong>rb</strong></span> <span class='ocrx_word' id='word_1_347' title='bbox 997 3619 1101 3679; x_wconf 77' lang='grc' dir='ltr'>ὑπερῶον</span> <span class='ocrx_word' id='word_1_348' title='bbox 1111 3632 1155 3664; x_wconf 91' lang='lat' dir='ltr'><strong>seu</strong></span> <span class='ocrx_word' id='word_1_349' title='bbox 1172 3617 1228 3665; x_wconf 72' lang='lat' dir='ltr'><strong>irre·</strong></span> 
     </span>
     <span class='ocr_line' id='line_1_40' title="bbox 125 3680 1229 3746; baseline -0.001 -16"><span class='ocrx_word' id='word_1_350' title='bbox 125 3683 215 3742; x_wconf 88' lang='lat' dir='ltr'><strong>euntia,</strong></span> <span class='ocrx_word' id='word_1_351' title='bbox 232 3683 296 3732; x_wconf 86' lang='lat' dir='ltr'><strong>hand</strong></span> <span class='ocrx_word' id='word_1_352' title='bbox 313 3683 419 3732; x_wconf 86' lang='lat' dir='ltr'><strong>debitam</strong></span> <span class='ocrx_word' id='word_1_353' title='bbox 435 3683 541 3731; x_wconf 88' lang='lat' dir='ltr'><strong>habeant</strong></span> <span class='ocrx_word' id='word_1_354' title='bbox 552 3699 608 3731; x_wconf 87' lang='lat' dir='ltr'><strong>cum</strong></span> <span class='ocrx_word' id='word_1_355' title='bbox 622 3683 659 3746; x_wconf 90' lang='lat' dir='ltr'><strong>ip·</strong></span> <span class='ocrx_word' id='word_1_356' title='bbox 692 3684 747 3744; x_wconf 78' lang='grc' dir='ltr'><strong>ρῶα,</strong></span> <span class='ocrx_word' id='word_1_357' title='bbox 757 3696 872 3744; x_wconf 88' lang='lat' dir='ltr'><strong>quavoce</strong></span> <span class='ocrx_word' id='word_1_358' title='bbox 882 3681 1073 3743; x_wconf 82' lang='lat' dir='ltr'><strong>Graecipalutum</strong></span> <span class='ocrx_word' id='word_1_359' title='bbox 1082 3680 1229 3744; x_wconf 78' lang='lat' dir='ltr'><strong>significant,</strong></span> 
     </span>
     <span class='ocr_line' id='line_1_41' title="bbox 125 3745 1228 3811; baseline -0.002 -16"><span class='ocrx_word' id='word_1_360' title='bbox 125 3747 159 3796; x_wconf 87' lang='lat' dir='ltr'><strong>sis</strong></span> <span class='ocrx_word' id='word_1_361' title='bbox 174 3748 442 3805; x_wconf 87' lang='lat' dir='ltr'><strong>commensurationem,</strong></span> <span class='ocrx_word' id='word_1_362' title='bbox 458 3749 523 3796; x_wconf 88' lang='lat' dir='ltr'><strong>unde</strong></span> <span class='ocrx_word' id='word_1_363' title='bbox 542 3757 566 3795; x_wconf 90' lang='lat' dir='ltr'><strong>et</strong></span> <span class='ocrx_word' id='word_1_364' title='bbox 584 3747 660 3811; x_wconf 87' lang='lat' dir='ltr'><strong>parti-</strong></span> <span class='ocrx_word' id='word_1_365' title='bbox 693 3755 758 3794; x_wconf 89' lang='lat' dir='ltr'><strong>utet</strong></span> <span class='ocrx_word' id='word_1_366' title='bbox 773 3745 938 3808; x_wconf 61' lang='lat' dir='ltr'><strong>viperinam</strong></span> <span class='ocrx_word' id='word_1_367' title='bbox 954 3745 1056 3794; x_wconf 89' lang='lat' dir='ltr'><strong>minoris</strong></span> <span class='ocrx_word' id='word_1_368' title='bbox 1072 3745 1179 3794; x_wconf 74' lang='lat' dir='ltr'><strong>audaciae</strong></span> <span class='ocrx_word' id='word_1_369' title='bbox 1191 3745 1228 3794; x_wconf 82' lang='lat' dir='ltr'><strong>ri·</strong></span> 
     </span>
     <span class='ocr_line' id='line_1_42' title="bbox 125 3810 1231 3875; baseline -0.003 -14"><span class='ocrx_word' id='word_1_370' title='bbox 125 3812 192 3861; x_wconf 92' lang='lat' dir='ltr'><strong>culas</strong></span> <span class='ocrx_word' id='word_1_371' title='bbox 207 3813 316 3875; x_wconf 86' lang='lat' dir='ltr'><strong>ejusdem</strong></span> <span class='ocrx_word' id='word_1_372' title='bbox 333 3821 506 3875; x_wconf 84' lang='lat' dir='ltr'><strong>compungant,</strong></span> <span class='ocrx_word' id='word_1_373' title='bbox 524 3813 660 3869; x_wconf 91' lang='lat' dir='ltr'><strong>concidant,</strong></span> <span class='ocrx_word' id='word_1_374' title='bbox 694 3810 746 3858; x_wconf 90' lang='lat' dir='ltr'><strong>deri</strong></span> <span class='ocrx_word' id='word_1_375' title='bbox 763 3810 860 3868; x_wconf 87' lang='lat' dir='ltr'><strong>debent,</strong></span> <span class='ocrx_word' id='word_1_376' title='bbox 877 3825 1015 3873; x_wconf 88' lang='lat' dir='ltr'><strong>quanquam</strong></span> <span class='ocrx_word' id='word_1_377' title='bbox 1032 3826 1081 3858; x_wconf 92' lang='lat' dir='ltr'><strong>non</strong></span> <span class='ocrx_word' id='word_1_378' title='bbox 1097 3810 1168 3859; x_wconf 87' lang='lat' dir='ltr'><strong>aliter</strong></span> <span class='ocrx_word' id='word_1_379' title='bbox 1184 3825 1231 3873; x_wconf 68' lang='lat' dir='ltr'><strong>pe»</strong></span> 
     </span>
     <span class='ocr_line' id='line_1_43' title="bbox 124 3875 1220 3941; baseline -0.003 -15"><span class='ocrx_word' id='word_1_380' title='bbox 124 3877 270 3941; x_wconf 86' lang='lat' dir='ltr'><strong>discerpant,</strong></span> <span class='ocrx_word' id='word_1_381' title='bbox 289 3886 332 3924; x_wconf 92' lang='lat' dir='ltr'><strong>aut</strong></span> <span class='ocrx_word' id='word_1_382' title='bbox 348 3875 467 3940; x_wconf 88' lang='lat' dir='ltr'><strong>asperiter</strong></span> <span class='ocrx_word' id='word_1_383' title='bbox 482 3886 603 3935; x_wconf 82' lang='lat' dir='ltr'><strong>moveant,</strong></span> <span class='ocrx_word' id='word_1_384' title='bbox 621 3877 659 3924; x_wconf 80' lang='lat' dir='ltr'><strong>iu·</strong></span> <span class='ocrx_word' id='word_1_385' title='bbox 694 3876 787 3923; x_wconf 89' lang='lat' dir='ltr'><strong>destres</strong></span> <span class='ocrx_word' id='word_1_386' title='bbox 799 3875 929 3938; x_wconf 79' lang='lat' dir='ltr'><strong>scriptores</strong></span> <span class='ocrx_word' id='word_1_387' title='bbox 940 3876 1107 3938; x_wconf 89' lang='lat' dir='ltr'><strong>loquebantur.</strong></span> <span class='ocrx_word' id='word_1_388' title='bbox 1135 3877 1220 3923; x_wconf 73' lang='lat' dir='ltr'><strong>maer.</strong></span> 
     </span>
     <span class='ocr_line' id='line_1_44' title="bbox 125 3939 1230 4003; baseline -0.001 -14"><span class='ocrx_word' id='word_1_389' title='bbox 125 3941 206 3990; x_wconf 89' lang='lat' dir='ltr'><strong>suavis</strong></span> <span class='ocrx_word' id='word_1_390' title='bbox 231 3941 334 3999; x_wconf 87' lang='lat' dir='ltr'><strong>videtur,</strong></span> <span class='ocrx_word' id='word_1_391' title='bbox 363 3941 415 3990; x_wconf 87' lang='lat' dir='ltr'><strong>sive</strong></span> <span class='ocrx_word' id='word_1_392' title='bbox 443 3956 545 3999; x_wconf 87' lang='lat' dir='ltr'><strong>amarus,</strong></span> <span class='ocrx_word' id='word_1_393' title='bbox 574 3941 659 3998; x_wconf 86' lang='lat' dir='ltr'><strong>salsus,</strong></span> <span class='ocrx_word' id='word_1_394' title='bbox 725 3941 780 3988; x_wconf 79' lang='grc'><strong>631.</strong></span> <span class='ocrx_word' id='word_1_395' title='bbox 798 3943 881 4000; x_wconf 80' lang='lat' dir='ltr'><strong>Infiae</strong></span> <span class='ocrx_word' id='word_1_396' title='bbox 890 3939 1148 4003; x_wconf 62' lang='lat' dir='ltr'><strong>pomiflvooulams&#39;a</strong></span> <span class='ocrx_word' id='word_1_397' title='bbox 1164 3939 1230 3988; x_wconf 85' lang='lat' dir='ltr'><strong>delet</strong></span> 
     </span>
     <span class='ocr_line' id='line_1_45' title="bbox 124 4003 1229 4066; baseline -0.003 -12"><span class='ocrx_word' id='word_1_398' title='bbox 124 4005 417 4064; x_wconf 54' lang='lat' dir='ltr'><strong>acidmacerbusfflcris,</strong></span> <span class='ocrx_word' id='word_1_399' title='bbox 431 4015 523 4062; x_wconf 87' lang='lat' dir='ltr'><strong>acutus,</strong></span> <span class='ocrx_word' id='word_1_400' title='bbox 540 4015 659 4063; x_wconf 87' lang='lat' dir='ltr'><strong>austerus,</strong></span> <span class='ocrx_word' id='word_1_401' title='bbox 693 4004 836 4053; x_wconf 81' lang='lat' dir='ltr'><strong>Palmariua</strong></span> <span class='ocrx_word' id='word_1_402' title='bbox 873 4007 929 4053; x_wconf 78' lang='lat' dir='ltr'><strong>Fine</strong></span> <span class='ocrx_word' id='word_1_403' title='bbox 942 4007 1025 4066; x_wconf 79' lang='lat' dir='ltr'><strong>palati,</strong></span> <span class='ocrx_word' id='word_1_404' title='bbox 1043 4003 1122 4052; x_wconf 87' lang='lat' dir='ltr'><strong>idest</strong></span> <span class='ocrx_word' id='word_1_405' title='bbox 1139 4018 1229 4065; x_wconf 85' lang='lat' dir='ltr'><strong>quous·</strong></span> 
     </span>
     <span class='ocr_line' id='line_1_46' title="bbox 125 4067 1229 4134; baseline -0.005 -14"><span class='ocrx_word' id='word_1_406' title='bbox 125 4080 170 4120; x_wconf 90' lang='lat' dir='ltr'><strong>eto.</strong></span> <span class='ocrx_word' id='word_1_407' title='bbox 200 4070 433 4134; x_wconf 82' lang='lat' dir='ltr'><strong>Hancopimouem,</strong></span> <span class='ocrx_word' id='word_1_408' title='bbox 452 4080 480 4118; x_wconf 91' lang='lat' dir='ltr'><strong>ut</strong></span> <span class='ocrx_word' id='word_1_409' title='bbox 496 4070 585 4119; x_wconf 86' lang='lat' dir='ltr'><strong>multas</strong></span> <span class='ocrx_word' id='word_1_410' title='bbox 600 4070 660 4118; x_wconf 89' lang='lat' dir='ltr'><strong>alias</strong></span> <span class='ocrx_word' id='word_1_411' title='bbox 693 4085 740 4132; x_wconf 90' lang='lat' dir='ltr'><strong>que</strong></span> <span class='ocrx_word' id='word_1_412' title='bbox 751 4069 860 4132; x_wconf 90' lang='lat' dir='ltr'><strong>palatum</strong></span> <span class='ocrx_word' id='word_1_413' title='bbox 875 4068 1007 4132; x_wconf 80' lang='lat' dir='ltr'><strong>pertingit:</strong></span> <span class='ocrx_word' id='word_1_414' title='bbox 1031 4068 1066 4116; x_wconf 90' lang='lat' dir='ltr'><strong>sic</strong></span> <span class='ocrx_word' id='word_1_415' title='bbox 1084 4067 1229 4122; x_wconf 65' lang='lat' dir='ltr'><strong>Sallustiusr</strong></span> 
     </span>
     <span class='ocr_line' id='line_1_47' title="bbox 124 4129 1229 4198; baseline -0.005 -14"><span class='ocrx_word' id='word_1_416' title='bbox 124 4150 139 4183; x_wconf 88' lang='lat' dir='ltr'><strong>e</strong></span> <span class='ocrx_word' id='word_1_417' title='bbox 151 4134 292 4184; x_wconf 88' lang='lat' dir='ltr'><strong>Democrito</strong></span> <span class='ocrx_word' id='word_1_418' title='bbox 303 4135 390 4184; x_wconf 86' lang='lat' dir='ltr'><strong>sumsit</strong></span> <span class='ocrx_word' id='word_1_419' title='bbox 402 4134 530 4198; x_wconf 84' lang='lat' dir='ltr'><strong>Epicurus,</strong></span> <span class='ocrx_word' id='word_1_420' title='bbox 541 4134 582 4182; x_wconf 87' lang='lat' dir='ltr'><strong>ille</strong></span> <span class='ocrx_word' id='word_1_421' title='bbox 594 4134 660 4182; x_wconf 86' lang='lat' dir='ltr'><strong>enim</strong></span> <span class='ocrx_word' id='word_1_422' title='bbox 692 4137 751 4182; x_wconf 76' lang='lat' dir='ltr'><strong>Fine</strong></span> <span class='ocrx_word' id='word_1_423' title='bbox 759 4137 878 4196; x_wconf 74' lang='lat' dir='ltr'><strong>inguinum</strong></span> <span class='ocrx_word' id='word_1_424' title='bbox 888 4136 1050 4196; x_wconf 78' lang='lat' dir='ltr'><strong>ingrediantur</strong></span> <span class='ocrx_word' id='word_1_425' title='bbox 1061 4147 1130 4180; x_wconf 81' lang='lat' dir='ltr'><strong>mare.</strong></span> <span class='ocrx_word' id='word_1_426' title='bbox 1159 4129 1229 4193; x_wconf 81' lang='lat' dir='ltr'><strong>Apu·</strong></span> 
     </span>
     <span class='ocr_line' id='line_1_48' title="bbox 124 4197 1229 4263; baseline -0.006 -15"><span class='ocrx_word' id='word_1_427' title='bbox 124 4199 227 4262; x_wconf 79' lang='lat' dir='ltr'><strong>singulis</strong></span> <span class='ocrx_word' id='word_1_428' title='bbox 235 4200 361 4263; x_wconf 85' lang='lat' dir='ltr'><strong>saporibus</strong></span> <span class='ocrx_word' id='word_1_429' title='bbox 372 4215 441 4248; x_wconf 91' lang='lat' dir='ltr'><strong>suam</strong></span> <span class='ocrx_word' id='word_1_430' title='bbox 453 4199 556 4262; x_wconf 71' lang='lat' dir='ltr'><strong>liguram</strong></span> <span class='ocrx_word' id='word_1_431' title='bbox 567 4198 659 4247; x_wconf 86' lang='lat' dir='ltr'><strong>tribuit.</strong></span> <span class='ocrx_word' id='word_1_432' title='bbox 693 4198 768 4253; x_wconf 78' lang='lat' dir='ltr'><strong>leius3</strong></span> <span class='ocrx_word' id='word_1_433' title='bbox 786 4201 909 4259; x_wconf 80' lang='lat' dir='ltr'><strong>Paulisper</strong></span> <span class='ocrx_word' id='word_1_434' title='bbox 914 4201 961 4258; x_wconf 69' lang='lat' dir='ltr'><strong>,das</strong></span> <span class='ocrx_word' id='word_1_435' title='bbox 971 4201 1090 4259; x_wconf 75' lang='lat' dir='ltr'><strong>inguinum</strong></span> <span class='ocrx_word' id='word_1_436' title='bbox 1099 4197 1184 4243; x_wconf 72' lang='lat' dir='ltr'><strong>hainin</strong></span> <span class='ocrx_word' id='word_1_437' title='bbox 1192 4209 1229 4246; x_wconf 77' lang='lat' dir='ltr'><strong>re·</strong></span> 
     </span>
     <span class='ocr_line' id='line_1_49' title="bbox 124 4260 760 4325; baseline 0 -15"><span class='ocrx_word' id='word_1_438' title='bbox 124 4261 272 4325; x_wconf 73' lang='grc' dir='ltr'>Δηιιάκριτος</span> <span class='ocrx_word' id='word_1_439' title='bbox 281 4261 307 4312; x_wconf 67' lang='grc' dir='ltr'><strong>δὲ</strong></span> <span class='ocrx_word' id='word_1_440' title='bbox 319 4266 404 4325; x_wconf 62' lang='lat' dir='ltr'><strong>exitas</strong></span> <span class='ocrx_word' id='word_1_441' title='bbox 414 4263 538 4313; x_wconf 76' lang='grc' dir='ltr'>τεοιτιθεὶς</span> <span class='ocrx_word' id='word_1_442' title='bbox 550 4260 660 4324; x_wconf 70' lang='lat' dir='ltr'><strong>rindorp,</strong></span> <span class='ocrx_word' id='word_1_443' title='bbox 694 4271 760 4312; x_wconf 87' lang='lat' dir='ltr'><strong>mota.</strong></span> 
     </span>
    </p>

    <p class='ocr_par' dir='ltr' id='par_1_6' title="bbox 798 4339 839 4372">
     <span class='ocr_line' id='line_1_50' title="bbox 798 4339 839 4372; baseline 0.024 -1"><span class='ocrx_word' id='word_1_444' title='bbox 798 4339 839 4372; x_wconf 79' lang='lat' dir='ltr'><strong>ae</strong></span> 
     </span>
    </p>
   </div>
   <div class='ocr_carea' id='block_1_5' title="bbox 0 0 1440 4852">
    <p class='ocr_par' dir='ltr' id='par_1_7' title="bbox 0 0 1440 4852">
     <span class='ocr_line' id='line_1_51' title="bbox 0 0 1440 4852; baseline 0 0"><span class='ocrx_word' id='word_1_445' title='bbox 0 0 1440 4852; x_wconf 95' lang='lat' dir='ltr'><strong> </strong></span> 
     </span>
    </p>
   </div>
  </div>
 </body>
</html>
