2872 4852
459 222 626 287 LIBER
658 222 962 289 SECUNDUS.

243 376 412 440 Interdum
426 379 566 461 quodam
583 400 681 442 sensu
696 378 746 456 fit,
759 380 811 459 *uti
824 380 974 445 videatur

242 477 332 560 Inter
348 478 529 543 Caeruleum
544 481 673 545 virideis
689 482 823 546 miscere
840 481 1049 566 Smaragdos,

178 592 225 638 805
245 581 422 664 Caudaque
438 582 589 660 PavoniS,
604 582 696 668 larga
710 606 783 649 cum
800 584 890 648 Luce
906 584 1031 668 repleta
1046 586 1097 662 'st,

244 682 408 746 Consimili
423 695 526 749 mutat
542 686 665 750 ratione
681 688 819 750 obversa
834 685 976 763 colores;

242 784 319 862 Qui,
337 787 487 868 quoniam
501 789 642 872 quodam
657 788 835 872 gignuntur
851 786 997 852 Luminis
1013 790 1091 866 ictu,
1170 846 1174 853 .

242 885 371 951 Scilicet
386 889 419 951 id
436 889 504 953 sine
519 912 559 953 eo
572 889 644 953 fieri
658 912 722 955 non
737 911 835 974 posse
850 891 1000 972 putandu
1015 890 1066 954 ‘st

284 989 331 1053 Et
344 991 494 1073 quoniam
509 989 615 1076 plagae
631 991 796 1075 quoddam
810 1013 913 1075 genus
929 992 1050 1076 excipit
1064 993 1097 1055 in
1113 1016 1148 1058 se

177 1103 224 1151 810
239 1091 379 1175 Pupula,
396 1115 469 1156 cum
484 1094 604 1157 sentire
621 1092 771 1158 Colorem
786 1093 904 1157 dicitur
920 1091 1054 1170 Album,

240 1192 352 1277 Atque
367 1194 455 1257 aliud
470 1216 579 1277 porro,
596 1194 738 1278 Nigrum
753 1214 835 1272 oum,
852 1204 885 1259 et
900 1206 1029 1273 caetera,
1046 1197 1162 1275 sentit3

241 1295 315 1358 Nec
330 1295 431 1359 refert
444 1318 492 1372 ea,
509 1318 583 1380 quae
599 1297 716 1380 tangiS,
733 1318 798 1379 quo
813 1295 898 1359 forte
914 1296 1031 1362 Colore

242 1396 386 1460 Praedita
400 1398 474 1474 sint,
491 1419 602 1461 verum
616 1396 704 1480 quali
718 1398 820 1480 magis
835 1409 913 1481 apta
926 1398 1051 1482 figurat

243 1496 333 1561 Scire
348 1497 433 1575 licet,
450 1498 495 1562 nil
510 1498 681 1583 Principiis
697 1521 779 1583 opus
795 1521 867 1564 esse
884 1499 1037 1578 Colores;

178 1610 224 1656 815
243 1599 311 1664 Sed
325 1602 420 1665 variis
435 1600 560 1666 Formis
576 1603 736 1666 variantes
752 1604 851 1667 edere
867 1613 984 1666 tactus.

284 1702 458 1780 Praeterea,
475 1706 625 1789 quoniam
640 1728 705 1769 non
721 1705 817 1771 certis
834 1715 923 1770 certa
937 1705 1052 1790 figuris

240 1804 304 1869 Est
319 1817 434 1870 natura
451 1806 587 1884 Coloris,
605 1818 638 1872 et
654 1810 760 1872 omnia
775 1808 1013 1891 Principiorum

238 1906 462 1974 Formamenta
475 1921 600 1994 queunt
614 1912 647 1974 in
662 1910 776 1994 quovis
792 1931 865 1974 esse
881 1909 1018 1974 Nitore:

239 2008 306 2074 Cur
321 2033 370 2088 ea,
387 2035 461 2095 quae
476 2022 626 2092 constant
640 2034 681 2076 ex
696 2010 770 2088 illis,
786 2034 851 2075 non
865 2012 988 2093 pariter
1005 2022 1081 2076 sunt

175 2124 222 2170 820
241 2112 432 2198 Omnigenis
446 2114 580 2198 perfusa
596 2112 769 2178 Coloribus
785 2113 817 2176 in
833 2135 954 2196 genere
971 2114 1080 2177 omni?

240 2213 462 2280 Conveniebat
477 2217 561 2281 enim
577 2215 700 2280 Corvos
715 2237 845 2298 quoque
862 2236 950 2297 saepe
967 2214 1123 2278 volenteis

239 2314 295 2377 Ex
310 2316 391 2380 albis
407 2316 515 2380 album
530 2317 646 2400 pennis
655 2318 781 2400 jactare
797 2314 949 2391 colorem,

240 2415 287 2480 Et
301 2417 411 2499 nigros
426 2417 499 2480 fieri
513 2419 605 2500 nigro
621 2418 662 2481 de
677 2416 796 2480 semine
814 2413 955 2498 Cycnus,

240 2517 311 2582 Aut
326 2516 388 2582 alio
403 2519 516 2602 quovis
532 2541 608 2596 uno,
626 2518 780 2602 varioque
796 2515 914 2581 colore.

176 2631 222 2678 825
282 2620 468 2693 Quinetiam
484 2631 606 2705 quanto
621 2620 653 2683 in
669 2619 791 2704 parteis
808 2641 859 2683 res
876 2639 1015 2703 quaeque
1030 2620 1168 2684 minutas

186 2800 240 2846 808.
254 2801 346 2847 Scilicet
362 2801 389 2846 id
403 2802 459 2856 rina,
472 2795 528 2861 etc]
540 2797 653 2847 Gifanius
665 2805 690 2846 et
756 2799 810 2846 816.
828 2801 954 2855 Praeterea,
971 2801 1082 2860 quoniam,
1100 2794 1158 2859 eta]
1177 2796 1262 2856 Aliud,

153 2862 202 2920 alii,
216 2866 279 2911 Scire
292 2867 344 2911 iicet
355 2867 404 2912 aine
415 2867 501 2925 eoflcri
513 2881 556 2912 nou
565 2881 630 2926 porse
642 2881 688 2926 pa·
722 2877 745 2911 v.
759 2865 781 2912 9.
794 2863 919 2926 subjungit
930 2872 1108 2926 argumentum,
1125 2861 1215 2926 partim
1229 2877 1261 2910 ex

154 2930 255 2976 tandum.
722 2928 874 2976 confessione
886 2943 968 2976 eorum
978 2936 1062 2975 contra
1074 2942 1134 2989 quos
1145 2925 1260 2989 disputat,

187 2993 241 3040 809.
260 2995 292 3040 m
309 2996 413 3054 quoniam
430 2996 515 3056 plagia,
536 2992 592 3056 etc]
615 2992 691 3040 Aliud
722 2993 812 3056 partim
833 3008 864 3040 ex
883 2992 1021 3041 constantia
1039 2991 1154 3048 colorum,
1173 2990 1261 3053 quiin

154 3067 331 3118 argumentum,
343 3073 365 3105 v.
379 3057 400 3109 7.
413 3057 564 3106 continetur:
584 3058 609 3106 in
622 3058 688 3106 omni
722 3057 825 3106 diversis
834 3073 915 3105 rerum
922 3056 1053 3119 generibus
1063 3065 1188 3119 apparent,
1199 3053 1258 3105 duc-

153 3121 240 3169 colorir
252 3121 407 3184 perceptione
422 3123 515 3186 pupilla
526 3122 590 3171 oculi
602 3137 688 3185 percu·
723 3131 783 3173 tum.
816 3121 865 3176 Qui
877 3121 983 3169 colorata
994 3121 1091 3183 fingunt
1103 3120 1196 3169 semina
1207 3135 1258 3168 cer·

154 3185 220 3244 titur,
231 3185 304 3234 alium
314 3202 372 3234 vero
383 3186 458 3235 ictum
470 3187 545 3235 sentit
556 3202 611 3234 cum
622 3187 690 3235 albus
724 3195 761 3234 tos
772 3186 865 3234 colores
873 3185 946 3233 certis
958 3185 1043 3248 figuris
1054 3200 1104 3232 non
1115 3184 1259 3242 attribuunt,

153 3251 219 3298 color
227 3260 422 3314 repraesentetur,
432 3252 539 3299 etalium
547 3267 603 3299 cum
612 3251 689 3313 niger,
723 3266 773 3298 non
792 3250 914 3298 affirmant
932 3249 1049 3312 quadrata
1069 3247 1151 3295 omnia
1167 3247 1261 3297 semina

153 3324 195 3363 aut
206 3315 285 3377 quivis
297 3315 366 3363 alius.
400 3316 435 3362 At
450 3316 508 3377 quid
523 3315 615 3363 semina
632 3331 689 3379 pos·
724 3314 793 3376 nigra
800 3330 860 3371 ese,
870 3329 915 3360 nec
921 3314 1026 3361 rotunda
1034 3310 1096 3368 alba,
1104 3311 1262 3374 triangularia

152 3380 233 3428 tulent
249 3379 341 3426 colores
353 3379 441 3440 quibus
455 3379 616 3428 diversimode
633 3395 689 3442 per·
723 3378 890 3435 caeruleaetc.
924 3377 998 3424 Unde
1015 3375 1090 3438 igitur
1105 3375 1153 3424 ista
1169 3376 1195 3423 in
1206 3376 1259 3438 qui-

153 3453 236 3491 cutere
249 3453 273 3491 et
284 3443 356 3490 ferire
374 3442 486 3506 possint?
505 3442 627 3506 principia
643 3443 691 3490 ista
723 3442 825 3490 busdam
847 3456 929 3489 rerum
951 3440 1081 3504 generibus
1103 3441 1259 3489 constantia?

153 3507 203 3554 sint
215 3515 309 3555 tantum
318 3507 480 3554 diversimode
492 3507 602 3569 figurata,
610 3506 689 3554 diver·
724 3508 775 3554 Cur
795 3521 879 3553 omnes
899 3506 965 3552 corvi
982 3509 1053 3568 nigri,
1071 3505 1143 3569 cygni
1161 3505 1260 3558 interim

153 3571 247 3619 simode
258 3571 332 3618 etiam
343 3571 468 3635 disposita,
480 3571 537 3618 inde
550 3570 690 3620 variaeima·
724 3574 791 3619 aiii?
818 3570 929 3618 Profecto
945 3578 1076 3632 utrumque
1092 3585 1170 3633 genus
1186 3569 1260 3619 variis

152 3636 223 3700 [ciues
234 3636 363 3694 orirentur,
373 3652 387 3684 a
396 3635 483 3698 quibus
493 3635 577 3683 oculus
587 3635 690 3684 diversi·
723 3634 844 3683 coloribus
860 3634 984 3698 periurum
996 3635 1141 3692 videremus,
1152 3650 1208 3682 cum
1220 3650 1259 3683 se·

152 3702 223 3750 mode
240 3710 415 3766 percuteretur,
428 3710 454 3748 et
464 3699 555 3748 diversi
568 3711 648 3748 motus
665 3700 691 3749 iu
724 3700 797 3758 mina,
810 3715 823 3747 e
835 3699 923 3762 quibus
934 3708 1120 3764 componuntur,
1132 3699 1207 3748 variis
1218 3716 1259 3748 uo-

152 3767 251 3829 orgauis
268 3766 439 3814 excitarentur.
474 3765 549 3813 Visus
566 3765 639 3822 enim,
652 3781 689 3813 se·
723 3765 815 3814 loribus
826 3763 935 3827 contingi
947 3764 1048 3828 possint

152 3832 260 3880 cundum
272 3831 415 3895 Epicurum,
427 3829 577 3887 διὰτῆςτῶν
588 3829 690 3879 εἰδώλων
757 3829 819 3877 lbid.
832 3832 885 3877 Nom
896 3828 1013 3892 certis]li
1032 3829 1104 3876 MSS.
1117 3829 1259 3878 Lambinus.

153 3895 186 3945 eis
196 3896 242 3954 τὴν
254 3895 308 3958 ὄψιν
319 3894 466 3955 ἐμπτώσεως.
722 3897 778 3942 Nisi
789 3897 866 3952 certia,
879 3893 1002 3948 Nardius3
1020 3892 1140 3956 imperite.

185 3963 241 4009 814.
261 3963 323 4022 Opus
339 3977 386 4008 esse
405 3957 505 4021 Colores]
525 3959 564 4007 lta
576 3957 688 4007 Nonius:
756 3961 810 4007 822.
829 3961 944 4006 Emathia
959 3961 1036 4006 albam
1050 3957 1145 4021 penna]
1169 3957 1261 4006 Melius

153 4024 262 4083 Plautus,
274 4029 355 4073 Omaer
365 4027 476 4072 maritimi
487 4024 628 4086 militesjam
636 4041 691 4085 opor
723 4023 804 4072 forsan
811 4027 893 4085 pennis
905 4039 976 4085 quam
985 4027 1077 4084 pariter
1087 4022 1216 4070 Gassendi.

153 4097 207 4136 aaut
228 4093 278 4137 tibi.
308 4088 427 4136 Similiter
445 4088 537 4146 Cicero,
556 4097 581 4136 et
601 4089 689 4136 Caesar.
757 4090 812 4136 825.
828 4091 958 4140 Quinetiam
979 4095 1070 4149 quanto,
1082 4085 1140 4148 eta]
1160 4085 1261 4141 lterum,

155 4152 282 4202 Lucretius
298 4153 358 4217 ipse,
376 4153 417 4200 lib.
433 4153 454 4200 l.
466 4169 488 4201 v.
509 4155 578 4201 1050.
596 4155 691 4214 lifinita
725 4155 746 4201 8.
759 4168 781 4201 v.
794 4152 909 4216 disputat
944 4151 1076 4206 Quodlibet
1091 4163 1180 4258 corpus
1195 4146 1261 4194 colo·

155 4233 210 4277 opto
229 4226 263 4266 ert
279 4221 313 4265 air
330 4220 449 4266 Materia'r'.
489 4219 522 4266 Et
538 4217 578 4265 lib.
599 4218 651 4266 III.
667 4233 690 4266 v.
723 4226 803 4265 ratum
815 4216 904 4273 divide,
917 4231 964 4277 quo
975 4214 1119 4263 minutiores
1149 4218 1194 4257 unt
1222 4224 1260 4257 ar·

156 4281 211 4329 980.
225 4283 334 4331 Materies
345 4299 399 4344 opas
410 4290 451 4330 est.
724 4281 811 4339 ficulae,
824 4297 853 4329 eo
869 4279 969 4328 dilutior
985 4279 1014 4327 fit
1024 4277 1097 4334 color,
1114 4284 1139 4324 et
1154 4283 1196 4321 tan
1214 4288 1261 4337 em,
