<?xml version="1.0" encoding="UTF-8"?>
<!DOCTYPE html PUBLIC "-//W3C//DTD XHTML 1.0 Transitional//EN"
    "http://www.w3.org/TR/xhtml1/DTD/xhtml1-transitional.dtd">
<html xmlns="http://www.w3.org/1999/xhtml" xml:lang="en" lang="en">
 <head>
  <title>
</title>
<meta http-equiv="Content-Type" content="text/html;charset=utf-8" />
  <meta name='ocr-system' content='tesseract 3.04.00' />
  <meta name='ocr-capabilities' content='ocr_page ocr_carea ocr_par ocr_line ocrx_word'/>
</head>
<body>
  <div class='ocr_page' id='page_1' title='image "./titilucretiicar04carugoog_0059.png"; bbox 0 0 2872 4852; ppageno 0'>
   <div class='ocr_carea' id='block_1_1' title="bbox 469 241 892 311">
    <p class='ocr_par' dir='ltr' id='par_1_1' title="bbox 469 241 892 311">
     <span class='ocr_line' id='line_1_1' title="bbox 469 241 892 311; baseline 0.007 -4"><span class='ocrx_word' id='word_1_1' title='bbox 469 241 640 308; x_wconf 85' lang='lat' dir='ltr'><strong>LIBER</strong></span> <span class='ocrx_word' id='word_1_2' title='bbox 671 242 892 311; x_wconf 87' lang='lat' dir='ltr'><strong>PRIMUS.</strong></span> 
     </span>
    </p>
   </div>
   <div class='ocr_carea' id='block_1_2' title="bbox 136 399 1140 2422">
    <p class='ocr_par' dir='ltr' id='par_1_2' title="bbox 136 399 1140 2422">
     <span class='ocr_line' id='line_1_2' title="bbox 210 399 909 486; baseline 0 -21"><span class='ocrx_word' id='word_1_3' title='bbox 210 401 266 465; x_wconf 89' lang='lat' dir='ltr'><strong>Ex</strong></span> <span class='ocrx_word' id='word_1_4' title='bbox 281 421 359 466; x_wconf 88' lang='lat' dir='ltr'><strong>vero</strong></span> <span class='ocrx_word' id='word_1_5' title='bbox 375 399 402 464; x_wconf 88' lang='lat' dir='ltr'><strong>si</strong></span> <span class='ocrx_word' id='word_1_6' title='bbox 417 409 493 466; x_wconf 86' lang='lat' dir='ltr'><strong>sunt</strong></span> <span class='ocrx_word' id='word_1_7' title='bbox 507 399 591 485; x_wconf 84' lang='lat' dir='ltr'><strong>Igni,</strong></span> <span class='ocrx_word' id='word_1_8' title='bbox 606 421 756 486; x_wconf 86' lang='lat' dir='ltr'><strong>puroque</strong></span> <span class='ocrx_word' id='word_1_9' title='bbox 771 402 909 466; x_wconf 83' lang='lat' dir='ltr'><strong>oreatael</strong></span> 
     </span>
     <span class='ocr_line' id='line_1_3' title="bbox 208 501 1034 588; baseline 0.002 -22"><span class='ocrx_word' id='word_1_10' title='bbox 208 503 267 567; x_wconf 92' lang='lat' dir='ltr'><strong>Nil</strong></span> <span class='ocrx_word' id='word_1_11' title='bbox 281 503 455 588; x_wconf 84' lang='lat' dir='ltr'><strong>prodesset</strong></span> <span class='ocrx_word' id='word_1_12' title='bbox 468 503 554 567; x_wconf 89' lang='lat' dir='ltr'><strong>enim</strong></span> <span class='ocrx_word' id='word_1_13' title='bbox 566 502 709 568; x_wconf 80' lang='lat' dir='ltr'><strong>calidum</strong></span> <span class='ocrx_word' id='word_1_14' title='bbox 721 503 892 572; x_wconf 79' lang='lat' dir='ltr'><strong>denserier</strong></span> <span class='ocrx_word' id='word_1_15' title='bbox 907 501 1034 587; x_wconf 75' lang='lat' dir='ltr'><strong>Ignem,</strong></span> 
     </span>
     <span class='ocr_line' id='line_1_4' title="bbox 207 603 882 690; baseline 0.003 -22"><span class='ocrx_word' id='word_1_16' title='bbox 207 604 282 669; x_wconf 86' lang='lat' dir='ltr'><strong>Neo</strong></span> <span class='ocrx_word' id='word_1_17' title='bbox 296 603 452 681; x_wconf 86' lang='lat' dir='ltr'><strong>rarelieri,</strong></span> <span class='ocrx_word' id='word_1_18' title='bbox 469 605 496 668; x_wconf 91' lang='lat' dir='ltr'><strong>si</strong></span> <span class='ocrx_word' id='word_1_19' title='bbox 511 615 623 690; x_wconf 82' lang='lat' dir='ltr'><strong>partes</strong></span> <span class='ocrx_word' id='word_1_20' title='bbox 638 603 729 690; x_wconf 85' lang='lat' dir='ltr'><strong>ignis</strong></span> <span class='ocrx_word' id='word_1_21' title='bbox 744 604 882 670; x_wconf 87' lang='lat' dir='ltr'><strong>eandem</strong></span> 
     </span>
     <span class='ocr_line' id='line_1_5' title="bbox 143 705 1140 792; baseline 0.009 -27"><span class='ocrx_word' id='word_1_22' title='bbox 143 719 191 766; x_wconf 81' lang='grc'><strong>666</strong></span> <span class='ocrx_word' id='word_1_23' title='bbox 209 707 381 784; x_wconf 79' lang='lat' dir='ltr'><strong>Naturam,</strong></span> <span class='ocrx_word' id='word_1_24' title='bbox 396 729 496 792; x_wconf 92' lang='lat' dir='ltr'><strong>quam</strong></span> <span class='ocrx_word' id='word_1_25' title='bbox 510 717 599 773; x_wconf 87' lang='lat' dir='ltr'><strong>totus</strong></span> <span class='ocrx_word' id='word_1_26' title='bbox 613 707 715 773; x_wconf 87' lang='lat' dir='ltr'><strong>habet</strong></span> <span class='ocrx_word' id='word_1_27' title='bbox 730 729 830 792; x_wconf 89' lang='lat' dir='ltr'><strong>super</strong></span> <span class='ocrx_word' id='word_1_28' title='bbox 845 706 947 792; x_wconf 86' lang='lat' dir='ltr'><strong>Ignis,</strong></span> <span class='ocrx_word' id='word_1_29' title='bbox 962 705 1140 774; x_wconf 78' lang='lat' dir='ltr'><strong>haberentt</strong></span> 
     </span>
     <span class='ocr_line' id='line_1_6' title="bbox 206 807 1021 894; baseline 0.002 -22"><span class='ocrx_word' id='word_1_30' title='bbox 206 808 326 873; x_wconf 89' lang='lat' dir='ltr'><strong>Acrior</strong></span> <span class='ocrx_word' id='word_1_31' title='bbox 338 807 453 872; x_wconf 86' lang='lat' dir='ltr'><strong>Ardor</strong></span> <span class='ocrx_word' id='word_1_32' title='bbox 467 809 552 873; x_wconf 89' lang='lat' dir='ltr'><strong>enim</strong></span> <span class='ocrx_word' id='word_1_33' title='bbox 567 808 737 874; x_wconf 80' lang='lat' dir='ltr'><strong>conductis</strong></span> <span class='ocrx_word' id='word_1_34' title='bbox 750 809 899 894; x_wconf 85' lang='lat' dir='ltr'><strong>partibus</strong></span> <span class='ocrx_word' id='word_1_35' title='bbox 913 818 1021 887; x_wconf 83' lang='lat' dir='ltr'><strong>esset3</strong></span> 
     </span>
     <span class='ocr_line' id='line_1_7' title="bbox 207 908 975 997; baseline 0.004 -24"><span class='ocrx_word' id='word_1_36' title='bbox 207 908 411 994; x_wconf 84' lang='lat' dir='ltr'><strong>Languidior</strong></span> <span class='ocrx_word' id='word_1_37' title='bbox 424 932 524 995; x_wconf 91' lang='lat' dir='ltr'><strong>porro</strong></span> <span class='ocrx_word' id='word_1_38' title='bbox 535 911 692 997; x_wconf 84' lang='lat' dir='ltr'><strong>disjectis,</strong></span> <span class='ocrx_word' id='word_1_39' title='bbox 708 911 824 996; x_wconf 89' lang='lat' dir='ltr'><strong>disque</strong></span> <span class='ocrx_word' id='word_1_40' title='bbox 839 912 975 996; x_wconf 87' lang='lat' dir='ltr'><strong>supatis.</strong></span> 
     </span>
     <span class='ocr_line' id='line_1_8' title="bbox 206 1009 1028 1099; baseline 0.005 -24"><span class='ocrx_word' id='word_1_41' title='bbox 206 1009 357 1096; x_wconf 83' lang='lat' dir='ltr'><strong>Amplius</strong></span> <span class='ocrx_word' id='word_1_42' title='bbox 372 1012 436 1077; x_wconf 90' lang='lat' dir='ltr'><strong>hoo</strong></span> <span class='ocrx_word' id='word_1_43' title='bbox 448 1011 522 1078; x_wconf 87' lang='lat' dir='ltr'><strong>fieri</strong></span> <span class='ocrx_word' id='word_1_44' title='bbox 535 1011 615 1078; x_wconf 89' lang='lat' dir='ltr'><strong>nibil</strong></span> <span class='ocrx_word' id='word_1_45' title='bbox 630 1023 696 1090; x_wconf 86' lang='lat' dir='ltr'><strong>est,</strong></span> <span class='ocrx_word' id='word_1_46' title='bbox 707 1014 798 1098; x_wconf 88' lang='lat' dir='ltr'><strong>quod</strong></span> <span class='ocrx_word' id='word_1_47' title='bbox 812 1036 911 1099; x_wconf 88' lang='lat' dir='ltr'><strong>posse</strong></span> <span class='ocrx_word' id='word_1_48' title='bbox 926 1014 1028 1079; x_wconf 82' lang='lat' dir='ltr'><strong>rearis</strong></span> 
     </span>
     <span class='ocr_line' id='line_1_9' title="bbox 207 1112 970 1193; baseline 0.004 -16"><span class='ocrx_word' id='word_1_49' title='bbox 207 1112 345 1178; x_wconf 85' lang='lat' dir='ltr'><strong>Talibus</strong></span> <span class='ocrx_word' id='word_1_50' title='bbox 360 1114 394 1178; x_wconf 90' lang='lat' dir='ltr'><strong>in</strong></span> <span class='ocrx_word' id='word_1_51' title='bbox 406 1115 531 1193; x_wconf 82' lang='lat' dir='ltr'><strong>causis3</strong></span> <span class='ocrx_word' id='word_1_52' title='bbox 555 1115 675 1180; x_wconf 92' lang='lat' dir='ltr'><strong>nedum</strong></span> <span class='ocrx_word' id='word_1_53' title='bbox 689 1116 846 1181; x_wconf 79' lang='lat' dir='ltr'><strong>variantia</strong></span> <span class='ocrx_word' id='word_1_54' title='bbox 860 1138 970 1183; x_wconf 85' lang='lat' dir='ltr'><strong>rerum</strong></span> 
     </span>
     <span class='ocr_line' id='line_1_10' title="bbox 141 1213 1026 1302; baseline 0.011 -29"><span class='ocrx_word' id='word_1_55' title='bbox 141 1226 188 1274; x_wconf 83' lang='grc'><strong>666</strong></span> <span class='ocrx_word' id='word_1_56' title='bbox 208 1213 318 1280; x_wconf 85' lang='lat' dir='ltr'><strong>Tanta</strong></span> <span class='ocrx_word' id='word_1_57' title='bbox 332 1226 432 1300; x_wconf 85' lang='lat' dir='ltr'><strong>queat</strong></span> <span class='ocrx_word' id='word_1_58' title='bbox 446 1215 556 1282; x_wconf 87' lang='lat' dir='ltr'><strong>densis</strong></span> <span class='ocrx_word' id='word_1_59' title='bbox 570 1217 719 1301; x_wconf 89' lang='lat' dir='ltr'><strong>rarisque</strong></span> <span class='ocrx_word' id='word_1_60' title='bbox 733 1238 775 1282; x_wconf 84' lang='lat' dir='ltr'><strong>ex</strong></span> <span class='ocrx_word' id='word_1_61' title='bbox 790 1217 927 1302; x_wconf 83' lang='lat' dir='ltr'><strong>Ignibus</strong></span> <span class='ocrx_word' id='word_1_62' title='bbox 940 1239 1026 1284; x_wconf 86' lang='lat' dir='ltr'><strong>esse.</strong></span> 
     </span>
     <span class='ocr_line' id='line_1_11' title="bbox 207 1316 1003 1403; baseline 0.001 -20"><span class='ocrx_word' id='word_1_63' title='bbox 207 1316 319 1403; x_wconf 86' lang='lat' dir='ltr'><strong>Atque</strong></span> <span class='ocrx_word' id='word_1_64' title='bbox 334 1318 385 1383; x_wconf 87' lang='lat' dir='ltr'><strong>Hr</strong></span> <span class='ocrx_word' id='word_1_65' title='bbox 400 1318 429 1382; x_wconf 93' lang='lat' dir='ltr'><strong>si</strong></span> <span class='ocrx_word' id='word_1_66' title='bbox 442 1316 573 1396; x_wconf 81' lang='lat' dir='ltr'><strong>faciunt,</strong></span> <span class='ocrx_word' id='word_1_67' title='bbox 588 1318 762 1382; x_wconf 85' lang='lat' dir='ltr'><strong>admistum</strong></span> <span class='ocrx_word' id='word_1_68' title='bbox 776 1320 875 1383; x_wconf 88' lang='lat' dir='ltr'><strong>rebus</strong></span> <span class='ocrx_word' id='word_1_69' title='bbox 890 1319 1003 1397; x_wconf 87' lang='lat' dir='ltr'><strong>Inane,</strong></span> 
     </span>
     <span class='ocr_line' id='line_1_12' title="bbox 207 1419 961 1504; baseline -0.001 -18"><span class='ocrx_word' id='word_1_70' title='bbox 207 1420 351 1486; x_wconf 87' lang='lat' dir='ltr'><strong>Denseri</strong></span> <span class='ocrx_word' id='word_1_71' title='bbox 364 1429 521 1504; x_wconf 86' lang='lat' dir='ltr'><strong>poterunt</strong></span> <span class='ocrx_word' id='word_1_72' title='bbox 534 1419 645 1504; x_wconf 82' lang='lat' dir='ltr'><strong>Ignes,</strong></span> <span class='ocrx_word' id='word_1_73' title='bbox 660 1420 791 1504; x_wconf 91' lang='lat' dir='ltr'><strong>rarique</strong></span> <span class='ocrx_word' id='word_1_74' title='bbox 805 1419 961 1504; x_wconf 85' lang='lat' dir='ltr'><strong>relinqui:</strong></span> 
     </span>
     <span class='ocr_line' id='line_1_13' title="bbox 205 1519 1085 1606; baseline 0.005 -21"><span class='ocrx_word' id='word_1_75' title='bbox 205 1521 286 1599; x_wconf 88' lang='lat' dir='ltr'><strong>Sed,</strong></span> <span class='ocrx_word' id='word_1_76' title='bbox 302 1521 379 1606; x_wconf 85' lang='lat' dir='ltr'><strong>quia</strong></span> <span class='ocrx_word' id='word_1_77' title='bbox 392 1519 494 1585; x_wconf 87' lang='lat' dir='ltr'><strong>multa</strong></span> <span class='ocrx_word' id='word_1_78' title='bbox 508 1521 570 1586; x_wconf 88' lang='lat' dir='ltr'><strong>sibi</strong></span> <span class='ocrx_word' id='word_1_79' title='bbox 584 1531 723 1587; x_wconf 85' lang='lat' dir='ltr'><strong>cernunt</strong></span> <span class='ocrx_word' id='word_1_80' title='bbox 736 1523 910 1600; x_wconf 87' lang='lat' dir='ltr'><strong>contraria,</strong></span> <span class='ocrx_word' id='word_1_81' title='bbox 926 1533 1085 1601; x_wconf 86' lang='lat' dir='ltr'><strong>mussant,</strong></span> 
     </span>
     <span class='ocr_line' id='line_1_14' title="bbox 205 1623 1088 1711; baseline 0.005 -23"><span class='ocrx_word' id='word_1_82' title='bbox 205 1625 252 1689; x_wconf 90' lang='lat' dir='ltr'><strong>Et</strong></span> <span class='ocrx_word' id='word_1_83' title='bbox 267 1623 408 1709; x_wconf 83' lang='lat' dir='ltr'><strong>fugitant</strong></span> <span class='ocrx_word' id='word_1_84' title='bbox 420 1623 454 1687; x_wconf 90' lang='lat' dir='ltr'><strong>in</strong></span> <span class='ocrx_word' id='word_1_85' title='bbox 468 1625 568 1688; x_wconf 90' lang='lat' dir='ltr'><strong>rebus</strong></span> <span class='ocrx_word' id='word_1_86' title='bbox 583 1623 684 1689; x_wconf 89' lang='lat' dir='ltr'><strong>Inane</strong></span> <span class='ocrx_word' id='word_1_87' title='bbox 700 1623 882 1710; x_wconf 89' lang='lat' dir='ltr'><strong>relinquere</strong></span> <span class='ocrx_word' id='word_1_88' title='bbox 897 1648 1027 1711; x_wconf 86' lang='lat' dir='ltr'><strong>purum,</strong></span> <span class='ocrx_word' id='word_1_89' title='bbox 1041 1637 1088 1706; x_wconf 86' lang='lat' dir='ltr'><strong>et,</strong></span> 
     </span>
     <span class='ocr_line' id='line_1_15' title="bbox 138 1726 945 1805; baseline 0.006 -17"><span class='ocrx_word' id='word_1_90' title='bbox 138 1740 187 1788; x_wconf 86' lang='grc'><strong>666</strong></span> <span class='ocrx_word' id='word_1_91' title='bbox 204 1726 323 1792; x_wconf 83' lang='lat' dir='ltr'><strong>Ardua</strong></span> <span class='ocrx_word' id='word_1_92' title='bbox 336 1727 416 1792; x_wconf 90' lang='lat' dir='ltr'><strong>dum</strong></span> <span class='ocrx_word' id='word_1_93' title='bbox 429 1735 589 1805; x_wconf 88' lang='lat' dir='ltr'><strong>metuunt,</strong></span> <span class='ocrx_word' id='word_1_94' title='bbox 605 1728 756 1793; x_wconf 89' lang='lat' dir='ltr'><strong>amittunt</strong></span> <span class='ocrx_word' id='word_1_95' title='bbox 771 1750 849 1792; x_wconf 88' lang='lat' dir='ltr'><strong>vera</strong></span> <span class='ocrx_word' id='word_1_96' title='bbox 863 1729 945 1793; x_wconf 86' lang='lat' dir='ltr'><strong>viai:</strong></span> 
     </span>
     <span class='ocr_line' id='line_1_16' title="bbox 203 1830 973 1915; baseline -0.001 -19"><span class='ocrx_word' id='word_1_97' title='bbox 203 1831 277 1896; x_wconf 89' lang='lat' dir='ltr'><strong>Neo</strong></span> <span class='ocrx_word' id='word_1_98' title='bbox 291 1852 422 1894; x_wconf 89' lang='lat' dir='ltr'><strong>rursum</strong></span> <span class='ocrx_word' id='word_1_99' title='bbox 436 1840 575 1896; x_wconf 77' lang='lat' dir='ltr'><strong>cernunt</strong></span> <span class='ocrx_word' id='word_1_100' title='bbox 585 1839 739 1915; x_wconf 88' lang='lat' dir='ltr'><strong>exempto</strong></span> <span class='ocrx_word' id='word_1_101' title='bbox 753 1831 853 1896; x_wconf 87' lang='lat' dir='ltr'><strong>rebus</strong></span> <span class='ocrx_word' id='word_1_102' title='bbox 868 1830 973 1909; x_wconf 90' lang='lat' dir='ltr'><strong>Inani,</strong></span> 
     </span>
     <span class='ocr_line' id='line_1_17' title="bbox 203 1933 970 2017; baseline -0.001 -18"><span class='ocrx_word' id='word_1_103' title='bbox 203 1935 323 1999; x_wconf 91' lang='lat' dir='ltr'><strong>Omnia</strong></span> <span class='ocrx_word' id='word_1_104' title='bbox 337 1933 478 2010; x_wconf 86' lang='lat' dir='ltr'><strong>denseri,</strong></span> <span class='ocrx_word' id='word_1_105' title='bbox 493 1934 630 2017; x_wconf 87' lang='lat' dir='ltr'><strong>fierique</strong></span> <span class='ocrx_word' id='word_1_106' title='bbox 646 1954 689 1998; x_wconf 89' lang='lat' dir='ltr'><strong>ex</strong></span> <span class='ocrx_word' id='word_1_107' title='bbox 703 1933 853 1998; x_wconf 89' lang='lat' dir='ltr'><strong>omnibus</strong></span> <span class='ocrx_word' id='word_1_108' title='bbox 868 1954 970 1998; x_wconf 90' lang='lat' dir='ltr'><strong>unum</strong></span> 
     </span>
     <span class='ocr_line' id='line_1_18' title="bbox 203 2033 1022 2123; baseline -0.002 -22"><span class='ocrx_word' id='word_1_109' title='bbox 203 2038 344 2123; x_wconf 91' lang='lat' dir='ltr'><strong>Corpus,</strong></span> <span class='ocrx_word' id='word_1_110' title='bbox 359 2033 405 2100; x_wconf 92' lang='lat' dir='ltr'><strong>nil</strong></span> <span class='ocrx_word' id='word_1_111' title='bbox 418 2035 461 2100; x_wconf 88' lang='lat' dir='ltr'><strong>ab</strong></span> <span class='ocrx_word' id='word_1_112' title='bbox 476 2057 512 2100; x_wconf 90' lang='lat' dir='ltr'><strong>se</strong></span> <span class='ocrx_word' id='word_1_113' title='bbox 526 2035 616 2120; x_wconf 91' lang='lat' dir='ltr'><strong>quod</strong></span> <span class='ocrx_word' id='word_1_114' title='bbox 630 2035 735 2119; x_wconf 89' lang='lat' dir='ltr'><strong>possit</strong></span> <span class='ocrx_word' id='word_1_115' title='bbox 748 2035 877 2100; x_wconf 83' lang='lat' dir='ltr'><strong>nrittere</strong></span> <span class='ocrx_word' id='word_1_116' title='bbox 892 2034 1022 2120; x_wconf 76' lang='lat' dir='ltr'><strong>raptim,</strong></span> 
     </span>
     <span class='ocr_line' id='line_1_19' title="bbox 202 2135 1039 2222; baseline 0 -19"><span class='ocrx_word' id='word_1_117' title='bbox 202 2136 344 2203; x_wconf 87' lang='lat' dir='ltr'><strong>AEstifer</strong></span> <span class='ocrx_word' id='word_1_118' title='bbox 358 2135 449 2222; x_wconf 81' lang='lat' dir='ltr'><strong>Ignis</strong></span> <span class='ocrx_word' id='word_1_119' title='bbox 465 2138 514 2200; x_wconf 91' lang='lat' dir='ltr'><strong>uti</strong></span> <span class='ocrx_word' id='word_1_120' title='bbox 527 2135 636 2200; x_wconf 90' lang='lat' dir='ltr'><strong>lumen</strong></span> <span class='ocrx_word' id='word_1_121' title='bbox 646 2137 738 2221; x_wconf 87' lang='lat' dir='ltr'><strong>jaoit,</strong></span> <span class='ocrx_word' id='word_1_122' title='bbox 753 2146 853 2221; x_wconf 87' lang='lat' dir='ltr'><strong>atque</strong></span> <span class='ocrx_word' id='word_1_123' title='bbox 867 2159 1039 2222; x_wconf 83' lang='lat' dir='ltr'><strong>vaporem:</strong></span> 
     </span>
     <span class='ocr_line' id='line_1_20' title="bbox 136 2238 898 2324; baseline 0.004 -24"><span class='ocrx_word' id='word_1_124' title='bbox 136 2252 185 2300; x_wconf 81' lang='grc'><strong>666</strong></span> <span class='ocrx_word' id='word_1_125' title='bbox 204 2240 253 2304; x_wconf 92' lang='lat' dir='ltr'><strong>Ut</strong></span> <span class='ocrx_word' id='word_1_126' title='bbox 267 2238 379 2302; x_wconf 84' lang='lat' dir='ltr'><strong>videas</strong></span> <span class='ocrx_word' id='word_1_127' title='bbox 394 2260 458 2302; x_wconf 91' lang='lat' dir='ltr'><strong>non</strong></span> <span class='ocrx_word' id='word_1_128' title='bbox 474 2260 493 2302; x_wconf 88' lang='lat' dir='ltr'><strong>e</strong></span> <span class='ocrx_word' id='word_1_129' title='bbox 509 2239 636 2324; x_wconf 89' lang='lat' dir='ltr'><strong>stipatis</strong></span> <span class='ocrx_word' id='word_1_130' title='bbox 650 2238 800 2322; x_wconf 90' lang='lat' dir='ltr'><strong>partibus</strong></span> <span class='ocrx_word' id='word_1_131' title='bbox 814 2259 898 2303; x_wconf 86' lang='lat' dir='ltr'><strong>esse.</strong></span> 
     </span>
     <span class='ocr_line' id='line_1_21' title="bbox 247 2338 1013 2422; baseline 0.003 -20"><span class='ocrx_word' id='word_1_132' title='bbox 247 2339 349 2413; x_wconf 85' lang='lat' dir='ltr'><strong>Quod</strong></span> <span class='ocrx_word' id='word_1_133' title='bbox 365 2339 392 2402; x_wconf 92' lang='lat' dir='ltr'><strong>si</strong></span> <span class='ocrx_word' id='word_1_134' title='bbox 407 2338 491 2402; x_wconf 87' lang='lat' dir='ltr'><strong>forte</strong></span> <span class='ocrx_word' id='word_1_135' title='bbox 507 2338 573 2402; x_wconf 89' lang='lat' dir='ltr'><strong>ulla</strong></span> <span class='ocrx_word' id='word_1_136' title='bbox 588 2340 726 2403; x_wconf 88' lang='lat' dir='ltr'><strong>credunt</strong></span> <span class='ocrx_word' id='word_1_137' title='bbox 741 2338 866 2402; x_wconf 89' lang='lat' dir='ltr'><strong>ratione</strong></span> <span class='ocrx_word' id='word_1_138' title='bbox 880 2349 1013 2422; x_wconf 89' lang='lat' dir='ltr'><strong>potesse</strong></span> 
     </span>
    </p>
   </div>
   <div class='ocr_carea' id='block_1_3' title="bbox 115 2484 1230 2820">
    <p class='ocr_par' dir='ltr' id='par_1_3' title="bbox 115 2484 1230 2692">
     <span class='ocr_line' id='line_1_22' title="bbox 115 2484 1229 2563; baseline -0.002 -14"><span class='ocrx_word' id='word_1_139' title='bbox 115 2496 183 2550; x_wconf 75' lang='lat' dir='ltr'><strong>illisa</strong></span> <span class='ocrx_word' id='word_1_140' title='bbox 199 2505 376 2557; x_wconf 74' lang='lat' dir='ltr'><strong>mansmntatte,</strong></span> <span class='ocrx_word' id='word_1_141' title='bbox 392 2496 575 2562; x_wconf 68' lang='lat' dir='ltr'><strong>commissaque</strong></span> <span class='ocrx_word' id='word_1_142' title='bbox 593 2497 658 2548; x_wconf 86' lang='lat' dir='ltr'><strong>inter</strong></span> <span class='ocrx_word' id='word_1_143' title='bbox 690 2497 821 2563; x_wconf 84' lang='lat' dir='ltr'><strong>aliquando</strong></span> <span class='ocrx_word' id='word_1_144' title='bbox 832 2497 987 2547; x_wconf 85' lang='lat' dir='ltr'><strong>Lambinual</strong></span> <span class='ocrx_word' id='word_1_145' title='bbox 1019 2484 1229 2561; x_wconf 67' lang='grc' dir='ltr'>’61116666μῶ</span> 
     </span>
     <span class='ocr_line' id='line_1_23' title="bbox 116 2561 1230 2627; baseline 0 -15"><span class='ocrx_word' id='word_1_146' title='bbox 116 2562 255 2620; x_wconf 76' lang='grc'>6616666166,</span> <span class='ocrx_word' id='word_1_147' title='bbox 268 2562 370 2627; x_wconf 83' lang='lat' dir='ltr'><strong>perinde</strong></span> <span class='ocrx_word' id='word_1_148' title='bbox 385 2577 484 2626; x_wconf 84' lang='lat' dir='ltr'><strong>semper</strong></span> <span class='ocrx_word' id='word_1_149' title='bbox 499 2563 609 2612; x_wconf 82' lang='lat' dir='ltr'><strong>futurum</strong></span> <span class='ocrx_word' id='word_1_150' title='bbox 625 2562 658 2612; x_wconf 89' lang='lat' dir='ltr'><strong>sit</strong></span> <span class='ocrx_word' id='word_1_151' title='bbox 690 2567 728 2612; x_wconf 76' lang='lat' dir='ltr'><strong>tis.</strong></span> <span class='ocrx_word' id='word_1_152' title='bbox 753 2563 872 2612; x_wconf 78' lang='grc'>06666666</span> <span class='ocrx_word' id='word_1_153' title='bbox 880 2561 950 2611; x_wconf 84' lang='lat' dir='ltr'><strong>Bello</strong></span> <span class='ocrx_word' id='word_1_154' title='bbox 958 2562 1023 2612; x_wconf 89' lang='lat' dir='ltr'><strong>Gal&#39;</strong></span> <span class='ocrx_word' id='word_1_155' title='bbox 1055 2566 1230 2626; x_wconf 56' lang='lat' dir='ltr'><strong>,dispersam</strong></span> 
     </span>
     <span class='ocr_line' id='line_1_24' title="bbox 116 2627 1102 2692; baseline 0 -16"><span class='ocrx_word' id='word_1_156' title='bbox 116 2637 218 2692; x_wconf 86' lang='lat' dir='ltr'><strong>propter</strong></span> <span class='ocrx_word' id='word_1_157' title='bbox 228 2629 332 2676; x_wconf 85' lang='lat' dir='ltr'><strong>eandem</strong></span> <span class='ocrx_word' id='word_1_158' title='bbox 344 2627 454 2675; x_wconf 90' lang='lat' dir='ltr'><strong>omnium</strong></span> <span class='ocrx_word' id='word_1_159' title='bbox 470 2636 590 2676; x_wconf 83' lang='lat' dir='ltr'><strong>naturam.</strong></span> <span class='ocrx_word' id='word_1_160' title='bbox 624 2627 658 2676; x_wconf 85' lang='lat' dir='ltr'><strong>Et</strong></span> <span class='ocrx_word' id='word_1_161' title='bbox 690 2628 826 2676; x_wconf 83' lang='lat' dir='ltr'><strong>etsdsuos</strong></span> <span class='ocrx_word' id='word_1_162' title='bbox 837 2627 1102 2677; x_wconf 67' lang='lat' dir='ltr'><strong>diducendoscuraret,</strong></span> 
     </span>
    </p>

    <p class='ocr_par' dir='ltr' id='par_1_4' title="bbox 116 2691 1228 2820">
     <span class='ocr_line' id='line_1_25' title="bbox 116 2691 1228 2766; baseline -0.001 -24"><span class='ocrx_word' id='word_1_163' title='bbox 116 2708 149 2742; x_wconf 87' lang='lat' dir='ltr'><strong>ne</strong></span> <span class='ocrx_word' id='word_1_164' title='bbox 162 2693 249 2742; x_wconf 85' lang='lat' dir='ltr'><strong>evadat</strong></span> <span class='ocrx_word' id='word_1_165' title='bbox 265 2691 463 2741; x_wconf 82' lang='lat' dir='ltr'><strong>condensationis</strong></span> <span class='ocrx_word' id='word_1_166' title='bbox 476 2691 656 2741; x_wconf 79' lang='grc' dir='ltr'>666616661οηί6-</span> <span class='ocrx_word' id='word_1_167' title='bbox 723 2693 778 2740; x_wconf 83' lang='grc'>656.</span> <span class='ocrx_word' id='word_1_168' title='bbox 795 2695 873 2754; x_wconf 82' lang='lat' dir='ltr'><strong>Atque</strong></span> <span class='ocrx_word' id='word_1_169' title='bbox 887 2691 926 2739; x_wconf 80' lang='grc' dir='ltr'><strong>Ηῐ</strong></span> <span class='ocrx_word' id='word_1_170' title='bbox 939 2695 960 2740; x_wconf 77' lang='lat' dir='ltr'><strong>ai</strong></span> <span class='ocrx_word' id='word_1_171' title='bbox 970 2691 1078 2766; x_wconf 72' lang='lat' dir='ltr'><strong>faciant]</strong></span> <span class='ocrx_word' id='word_1_172' title='bbox 1099 2693 1186 2751; x_wconf 85' lang='lat' dir='ltr'><strong>Instat,</strong></span> <span class='ocrx_word' id='word_1_173' title='bbox 1205 2708 1228 2742; x_wconf 90' lang='grc'><strong>6.</strong></span> 
     </span>
     <span class='ocr_line' id='line_1_26' title="bbox 116 2755 1228 2820; baseline 0 -14"><span class='ocrx_word' id='word_1_174' title='bbox 116 2773 164 2819; x_wconf 82' lang='lat' dir='ltr'><strong>que</strong></span> <span class='ocrx_word' id='word_1_175' title='bbox 186 2757 313 2815; x_wconf 81' lang='lat' dir='ltr'><strong>beneficio,</strong></span> <span class='ocrx_word' id='word_1_176' title='bbox 335 2755 457 2819; x_wconf 70' lang='grc'>(16666666</span> <span class='ocrx_word' id='word_1_177' title='bbox 479 2755 518 2806; x_wconf 77' lang='lat' dir='ltr'><strong>aul</strong></span> <span class='ocrx_word' id='word_1_178' title='bbox 538 2756 657 2805; x_wconf 73' lang='grc' dir='ltr'><strong>πυκνώσει</strong></span> <span class='ocrx_word' id='word_1_179' title='bbox 690 2758 728 2805; x_wconf 90' lang='grc'>10.</span> <span class='ocrx_word' id='word_1_180' title='bbox 746 2755 863 2820; x_wconf 83' lang='lat' dir='ltr'><strong>Physioos</strong></span> <span class='ocrx_word' id='word_1_181' title='bbox 875 2755 997 2804; x_wconf 87' lang='lat' dir='ltr'><strong>Heracbti</strong></span> <span class='ocrx_word' id='word_1_182' title='bbox 1007 2755 1114 2807; x_wconf 74' lang='lat' dir='ltr'><strong>fautores</strong></span> <span class='ocrx_word' id='word_1_183' title='bbox 1126 2755 1157 2805; x_wconf 90' lang='lat' dir='ltr'><strong>ad</strong></span> <span class='ocrx_word' id='word_1_184' title='bbox 1168 2772 1228 2806; x_wconf 88' lang='lat' dir='ltr'><strong>oon·</strong></span> 
     </span>
    </p>
   </div>
   <div class='ocr_carea' id='block_1_4' title="bbox 118 2818 1315 2886">
    <p class='ocr_par' dir='ltr' id='par_1_5' title="bbox 118 2818 1315 2886">
     <span class='ocr_line' id='line_1_27' title="bbox 118 2818 1315 2886; baseline 0.001 -16"><span class='ocrx_word' id='word_1_185' title='bbox 118 2824 145 2870; x_wconf 76' lang='grc' dir='ltr'><strong>ἐκ</strong></span> <span class='ocrx_word' id='word_1_186' title='bbox 156 2823 200 2871; x_wconf 73' lang='grc' dir='ltr'><strong>τοῦ</strong></span> <span class='ocrx_word' id='word_1_187' title='bbox 210 2821 283 2884; x_wconf 73' lang='grc' dir='ltr'><strong>πυρὸς</strong></span> <span class='ocrx_word' id='word_1_188' title='bbox 293 2818 379 2879; x_wconf 70' lang='grc' dir='ltr'><strong><em>πάντα,</em></strong></span> <span class='ocrx_word' id='word_1_189' title='bbox 390 2821 510 2880; x_wconf 83' lang='lat' dir='ltr'><strong>La&#39;s&#39;rtius,</strong></span> <span class='ocrx_word' id='word_1_190' title='bbox 519 2820 561 2870; x_wconf 84' lang='lat' dir='ltr'><strong>rit</strong></span> <span class='ocrx_word' id='word_1_191' title='bbox 573 2821 655 2870; x_wconf 85' lang='lat' dir='ltr'><strong>Hera·</strong></span> <span class='ocrx_word' id='word_1_192' title='bbox 689 2820 857 2869; x_wconf 81' lang='lat' dir='ltr'><strong>densationenr</strong></span> <span class='ocrx_word' id='word_1_193' title='bbox 866 2820 1085 2871; x_wconf 81' lang='lat' dir='ltr'><strong>strarelactionem</strong></span> <span class='ocrx_word' id='word_1_194' title='bbox 1093 2820 1228 2886; x_wconf 63' lang='grc'>16616666-</span> <span class='ocrx_word' id='word_1_195' title='bbox 1312 2875 1315 2882; x_wconf 59' lang='grc'><strong>,</strong></span> 
     </span>
    </p>
   </div>
   <div class='ocr_carea' id='block_1_5' title="bbox 116 2885 1232 3982">
    <p class='ocr_par' dir='ltr' id='par_1_6' title="bbox 116 2885 1232 3982">
     <span class='ocr_line' id='line_1_28' title="bbox 116 2885 1228 2950; baseline 0.001 -15"><span class='ocrx_word' id='word_1_196' title='bbox 116 2886 189 2947; x_wconf 73' lang='lat' dir='ltr'><strong>oliti)</strong></span> <span class='ocrx_word' id='word_1_197' title='bbox 202 2896 295 2944; x_wconf 89' lang='lat' dir='ltr'><strong>monet,</strong></span> <span class='ocrx_word' id='word_1_198' title='bbox 306 2885 411 2950; x_wconf 80' lang='lat' dir='ltr'><strong>intelligi</strong></span> <span class='ocrx_word' id='word_1_199' title='bbox 426 2885 524 2949; x_wconf 88' lang='lat' dir='ltr'><strong>quidem</strong></span> <span class='ocrx_word' id='word_1_200' title='bbox 538 2900 610 2949; x_wconf 87' lang='lat' dir='ltr'><strong>posse</strong></span> <span class='ocrx_word' id='word_1_201' title='bbox 624 2901 657 2934; x_wconf 83' lang='lat' dir='ltr'><strong>ex</strong></span> <span class='ocrx_word' id='word_1_202' title='bbox 689 2885 773 2948; x_wconf 80' lang='lat' dir='ltr'><strong>fugere</strong></span> <span class='ocrx_word' id='word_1_203' title='bbox 784 2901 835 2933; x_wconf 90' lang='lat' dir='ltr'><strong>non</strong></span> <span class='ocrx_word' id='word_1_204' title='bbox 846 2900 925 2950; x_wconf 90' lang='lat' dir='ltr'><strong>posse,</strong></span> <span class='ocrx_word' id='word_1_205' title='bbox 937 2894 1012 2949; x_wconf 90' lang='lat' dir='ltr'><strong>prout</strong></span> <span class='ocrx_word' id='word_1_206' title='bbox 1026 2889 1098 2936; x_wconf 81' lang='grc'>16666</span> <span class='ocrx_word' id='word_1_207' title='bbox 1115 2902 1165 2935; x_wconf 90' lang='lat' dir='ltr'><strong>non</strong></span> <span class='ocrx_word' id='word_1_208' title='bbox 1183 2887 1228 2936; x_wconf 84' lang='lat' dir='ltr'><strong>ad-</strong></span> 
     </span>
     <span class='ocr_line' id='line_1_29' title="bbox 117 2949 1231 3015; baseline 0.001 -16"><span class='ocrx_word' id='word_1_209' title='bbox 117 2951 307 3000; x_wconf 82' lang='lat' dir='ltr'><strong>oondensatione</strong></span> <span class='ocrx_word' id='word_1_210' title='bbox 321 2951 429 3015; x_wconf 89' lang='lat' dir='ltr'><strong>partium</strong></span> <span class='ocrx_word' id='word_1_211' title='bbox 446 2950 580 3000; x_wconf 81' lang='lat' dir='ltr'><strong>calidarum</strong></span> <span class='ocrx_word' id='word_1_212' title='bbox 591 2952 658 3012; x_wconf 68' lang='lat' dir='ltr'><strong>Ipsis</strong></span> <span class='ocrx_word' id='word_1_213' title='bbox 689 2949 798 3008; x_wconf 85' lang='lat' dir='ltr'><strong>mittunt,</strong></span> <span class='ocrx_word' id='word_1_214' title='bbox 809 2949 864 2998; x_wconf 87' lang='lat' dir='ltr'><strong>sine</strong></span> <span class='ocrx_word' id='word_1_215' title='bbox 880 2965 929 3013; x_wconf 88' lang='lat' dir='ltr'><strong>quo</strong></span> <span class='ocrx_word' id='word_1_216' title='bbox 945 2949 1009 2999; x_wconf 89' lang='lat' dir='ltr'><strong>nibil</strong></span> <span class='ocrx_word' id='word_1_217' title='bbox 1025 2966 1108 3000; x_wconf 82' lang='lat' dir='ltr'><strong>rarum</strong></span> <span class='ocrx_word' id='word_1_218' title='bbox 1125 2951 1169 2999; x_wconf 86' lang='lat' dir='ltr'><strong>fiat</strong></span> <span class='ocrx_word' id='word_1_219' title='bbox 1186 2959 1231 3000; x_wconf 85' lang='lat' dir='ltr'><strong>aut</strong></span> 
     </span>
     <span class='ocr_line' id='line_1_30' title="bbox 117 3014 1229 3080; baseline 0 -16"><span class='ocrx_word' id='word_1_220' title='bbox 117 3015 221 3065; x_wconf 86' lang='lat' dir='ltr'><strong>evadere</strong></span> <span class='ocrx_word' id='word_1_221' title='bbox 233 3016 360 3080; x_wconf 86' lang='lat' dir='ltr'><strong>quidpiam</strong></span> <span class='ocrx_word' id='word_1_222' title='bbox 375 3015 485 3073; x_wconf 86' lang='lat' dir='ltr'><strong>calidius,</strong></span> <span class='ocrx_word' id='word_1_223' title='bbox 502 3030 534 3063; x_wconf 85' lang='lat' dir='ltr'><strong>ex</strong></span> <span class='ocrx_word' id='word_1_224' title='bbox 550 3014 655 3063; x_wconf 81' lang='grc'>6666166-</span> <span class='ocrx_word' id='word_1_225' title='bbox 688 3015 800 3072; x_wconf 87' lang='lat' dir='ltr'><strong>densum,</strong></span> <span class='ocrx_word' id='word_1_226' title='bbox 827 3023 856 3062; x_wconf 92' lang='lat' dir='ltr'><strong>ut</strong></span> <span class='ocrx_word' id='word_1_227' title='bbox 877 3030 953 3078; x_wconf 86' lang='lat' dir='ltr'><strong>supra</strong></span> <span class='ocrx_word' id='word_1_228' title='bbox 974 3015 1184 3066; x_wconf 81' lang='lat' dir='ltr'><strong>demonstraverat</strong></span> <span class='ocrx_word' id='word_1_229' title='bbox 1205 3031 1229 3065; x_wconf 90' lang='grc'><strong>6.</strong></span> 
     </span>
     <span class='ocr_line' id='line_1_31' title="bbox 117 3077 1230 3145; baseline 0 -17"><span class='ocrx_word' id='word_1_230' title='bbox 117 3080 184 3128; x_wconf 83' lang='lat' dir='ltr'><strong>tione</strong></span> <span class='ocrx_word' id='word_1_231' title='bbox 196 3080 320 3145; x_wconf 81' lang='lat' dir='ltr'><strong>quidpiam</strong></span> <span class='ocrx_word' id='word_1_232' title='bbox 332 3079 414 3130; x_wconf 84' lang='lat' dir='ltr'><strong>minua</strong></span> <span class='ocrx_word' id='word_1_233' title='bbox 423 3079 545 3135; x_wconf 69' lang='lat' dir='ltr'><strong>calidumt</strong></span> <span class='ocrx_word' id='word_1_234' title='bbox 561 3088 587 3128; x_wconf 85' lang='lat' dir='ltr'><strong>at</strong></span> <span class='ocrx_word' id='word_1_235' title='bbox 597 3094 655 3128; x_wconf 82' lang='lat' dir='ltr'><strong>eva·</strong></span> <span class='ocrx_word' id='word_1_236' title='bbox 689 3080 743 3127; x_wconf 82' lang='lat'><strong>³96.</strong></span> <span class='ocrx_word' id='word_1_237' title='bbox 770 3079 857 3142; x_wconf 86' lang='lat' dir='ltr'><strong>Aliqui</strong></span> <span class='ocrx_word' id='word_1_238' title='bbox 865 3079 960 3142; x_wconf 77' lang='lat' dir='ltr'><strong>legunt,</strong></span> <span class='ocrx_word' id='word_1_239' title='bbox 969 3082 1001 3128; x_wconf 82' lang='lat' dir='ltr'><strong>ld</strong></span> <span class='ocrx_word' id='word_1_240' title='bbox 1008 3077 1230 3142; x_wconf 73' lang='lat' dir='ltr'><strong>qwquoaisaciant.</strong></span> 
     </span>
     <span class='ocr_line' id='line_1_32' title="bbox 117 3142 1230 3208; baseline 0 -16"><span class='ocrx_word' id='word_1_241' title='bbox 117 3144 175 3192; x_wconf 85' lang='lat' dir='ltr'><strong>dero</strong></span> <span class='ocrx_word' id='word_1_242' title='bbox 198 3145 322 3208; x_wconf 83' lang='lat' dir='ltr'><strong>frigidum,</strong></span> <span class='ocrx_word' id='word_1_243' title='bbox 344 3145 395 3193; x_wconf 91' lang='lat' dir='ltr'><strong>imo</strong></span> <span class='ocrx_word' id='word_1_244' title='bbox 416 3153 443 3193; x_wconf 85' lang='lat' dir='ltr'><strong>et</strong></span> <span class='ocrx_word' id='word_1_245' title='bbox 463 3143 656 3208; x_wconf 76' lang='lat' dir='ltr'><strong>frigidissimum,</strong></span> <span class='ocrx_word' id='word_1_246' title='bbox 721 3145 777 3193; x_wconf 83' lang='grc'>668.</span> <span class='ocrx_word' id='word_1_247' title='bbox 794 3142 916 3206; x_wconf 77' lang='lat' dir='ltr'><strong>Massam]</strong></span> <span class='ocrx_word' id='word_1_248' title='bbox 940 3143 1018 3192; x_wconf 81' lang='lat' dir='ltr'><strong>Recto</strong></span> <span class='ocrx_word' id='word_1_249' title='bbox 1039 3145 1181 3203; x_wconf 84' lang='lat' dir='ltr'><strong>Lambinus,</strong></span> <span class='ocrx_word' id='word_1_250' title='bbox 1202 3153 1230 3193; x_wconf 85' lang='lat' dir='ltr'><strong>et</strong></span> 
     </span>
     <span class='ocr_line' id='line_1_33' title="bbox 117 3207 1228 3272; baseline -0.001 -15"><span class='ocrx_word' id='word_1_251' title='bbox 117 3209 199 3271; x_wconf 79' lang='lat' dir='ltr'><strong>qualia</strong></span> <span class='ocrx_word' id='word_1_252' title='bbox 204 3210 232 3258; x_wconf 89' lang='lat' dir='ltr'><strong>in</strong></span> <span class='ocrx_word' id='word_1_253' title='bbox 240 3225 323 3259; x_wconf 82' lang='lat' dir='ltr'><strong>rerum</strong></span> <span class='ocrx_word' id='word_1_254' title='bbox 329 3219 417 3259; x_wconf 86' lang='lat' dir='ltr'><strong>natura</strong></span> <span class='ocrx_word' id='word_1_255' title='bbox 425 3208 502 3258; x_wconf 86' lang='lat' dir='ltr'><strong>multa</strong></span> <span class='ocrx_word' id='word_1_256' title='bbox 507 3208 656 3272; x_wconf 79' lang='lat' dir='ltr'><strong>experimur,</strong></span> <span class='ocrx_word' id='word_1_257' title='bbox 689 3207 724 3257; x_wconf 88' lang='lat' dir='ltr'><strong>ibi</strong></span> <span class='ocrx_word' id='word_1_258' title='bbox 734 3210 836 3257; x_wconf 85' lang='lat' dir='ltr'><strong>verbum</strong></span> <span class='ocrx_word' id='word_1_259' title='bbox 848 3207 948 3270; x_wconf 81' lang='lat' dir='ltr'><strong>aliquod</strong></span> <span class='ocrx_word' id='word_1_260' title='bbox 958 3209 1048 3256; x_wconf 87' lang='lat' dir='ltr'><strong>debere</strong></span> <span class='ocrx_word' id='word_1_261' title='bbox 1061 3223 1115 3257; x_wconf 84' lang='lat' dir='ltr'><strong>esse</strong></span> <span class='ocrx_word' id='word_1_262' title='bbox 1131 3208 1157 3255; x_wconf 92' lang='lat' dir='ltr'><strong>id</strong></span> <span class='ocrx_word' id='word_1_263' title='bbox 1173 3208 1228 3256; x_wconf 79' lang='lat' dir='ltr'><strong>vin·</strong></span> 
     </span>
     <span class='ocr_line' id='line_1_34' title="bbox 117 3271 1229 3339; baseline -0.002 -17"><span class='ocrx_word' id='word_1_264' title='bbox 117 3276 159 3336; x_wconf 86' lang='lat' dir='ltr'><strong>qui</strong></span> <span class='ocrx_word' id='word_1_265' title='bbox 171 3274 275 3339; x_wconf 76' lang='lat' dir='ltr'><strong>intelligi</strong></span> <span class='ocrx_word' id='word_1_266' title='bbox 286 3274 379 3338; x_wconf 81' lang='lat' dir='ltr'><strong>possiti</strong></span> <span class='ocrx_word' id='word_1_267' title='bbox 688 3273 772 3321; x_wconf 82' lang='lat' dir='ltr'><strong>culum</strong></span> <span class='ocrx_word' id='word_1_268' title='bbox 783 3272 909 3330; x_wconf 85' lang='lat' dir='ltr'><strong>orationis,</strong></span> <span class='ocrx_word' id='word_1_269' title='bbox 920 3280 944 3319; x_wconf 82' lang='lat' dir='ltr'><strong>et</strong></span> <span class='ocrx_word' id='word_1_270' title='bbox 973 3273 1057 3320; x_wconf 88' lang='lat' dir='ltr'><strong>robat:</strong></span> <span class='ocrx_word' id='word_1_271' title='bbox 1080 3280 1104 3320; x_wconf 79' lang='lat' dir='ltr'><strong>at</strong></span> <span class='ocrx_word' id='word_1_272' title='bbox 1112 3271 1229 3334; x_wconf 59' lang='lat' dir='ltr'><strong>flagitem</strong></span> 
     </span>
     <span class='ocr_line' id='line_1_35' title="bbox 150 3335 1229 3400; baseline -0.002 -14"><span class='ocrx_word' id='word_1_273' title='bbox 150 3338 206 3389; x_wconf 71' lang='lat'><strong>647.</strong></span> <span class='ocrx_word' id='word_1_274' title='bbox 224 3342 262 3387; x_wconf 77' lang='grc'><strong>116</strong></span> <span class='ocrx_word' id='word_1_275' title='bbox 272 3338 337 3400; x_wconf 80' lang='lat' dir='ltr'><strong>aero]</strong></span> <span class='ocrx_word' id='word_1_276' title='bbox 350 3341 388 3386; x_wconf 76' lang='grc'><strong>116</strong></span> <span class='ocrx_word' id='word_1_277' title='bbox 399 3355 450 3395; x_wconf 66' lang='lat' dir='ltr'><strong>aaa</strong></span> <span class='ocrx_word' id='word_1_278' title='bbox 462 3336 605 3385; x_wconf 83' lang='lat' dir='ltr'><strong>Lambinus.</strong></span> <span class='ocrx_word' id='word_1_279' title='bbox 690 3336 852 3399; x_wconf 78' lang='lat' dir='ltr'><strong>Negligamus</strong></span> <span class='ocrx_word' id='word_1_280' title='bbox 859 3335 952 3384; x_wconf 81' lang='grc' dir='ltr'><strong>666666Ι</strong></span> <span class='ocrx_word' id='word_1_281' title='bbox 964 3335 1001 3384; x_wconf 86' lang='lat' dir='ltr'><strong>los</strong></span> <span class='ocrx_word' id='word_1_282' title='bbox 1008 3335 1049 3397; x_wconf 88' lang='lat' dir='ltr'><strong>qui</strong></span> <span class='ocrx_word' id='word_1_283' title='bbox 1057 3344 1141 3383; x_wconf 79' lang='lat' dir='ltr'><strong>amant</strong></span> <span class='ocrx_word' id='word_1_284' title='bbox 1149 3339 1229 3396; x_wconf 67' lang='grc'>6661616</span> 
     </span>
     <span class='ocr_line' id='line_1_36' title="bbox 150 3399 1229 3463; baseline -0.003 -12"><span class='ocrx_word' id='word_1_285' title='bbox 150 3403 206 3451; x_wconf 80' lang='grc'>656.</span> <span class='ocrx_word' id='word_1_286' title='bbox 226 3405 296 3451; x_wconf 76' lang='lat' dir='ltr'><strong>Totus</strong></span> <span class='ocrx_word' id='word_1_287' title='bbox 307 3406 376 3450; x_wconf 76' lang='grc'>166666</span> <span class='ocrx_word' id='word_1_288' title='bbox 387 3417 455 3462; x_wconf 80' lang='lat' dir='ltr'><strong>super</strong></span> <span class='ocrx_word' id='word_1_289' title='bbox 466 3399 545 3463; x_wconf 71' lang='lat' dir='ltr'><strong>iguis]</strong></span> <span class='ocrx_word' id='word_1_290' title='bbox 560 3401 599 3449; x_wconf 87' lang='lat' dir='ltr'><strong>Ita</strong></span> <span class='ocrx_word' id='word_1_291' title='bbox 615 3415 657 3448; x_wconf 87' lang='lat' dir='ltr'><strong>co·</strong></span> <span class='ocrx_word' id='word_1_292' title='bbox 690 3404 808 3448; x_wconf 77' lang='lat' dir='ltr'><strong>contraria</strong></span> <span class='ocrx_word' id='word_1_293' title='bbox 816 3416 871 3457; x_wconf 87' lang='grc'>6666,</span> <span class='ocrx_word' id='word_1_294' title='bbox 882 3403 1000 3448; x_wconf 78' lang='grc' dir='ltr'>666666νὶ6</span> <span class='ocrx_word' id='word_1_295' title='bbox 1010 3403 1099 3456; x_wconf 54' lang='lat' dir='ltr'><strong>taetra·</strong></span> <span class='ocrx_word' id='word_1_296' title='bbox 1116 3399 1229 3448; x_wconf 80' lang='grc'>6616666-</span> 
     </span>
     <span class='ocr_line' id='line_1_37' title="bbox 118 3461 1232 3527; baseline -0.002 -12"><span class='ocrx_word' id='word_1_297' title='bbox 118 3466 294 3527; x_wconf 77' lang='lat' dir='ltr'><strong>dioeszraper,</strong></span> <span class='ocrx_word' id='word_1_298' title='bbox 311 3466 489 3526; x_wconf 69' lang='grc'>1666666166,</span> <span class='ocrx_word' id='word_1_299' title='bbox 509 3464 657 3520; x_wconf 69' lang='lat' dir='ltr'><strong>Lambinusr</strong></span> <span class='ocrx_word' id='word_1_300' title='bbox 690 3481 730 3522; x_wconf 82' lang='lat' dir='ltr'><strong>roe,</strong></span> <span class='ocrx_word' id='word_1_301' title='bbox 754 3463 860 3523; x_wconf 73' lang='lat' dir='ltr'><strong>dpoouot.</strong></span> <span class='ocrx_word' id='word_1_302' title='bbox 895 3461 1016 3525; x_wconf 77' lang='grc'>11666666]</span> <span class='ocrx_word' id='word_1_303' title='bbox 1038 3463 1154 3512; x_wconf 74' lang='lat' dir='ltr'><strong>Naevius:</strong></span> <span class='ocrx_word' id='word_1_304' title='bbox 1185 3467 1232 3514; x_wconf 81' lang='grc'><strong>061</strong></span> 
     </span>
     <span class='ocr_line' id='line_1_38' title="bbox 117 3527 1229 3593; baseline -0.003 -14"><span class='ocrx_word' id='word_1_305' title='bbox 117 3539 145 3579; x_wconf 87' lang='lat' dir='ltr'><strong>et</strong></span> <span class='ocrx_word' id='word_1_306' title='bbox 154 3531 206 3578; x_wconf 79' lang='lat' dir='ltr'><strong>haec</strong></span> <span class='ocrx_word' id='word_1_307' title='bbox 218 3529 388 3593; x_wconf 83' lang='lat' dir='ltr'><strong>interpretatio</strong></span> <span class='ocrx_word' id='word_1_308' title='bbox 399 3529 480 3577; x_wconf 76' lang='lat' dir='ltr'><strong>forsan</strong></span> <span class='ocrx_word' id='word_1_309' title='bbox 490 3527 588 3576; x_wconf 81' lang='lat' dir='ltr'><strong>admitti</strong></span> <span class='ocrx_word' id='word_1_310' title='bbox 602 3535 656 3590; x_wconf 89' lang='lat' dir='ltr'><strong>pot-</strong></span> <span class='ocrx_word' id='word_1_311' title='bbox 690 3528 853 3585; x_wconf 84' lang='lat' dir='ltr'><strong>Summussos,</strong></span> <span class='ocrx_word' id='word_1_312' title='bbox 863 3531 960 3588; x_wconf 69' lang='grc'>6661666</span> <span class='ocrx_word' id='word_1_313' title='bbox 970 3535 1050 3589; x_wconf 77' lang='lat' dir='ltr'><strong>aparte</strong></span> <span class='ocrx_word' id='word_1_314' title='bbox 1059 3531 1110 3576; x_wconf 79' lang='lat' dir='ltr'><strong>dire</strong></span> <span class='ocrx_word' id='word_1_315' title='bbox 1125 3531 1182 3591; x_wconf 79' lang='lat' dir='ltr'><strong>quid</strong></span> <span class='ocrx_word' id='word_1_316' title='bbox 1190 3532 1229 3590; x_wconf 71' lang='lat' dir='ltr'><strong>stt.</strong></span> 
     </span>
     <span class='ocr_line' id='line_1_39' title="bbox 118 3591 1229 3657; baseline -0.002 -13"><span class='ocrx_word' id='word_1_317' title='bbox 118 3606 200 3644; x_wconf 82' lang='lat' dir='ltr'><strong>estex</strong></span> <span class='ocrx_word' id='word_1_318' title='bbox 212 3611 235 3644; x_wconf 90' lang='grc'><strong>6.</strong></span> <span class='ocrx_word' id='word_1_319' title='bbox 253 3594 309 3646; x_wconf 80' lang='lat'><strong>782.</strong></span> <span class='ocrx_word' id='word_1_320' title='bbox 343 3594 379 3642; x_wconf 85' lang='lat' dir='ltr'><strong>At</strong></span> <span class='ocrx_word' id='word_1_321' title='bbox 395 3600 464 3650; x_wconf 75' lang='grc'>66166,</span> <span class='ocrx_word' id='word_1_322' title='bbox 483 3607 515 3640; x_wconf 87' lang='lat' dir='ltr'><strong>ne</strong></span> <span class='ocrx_word' id='word_1_323' title='bbox 532 3592 592 3654; x_wconf 88' lang='lat' dir='ltr'><strong>quid</strong></span> <span class='ocrx_word' id='word_1_324' title='bbox 608 3591 657 3642; x_wconf 73' lang='lat' dir='ltr'><strong>tals²</strong></span> <span class='ocrx_word' id='word_1_325' title='bbox 690 3591 823 3640; x_wconf 84' lang='lat' dir='ltr'><strong>Terentius</strong></span> <span class='ocrx_word' id='word_1_326' title='bbox 841 3607 943 3640; x_wconf 75' lang='grc'>66666666</span> <span class='ocrx_word' id='word_1_327' title='bbox 967 3607 1013 3655; x_wconf 85' lang='lat' dir='ltr'><strong>pro</strong></span> <span class='ocrx_word' id='word_1_328' title='bbox 1033 3600 1109 3641; x_wconf 77' lang='grc'>166666</span> <span class='ocrx_word' id='word_1_329' title='bbox 1130 3592 1229 3657; x_wconf 70' lang='lat' dir='ltr'><strong>posuitr</strong></span> 
     </span>
     <span class='ocr_line' id='line_1_40' title="bbox 118 3656 1229 3725; baseline -0.003 -15"><span class='ocrx_word' id='word_1_330' title='bbox 118 3669 190 3725; x_wconf 79' lang='lat' dir='ltr'><strong>putet</strong></span> <span class='ocrx_word' id='word_1_331' title='bbox 206 3659 293 3716; x_wconf 85' lang='lat' dir='ltr'><strong>Faber,</strong></span> <span class='ocrx_word' id='word_1_332' title='bbox 309 3658 390 3707; x_wconf 84' lang='lat' dir='ltr'><strong>efficit</strong></span> <span class='ocrx_word' id='word_1_333' title='bbox 425 3657 487 3706; x_wconf 83' lang='lat' dir='ltr'><strong>Haeo</strong></span> <span class='ocrx_word' id='word_1_334' title='bbox 508 3656 564 3705; x_wconf 85' lang='lat' dir='ltr'><strong>ille:</strong></span> <span class='ocrx_word' id='word_1_335' title='bbox 591 3657 657 3706; x_wconf 83' lang='lat' dir='ltr'><strong>exis-</strong></span> <span class='ocrx_word' id='word_1_336' title='bbox 690 3659 746 3716; x_wconf 73' lang='lat' dir='ltr'><strong>Silo,</strong></span> <span class='ocrx_word' id='word_1_337' title='bbox 768 3659 825 3716; x_wconf 81' lang='grc'>6616,</span> <span class='ocrx_word' id='word_1_338' title='bbox 847 3659 944 3714; x_wconf 75' lang='grc'>6666166,</span> <span class='ocrx_word' id='word_1_339' title='bbox 968 3664 1027 3720; x_wconf 65' lang='lat' dir='ltr'><strong>tege,</strong></span> <span class='ocrx_word' id='word_1_340' title='bbox 1054 3666 1112 3716; x_wconf 81' lang='grc'>6666,</span> <span class='ocrx_word' id='word_1_341' title='bbox 1139 3673 1229 3707; x_wconf 78' lang='lat' dir='ltr'><strong>mussa.</strong></span> 
     </span>
     <span class='ocr_line' id='line_1_41' title="bbox 118 3720 1029 3784; baseline -0.004 -10"><span class='ocrx_word' id='word_1_342' title='bbox 118 3725 179 3774; x_wconf 88' lang='lat' dir='ltr'><strong>timo</strong></span> <span class='ocrx_word' id='word_1_343' title='bbox 200 3725 247 3774; x_wconf 86' lang='lat' dir='ltr'><strong>boc</strong></span> <span class='ocrx_word' id='word_1_344' title='bbox 267 3723 321 3772; x_wconf 87' lang='lat' dir='ltr'><strong>loco</strong></span> <span class='ocrx_word' id='word_1_345' title='bbox 343 3738 412 3784; x_wconf 76' lang='lat' dir='ltr'><strong>super</strong></span> <span class='ocrx_word' id='word_1_346' title='bbox 430 3737 484 3770; x_wconf 83' lang='lat' dir='ltr'><strong>osse</strong></span> <span class='ocrx_word' id='word_1_347' title='bbox 512 3721 658 3770; x_wconf 85' lang='lat' dir='ltr'><strong>adverbialis</strong></span> <span class='ocrx_word' id='word_1_348' title='bbox 691 3722 780 3784; x_wconf 79' lang='lat' dir='ltr'><strong>Festus</strong></span> <span class='ocrx_word' id='word_1_349' title='bbox 789 3720 816 3769; x_wconf 91' lang='lat' dir='ltr'><strong>in</strong></span> <span class='ocrx_word' id='word_1_350' title='bbox 825 3736 885 3769; x_wconf 88' lang='lat' dir='ltr'><strong>voce</strong></span> <span class='ocrx_word' id='word_1_351' title='bbox 897 3723 1029 3770; x_wconf 76' lang='lat' dir='ltr'><strong>Summuras&#39;.</strong></span> 
     </span>
     <span class='ocr_line' id='line_1_42' title="bbox 118 3785 1230 3850; baseline -0.003 -12"><span class='ocrx_word' id='word_1_352' title='bbox 118 3790 209 3847; x_wconf 75' lang='lat' dir='ltr'><strong>formae,</strong></span> <span class='ocrx_word' id='word_1_353' title='bbox 221 3788 257 3837; x_wconf 91' lang='lat' dir='ltr'><strong>ita</strong></span> <span class='ocrx_word' id='word_1_354' title='bbox 267 3797 296 3837; x_wconf 92' lang='lat' dir='ltr'><strong>ut</strong></span> <span class='ocrx_word' id='word_1_355' title='bbox 309 3790 378 3836; x_wconf 78' lang='lat' dir='ltr'><strong>Totus</strong></span> <span class='ocrx_word' id='word_1_356' title='bbox 388 3802 457 3848; x_wconf 76' lang='lat' dir='ltr'><strong>saper</strong></span> <span class='ocrx_word' id='word_1_357' title='bbox 468 3789 585 3850; x_wconf 64' lang='lat' dir='ltr'><strong>Ignisrr&#39;t</strong></span> <span class='ocrx_word' id='word_1_358' title='bbox 600 3789 657 3835; x_wconf 76' lang='grc'>6616·-</span> <span class='ocrx_word' id='word_1_359' title='bbox 723 3787 778 3834; x_wconf 76' lang='grc'><strong>666</strong></span> <span class='ocrx_word' id='word_1_360' title='bbox 795 3785 973 3849; x_wconf 60' lang='grc' dir='ltr'>11666166]Μῆ</span> <span class='ocrx_word' id='word_1_361' title='bbox 981 3789 1075 3848; x_wconf 75' lang='lat' dir='ltr'><strong>raptis:</strong></span> <span class='ocrx_word' id='word_1_362' title='bbox 1092 3789 1157 3836; x_wconf 81' lang='grc'>6166</span> <span class='ocrx_word' id='word_1_363' title='bbox 1173 3803 1230 3850; x_wconf 79' lang='lat' dir='ltr'><strong>rop-</strong></span> 
     </span>
     <span class='ocr_line' id='line_1_43' title="bbox 118 3850 1229 3926; baseline -0.002 -23"><span class='ocrx_word' id='word_1_364' title='bbox 118 3872 176 3917; x_wconf 79' lang='lat' dir='ltr'><strong>quus</strong></span> <span class='ocrx_word' id='word_1_365' title='bbox 193 3857 263 3917; x_wconf 72' lang='lat' dir='ltr'><strong>ignia,</strong></span> <span class='ocrx_word' id='word_1_366' title='bbox 280 3868 326 3902; x_wconf 86' lang='lat' dir='ltr'><strong>seu</strong></span> <span class='ocrx_word' id='word_1_367' title='bbox 341 3851 385 3900; x_wconf 87' lang='lat' dir='ltr'><strong>alii</strong></span> <span class='ocrx_word' id='word_1_368' title='bbox 402 3851 488 3914; x_wconf 79' lang='lat' dir='ltr'><strong>ignes:</strong></span> <span class='ocrx_word' id='word_1_369' title='bbox 515 3850 657 3926; x_wconf 80' lang='lat' dir='ltr'><strong>exemplum</strong></span> <span class='ocrx_word' id='word_1_370' title='bbox 690 3854 737 3908; x_wconf 79' lang='lat' dir='ltr'><strong>tia,-</strong></span> <span class='ocrx_word' id='word_1_371' title='bbox 752 3850 780 3898; x_wconf 89' lang='lat' dir='ltr'><strong>id</strong></span> <span class='ocrx_word' id='word_1_372' title='bbox 790 3859 835 3910; x_wconf 75' lang='lat' dir='ltr'><strong>eat,</strong></span> <span class='ocrx_word' id='word_1_373' title='bbox 847 3852 878 3899; x_wconf 85' lang='lat' dir='ltr'><strong>ab</strong></span> <span class='ocrx_word' id='word_1_374' title='bbox 892 3866 918 3899; x_wconf 87' lang='grc'><strong>66</strong></span> <span class='ocrx_word' id='word_1_375' title='bbox 934 3851 1086 3916; x_wconf 76' lang='lat' dir='ltr'><strong>constipatis.</strong></span> <span class='ocrx_word' id='word_1_376' title='bbox 1115 3851 1174 3910; x_wconf 82' lang='lat' dir='ltr'><strong>Alii,</strong></span> <span class='ocrx_word' id='word_1_377' title='bbox 1185 3869 1229 3901; x_wconf 82' lang='grc'><strong>66-</strong></span> 
     </span>
     <span class='ocr_line' id='line_1_44' title="bbox 119 3913 1230 3982; baseline -0.003 -15"><span class='ocrx_word' id='word_1_378' title='bbox 119 3915 657 3982; x_wconf 56' lang='grc'>666666666616666616686616666166611.</span> <span class='ocrx_word' id='word_1_379' title='bbox 690 3923 745 3964; x_wconf 77' lang='grc'>6666.</span> <span class='ocrx_word' id='word_1_380' title='bbox 774 3913 939 3976; x_wconf 73' lang='lat' dir='ltr'><strong>Aliiraptom.</strong></span> <span class='ocrx_word' id='word_1_381' title='bbox 966 3915 1016 3963; x_wconf 86' lang='lat' dir='ltr'><strong>Sed</strong></span> <span class='ocrx_word' id='word_1_382' title='bbox 1024 3919 1110 3978; x_wconf 79' lang='lat' dir='ltr'><strong>raptim</strong></span> <span class='ocrx_word' id='word_1_383' title='bbox 1118 3915 1230 3979; x_wconf 76' lang='lat' dir='ltr'><strong>sequenti</strong></span> 
     </span>
    </p>
   </div>
   <div class='ocr_carea' id='block_1_6' title="bbox 120 3979 1024 4092">
    <p class='ocr_par' dir='ltr' id='par_1_7' title="bbox 120 3979 1024 4092">
     <span class='ocr_line' id='line_1_45' title="bbox 120 3979 1024 4092; baseline -0.008 -58"><span class='ocrx_word' id='word_1_384' title='bbox 120 3983 218 4035; x_wconf 77' lang='lat' dir='ltr'><strong>AEneid.</strong></span> <span class='ocrx_word' id='word_1_385' title='bbox 230 3983 282 4032; x_wconf 86' lang='lat'><em>111.</em></span> <span class='ocrx_word' id='word_1_386' title='bbox 305 3983 494 4029; x_wconf 75' lang='lat' dir='ltr'><strong>Omittaolamoa&#39;</strong></span> <span class='ocrx_word' id='word_1_387' title='bbox 503 3983 657 4092; x_wconf 67' lang='lat' dir='ltr'><strong>superdatp·</strong></span> <span class='ocrx_word' id='word_1_388' title='bbox 690 3979 772 4029; x_wconf 85' lang='lat' dir='ltr'><strong>versui</strong></span> <span class='ocrx_word' id='word_1_389' title='bbox 783 3979 890 4028; x_wconf 80' lang='lat' dir='ltr'><strong>maxime</strong></span> <span class='ocrx_word' id='word_1_390' title='bbox 901 3979 1024 4029; x_wconf 83' lang='lat' dir='ltr'><strong>convenit</strong></span> 
     </span>
    </p>
   </div>
   <div class='ocr_carea' id='block_1_7' title="bbox 118 4042 1231 4373">
    <p class='ocr_par' dir='ltr' id='par_1_8' title="bbox 118 4042 1231 4311">
     <span class='ocr_line' id='line_1_46' title="bbox 118 4042 1231 4110; baseline -0.004 -13"><span class='ocrx_word' id='word_1_391' title='bbox 118 4051 210 4097; x_wconf 76' lang='grc'>66666616</span> <span class='ocrx_word' id='word_1_392' title='bbox 225 4051 316 4110; x_wconf 73' lang='lat' dir='ltr'><strong>imago.-</strong></span> <span class='ocrx_word' id='word_1_393' title='bbox 339 4046 420 4108; x_wconf 79' lang='lat' dir='ltr'><strong>imago</strong></span> <span class='ocrx_word' id='word_1_394' title='bbox 436 4060 491 4107; x_wconf 77' lang='lat' dir='ltr'><strong>quse</strong></span> <span class='ocrx_word' id='word_1_395' title='bbox 509 4060 536 4093; x_wconf 87' lang='lat' dir='ltr'><strong>re</strong></span> <span class='ocrx_word' id='word_1_396' title='bbox 556 4059 604 4106; x_wconf 89' lang='lat' dir='ltr'><strong>qua</strong></span> <span class='ocrx_word' id='word_1_397' title='bbox 624 4059 657 4094; x_wconf 84' lang='grc'><strong>66.</strong></span> <span class='ocrx_word' id='word_1_398' title='bbox 724 4045 779 4093; x_wconf 90' lang='grc'>666.</span> <span class='ocrx_word' id='word_1_399' title='bbox 799 4047 865 4097; x_wconf 75' lang='lat' dir='ltr'><strong>Quod</strong></span> <span class='ocrx_word' id='word_1_400' title='bbox 878 4048 902 4093; x_wconf 78' lang='grc'><strong>66·</strong></span> <span class='ocrx_word' id='word_1_401' title='bbox 931 4053 980 4094; x_wconf 71' lang='lat' dir='ltr'><strong>orte</strong></span> <span class='ocrx_word' id='word_1_402' title='bbox 997 4047 1054 4102; x_wconf 78' lang='grc'>6116,</span> <span class='ocrx_word' id='word_1_403' title='bbox 1072 4042 1129 4106; x_wconf 75' lang='lat' dir='ltr'><strong>eta]</strong></span> <span class='ocrx_word' id='word_1_404' title='bbox 1153 4045 1231 4092; x_wconf 88' lang='lat' dir='ltr'><strong>Porro</strong></span> 
     </span>
     <span class='ocr_line' id='line_1_47' title="bbox 121 4107 1230 4174; baseline -0.004 -14"><span class='ocrx_word' id='word_1_405' title='bbox 121 4112 221 4160; x_wconf 85' lang='lat' dir='ltr'><strong>Servius</strong></span> <span class='ocrx_word' id='word_1_406' title='bbox 232 4127 291 4162; x_wconf 84' lang='lat' dir='ltr'><strong>vero</strong></span> <span class='ocrx_word' id='word_1_407' title='bbox 306 4110 339 4159; x_wconf 89' lang='lat' dir='ltr'><strong>ad</strong></span> <span class='ocrx_word' id='word_1_408' title='bbox 350 4110 419 4174; x_wconf 79' lang='lat' dir='ltr'><strong>Virg.</strong></span> <span class='ocrx_word' id='word_1_409' title='bbox 429 4125 506 4172; x_wconf 76' lang='lat' dir='ltr'><strong>sapor,</strong></span> <span class='ocrx_word' id='word_1_410' title='bbox 518 4108 597 4167; x_wconf 75' lang='lat' dir='ltr'><strong>valde,</strong></span> <span class='ocrx_word' id='word_1_411' title='bbox 614 4123 657 4158; x_wconf 82' lang='lat' dir='ltr'><strong>ve·</strong></span> <span class='ocrx_word' id='word_1_412' title='bbox 690 4109 747 4172; x_wconf 86' lang='lat' dir='ltr'><strong>quia</strong></span> <span class='ocrx_word' id='word_1_413' title='bbox 762 4118 847 4173; x_wconf 84' lang='lat' dir='ltr'><strong>posset</strong></span> <span class='ocrx_word' id='word_1_414' title='bbox 862 4109 984 4171; x_wconf 87' lang='lat' dir='ltr'><strong>quoddam</strong></span> <span class='ocrx_word' id='word_1_415' title='bbox 1002 4119 1087 4173; x_wconf 83' lang='lat' dir='ltr'><strong>patere</strong></span> <span class='ocrx_word' id='word_1_416' title='bbox 1105 4107 1230 4170; x_wconf 78' lang='lat' dir='ltr'><strong>effugium,</strong></span> 
     </span>
     <span class='ocr_line' id='line_1_48' title="bbox 120 4171 1231 4238; baseline -0.008 -12"><span class='ocrx_word' id='word_1_417' title='bbox 120 4177 254 4226; x_wconf 76' lang='lat' dir='ltr'><strong>hamenter.</strong></span> <span class='ocrx_word' id='word_1_418' title='bbox 284 4175 336 4226; x_wconf 80' lang='lat' dir='ltr'><strong>Alii</strong></span> <span class='ocrx_word' id='word_1_419' title='bbox 346 4175 432 4238; x_wconf 81' lang='lat' dir='ltr'><strong>legunt</strong></span> <span class='ocrx_word' id='word_1_420' title='bbox 441 4173 601 4233; x_wconf 70' lang='grc'>6666661666</span> <span class='ocrx_word' id='word_1_421' title='bbox 610 4189 660 4223; x_wconf 81' lang='lat' dir='ltr'><strong>vox</strong></span> <span class='ocrx_word' id='word_1_422' title='bbox 691 4173 778 4237; x_wconf 86' lang='lat' dir='ltr'><strong>siquis</strong></span> <span class='ocrx_word' id='word_1_423' title='bbox 789 4173 882 4223; x_wconf 80' lang='grc'>61166666</span> <span class='ocrx_word' id='word_1_424' title='bbox 894 4175 982 4238; x_wconf 73' lang='lat' dir='ltr'><strong>Ignem</strong></span> <span class='ocrx_word' id='word_1_425' title='bbox 991 4171 1112 4235; x_wconf 71' lang='lat' dir='ltr'><strong>eadngui,</strong></span> <span class='ocrx_word' id='word_1_426' title='bbox 1130 4182 1155 4219; x_wconf 87' lang='lat' dir='ltr'><strong>et</strong></span> <span class='ocrx_word' id='word_1_427' title='bbox 1170 4185 1231 4225; x_wconf 84' lang='lat' dir='ltr'><strong>eoa·</strong></span> 
     </span>
     <span class='ocr_line' id='line_1_49' title="bbox 122 4237 1231 4311; baseline -0.006 -23"><span class='ocrx_word' id='word_1_428' title='bbox 122 4254 171 4289; x_wconf 87' lang='lat' dir='ltr'><strong>non</strong></span> <span class='ocrx_word' id='word_1_429' title='bbox 180 4240 334 4290; x_wconf 74' lang='lat' dir='ltr'><strong>incommode</strong></span> <span class='ocrx_word' id='word_1_430' title='bbox 342 4238 443 4303; x_wconf 78' lang='lat' dir='ltr'><strong>respicit</strong></span> <span class='ocrx_word' id='word_1_431' title='bbox 448 4246 529 4302; x_wconf 80' lang='lat' dir='ltr'><strong>partas</strong></span> <span class='ocrx_word' id='word_1_432' title='bbox 537 4238 563 4286; x_wconf 92' lang='lat' dir='ltr'><strong>in</strong></span> <span class='ocrx_word' id='word_1_433' title='bbox 569 4255 592 4288; x_wconf 90' lang='grc'><strong>6.</strong></span> <span class='ocrx_word' id='word_1_434' title='bbox 603 4239 658 4289; x_wconf 73' lang='grc'>669.</span> <span class='ocrx_word' id='word_1_435' title='bbox 691 4237 754 4287; x_wconf 81' lang='lat' dir='ltr'><strong>verti</strong></span> <span class='ocrx_word' id='word_1_436' title='bbox 770 4237 797 4286; x_wconf 90' lang='lat' dir='ltr'><strong>in</strong></span> <span class='ocrx_word' id='word_1_437' title='bbox 813 4237 881 4287; x_wconf 87' lang='lat' dir='ltr'><strong>aliud</strong></span> <span class='ocrx_word' id='word_1_438' title='bbox 897 4240 1001 4303; x_wconf 82' lang='lat' dir='ltr'><strong>Corpus,</strong></span> <span class='ocrx_word' id='word_1_439' title='bbox 1013 4245 1144 4311; x_wconf 81' lang='lat' dir='ltr'><strong>eapropter</strong></span> <span class='ocrx_word' id='word_1_440' title='bbox 1159 4241 1231 4296; x_wconf 76' lang='lat' dir='ltr'><strong>urget</strong></span> 
     </span>
    </p>

    <p class='ocr_par' dir='ltr' id='par_1_9' title="bbox 155 4297 1231 4373">
     <span class='ocr_line' id='line_1_50' title="bbox 155 4297 1231 4373; baseline -0.001 -23"><span class='ocrx_word' id='word_1_441' title='bbox 155 4305 211 4352; x_wconf 82' lang='grc'>662.</span> <span class='ocrx_word' id='word_1_442' title='bbox 238 4307 325 4367; x_wconf 79' lang='lat' dir='ltr'><strong>Dr&#39;rque</strong></span> <span class='ocrx_word' id='word_1_443' title='bbox 345 4302 446 4367; x_wconf 76' lang='lat' dir='ltr'><strong>rapacis]</strong></span> <span class='ocrx_word' id='word_1_444' title='bbox 470 4306 503 4353; x_wconf 76' lang='lat' dir='ltr'><strong>Et</strong></span> <span class='ocrx_word' id='word_1_445' title='bbox 524 4307 659 4366; x_wconf 60' lang='grc'>6166666666</span> <span class='ocrx_word' id='word_1_446' title='bbox 692 4319 714 4351; x_wconf 86' lang='grc'><strong>6.</strong></span> <span class='ocrx_word' id='word_1_447' title='bbox 729 4303 766 4350; x_wconf 90' lang='lat'><strong>10.</strong></span> <span class='ocrx_word' id='word_1_448' title='bbox 778 4302 834 4351; x_wconf 83' lang='lat' dir='ltr'><strong>lieri</strong></span> <span class='ocrx_word' id='word_1_449' title='bbox 841 4302 868 4373; x_wconf 85' lang='lat' dir='ltr'><strong>id</strong></span> <span class='ocrx_word' id='word_1_450' title='bbox 880 4319 929 4352; x_wconf 87' lang='lat' dir='ltr'><strong>non</strong></span> <span class='ocrx_word' id='word_1_451' title='bbox 937 4317 1017 4367; x_wconf 82' lang='lat' dir='ltr'><strong>posse,</strong></span> <span class='ocrx_word' id='word_1_452' title='bbox 1029 4300 1078 4349; x_wconf 76' lang='lat' dir='ltr'><strong>nisi</strong></span> <span class='ocrx_word' id='word_1_453' title='bbox 1088 4297 1231 4349; x_wconf 80' lang='lat' dir='ltr'><strong>admittatur</strong></span> 
     </span>
    </p>
   </div>
   <div class='ocr_carea' id='block_1_8' title="bbox 0 0 1449 4852">
    <p class='ocr_par' dir='ltr' id='par_1_10' title="bbox 0 0 1449 4852">
     <span class='ocr_line' id='line_1_51' title="bbox 0 0 1449 4852; baseline 0 0"><span class='ocrx_word' id='word_1_454' title='bbox 0 0 1449 4852; x_wconf 95' lang='lat' dir='ltr'><strong> </strong></span> 
     </span>
    </p>
   </div>
  </div>
 </body>
</html>
