2872 4852
447 246 617 313 LIBER
654 247 879 312 SEXTUS.
1150 247 1215 314 319

197 405 327 471 Ventus
341 400 522 489 ubi,·atque
541 403 667 466 Animae
683 403 791 467 subito
806 404 853 466 vis
868 405 1007 468 maxima
1021 404 1181 487 quaedam,

198 504 268 571 Aut
283 504 495 582 extrinsecus,
511 503 568 569 aut
581 502 654 588 ipsa
669 526 689 567 a
704 503 819 569 tellure
834 516 945 569 coorta

199 607 238 672 In
252 607 322 674 loca
338 623 372 674 se
388 631 466 673 cava
482 607 600 672 Terrai
614 608 763 692 conjecit,
772 607 889 691 ibique

135 722 183 769 555
203 711 380 795 Speluncas
396 712 480 775 inter
493 732 625 795 magnas
642 708 750 774 fremit
765 719 839 773 ante
855 699 1006 787 tumultu,

199 814 481 898 Versabundaque
496 822 664 897 portatur3
688 822 763 896 post
776 812 875 876 incita
889 833 963 876 cum
976 812 1023 875 vis

116 966 125 984 .
199 916 378 1000 Exagitata
392 917 479 980 foras
495 915 686 1000 erumpitur,
702 925 736 978 et
751 913 844 978 simul
858 925 960 978 artam

199 1016 385 1083 Diffindens
401 1029 520 1082 terram
534 1032 686 1102 magnum
701 1016 871 1081 concinnat
883 1015 1024 1080 hiatum:

200 1118 240 1183 In
254 1121 357 1204 Tyria
373 1120 496 1185 Sidone
511 1119 600 1203 quod
615 1117 743 1196 accidit,
760 1128 793 1182 et
808 1117 869 1181 fnit
884 1118 981 1202 AEgis

135 1232 183 1278 585
198 1218 238 1283 111
253 1219 499 1304 Peloponneso:
522 1220 616 1293 Quas
631 1221 738 1284 exitus
753 1218 807 1283 hic
821 1220 938 1282 animai

201 1320 378 1386 Disturbdt
392 1322 513 1399 urbeis,
530 1332 564 1385 et
577 1321 693 1386 Terrae
707 1331 813 1384 motus
830 1321 986 1385 obortus!

200 1421 374 1507 Multaque
389 1433 549 1507 praeterea
564 1422 752 1487 ceciderunt
765 1423 884 1486 moenia
898 1422 1023 1506 magnis

201 1523 350 1589 Motibus
365 1527 399 1589 in
414 1526 521 1602 terris,
537 1535 572 1590 et
586 1523 696 1589 multae
710 1546 770 1608 per
784 1547 872 1589 mare
889 1545 1022 1608 pessum

201 1625 388 1690 Subsedere
405 1628 471 1690 suis
486 1626 608 1711 pariter
622 1648 696 1691 cum
711 1626 834 1690 civibus
850 1627 961 1690 urbes.

135 1737 183 1785 590
199 1727 300 1800 Quod
315 1730 376 1792 nisi
390 1728 582 1812 prorumpit,
599 1738 706 1791 tamen
720 1728 860 1812 impetus
875 1728 946 1811 ipse
958 1724 1092 1791 Anima'i

199 1829 246 1893 Et
261 1829 391 1893 feraris
406 1829 508 1895 Venti
521 1844 581 1914 per
596 1831 711 1895 crebra
726 1828 883 1894 foramina
896 1841 993 1895 terrae
1065 1875 1068 1881 ·

199 1931 413 2017 Dispertitur,
429 1943 467 1996 ut
482 1928 630 2011 Horror3
655 1943 689 1997 et
703 1929 819 1997 incutit
833 1933 909 1997 inde
925 1942 1116 1997 tremorem:

198 2033 316 2118 Frigus
331 2035 379 2098 uti
393 2045 523 2099 nostros
537 2035 667 2119 penitus
684 2055 758 2098 cum
771 2036 859 2099 venit
873 2034 907 2097 in
922 2031 1032 2111 artus,

198 2134 351 2199 Concutit
365 2136 481 2199 invitos
497 2157 616 2219 cogens
632 2145 770 2199 tremere
786 2127 884 2218 atque
899 2136 1030 2199 moveri.

135 2247 182 2294 595
198 2235 344 2320 Ancipiti
358 2228 523 2319 trepidant
536 2236 636 2319 igitur
650 2245 775 2300 terrore
790 2257 850 2319 per
863 2232 991 2299 u'rbeisr
1013 2271 1016 2286 ι

200 2336 306 2401 Τ5555
322 2359 462 2420 superne
478 2337 602 2414 timent,
618 2346 768 2400 metuunt
783 2336 921 2413 inferne,
937 2330 1091 2400 cavernis

201 2437 319 2502 Terrai
333 2459 374 2500 ne
389 2437 544 2501 dissolvat
558 2432 689 2501 Natura
703 2447 857 2520 repente;

200 2539 280 2603 Neu
294 2530 449 2604 distracta
465 2561 559 2602 suum
572 2537 637 2602 late
653 2535 828 2622 dispandat
842 2538 978 2615 hiatum,

201 2649 307 2732 quue
323 2649 389 2713 suis
405 2648 540 2713 confirsa
552 2647 630 2713 velit
645 2647 806 2732 complere
820 2648 933 2711 ruinis.

137 2761 185 2810 600
243 2749 388 2814 Proinde
401 2749 488 2827 licet,
504 2750 648 2835 quamvis
663 2747 781 2814 coelum
796 2758 979 2832 terramque
993 2748 1127 2814 reantur

116 2959 214 3010 terram,
226 2961 277 3001 tum
294 2951 386 3018 populi,
398 2954 478 3011 urbes,
494 2951 588 3010 insulae,
605 2959 651 3000 etc
684 2958 734 2999 tam
756 2964 831 3015 snpra
853 2935 969 2999 Sidonem
991 2960 1063 2999 terrae
1084 2958 1152 2999 motu
1177 2952 1220 2999 ab·

116 3015 211 3079 ingenti
218 3017 287 3065 hiatu
297 3019 463 3075 absorbentur,
473 3018 494 3066 si
504 3026 592 3065 ventus
602 3031 652 3077 non
684 3024 792 3090 sorptam
803 3014 885 3072 fuisse,
899 3024 924 3063 et
934 3015 1012 3078 ipsius
1025 3015 1122 3064 Sidonis
1137 3029 1221 3064 eorru-

116 3091 265 3194 iiffiiii
278 3090 567 3209 5515555555.
574 3089 653 3193 ‘tit
684 3079 1040 3207 reordinabitis
1055 3080 1222 3192 31131111

117 3223 162 3271 per
173 3225 257 3257 omnes
269 3218 340 3257 terre
357 3218 451 3257 meatus
467 3209 554 3257 diffuso
571 3217 652 3264 ortus3
685 3207 745 3256 lices
766 3217 791 3255 et
814 3208 887 3256 Bnrae
909 3207 980 3270 AEgir
1009 3207 1224 3270 Peloponnesiacis

118 3272 164 3320 etsi
175 3280 256 3320 autem
268 3273 330 3321 nihil
340 3288 457 3336 parumve
469 3272 605 3321 timendum
615 3272 653 3321 vi·
687 3271 821 3320 vicinarum
861 3271 926 3335 apud
962 3280 1058 3319 veteres
1093 3271 1222 3320 celebrem.

118 3335 341 3384 deaturatrernore
367 3336 481 3398 simplici,
493 3351 546 3384 esse
564 3335 653 3383 nihilo-
687 3335 760 3383 ovid.
773 3334 928 3382 Metamlib.
943 3334 999 3382 XV.
1029 3337 1056 3383 St
1071 3351 1161 3396 quoeras
1172 3338 1223 3382 He·

118 3399 200 3447 minus
216 3399 294 3463 possit
309 3415 366 3447 cum
382 3399 437 3447 aliis
453 3400 580 3463 speciebus
596 3415 654 3447 con·
688 3402 754 3457 licen,
765 3406 789 3446 et
800 3401 889 3455 Buran,
901 3401 1020 3462 Achaidos
1036 3401 1104 3446 urbes
1119 3401 1224 3447 Invenies

115 3463 223 3524 junctus
240 3479 285 3511 nec
302 3473 383 3511 certus
399 3479 452 3512 esse
470 3464 598 3526 quisquam
611 3479 654 3511 va·
685 3460 847 3524 autmutari
863 3465 938 3510 adhuc
954 3465 1070 3511 ostendere
1086 3471 1164 3511 nanta
1180 3460 1222 3511 In-

118 3527 175 3583 leat,
198 3542 248 3576 non
274 3527 310 3575 ita
336 3526 519 3585 increbburum,
542 3527 654 3589 viresque
686 3529 857 3574 clinatasolent
871 3543 920 3574 cnm
936 3530 1047 3575 moenibus
1063 3529 1147 3589 oppida
1163 3544 1222 3576 mer·

119 3599 276 3655 accepturum
303 3601 442 3648 tremorem,
466 3601 495 3639 ut
521 3599 565 3639 aut
590 3599 655 3639 tecta
686 3595 726 3639 ris.

119 3663 267 3713 evertantur,
279 3663 322 3704 aut
333 3664 399 3704 terra
410 3654 521 3704 nonnihil
538 3654 653 3713 dehiscat,
720 3655 773 3702 592.
787 3653 890 3717 Horror]
903 3654 996 3712 Celsus,
1013 3653 1054 3702 lib.
1069 3655 1121 3703 111.
1133 3671 1186 3720 cap.
1199 3657 1222 3705 8.

119 3735 141 3768 v.
155 3722 193 3768 24.
246 3776 248 3780 ,
603 3774 607 3779 ,
686 3718 717 3767 (15
736 3717 856 3780 febribus:
883 3721 997 3768 torrorem
1013 3736 1072 3778 noco,
1091 3723 1132 3768 ubi
1152 3727 1223 3769 555555

127 3803 129 3807 ·
151 3783 207 3835 577.
236 3783 340 3847 Anima]
363 3787 471 3845 Spiritus,
495 3784 653 3847 Interpretor,
686 3799 767 3844 corpus
778 3786 887 3831 intremit.

118 3858 219 3914 propter
231 3849 357 3907 Senecam,
375 3849 431 3897 Nat.
445 3849 535 3903 Quaest.
552 3848 594 3897 lib.
607 3848 654 3896 VI.
719 3846 774 3897 597.
789 3845 1012 3910 Temni—Natura]
1025 3848 1084 3911 Ipsa
1093 3846 1173 3896 tellus.

118 3929 171 3976 cap.
198 3914 236 3961 20.
276 3915 373 3961 Nullam
394 3921 469 3961 tamen
490 3916 568 3974 placet
592 3912 653 3975 Epi·
720 3913 774 3960 599.
787 3913 860 3973 quue
871 3909 931 3974 suis]
944 3915 1022 3974 Imque
1039 3911 1180 3968 Lambinus,
1196 3910 1224 3959 id

118 3993 178 4025 curo
193 3994 286 4027 ramam
301 3994 349 4026 erse
364 3977 479 4040 majorem,
495 3993 562 4039 quam
578 3979 653 4038 Spiri-
687 3983 731 4032 est,
743 3975 860 4038 illumque
871 3975 972 4024 hiatum.
1061 4035 1065 4044 l

119 4048 175 4089 tum.
720 4041 775 4088 600.
788 4042 887 4089 Proinde
899 4044 960 4099 licet,
971 4038 1028 4103 ein]
1041 4040 1158 4103 Domum,
1171 4053 1191 4086 r.
1199 4036 1222 4088 7.

152 4107 207 4153 tao.
224 4108 291 4154 Inter
301 4105 409 4170 magnas]
422 4109 526 4169 Magno:
543 4105 629 4153 Faber.
653 4162 655 4167 Ι
687 4103 737 4154 illis
747 4104 856 4163 insultat,
869 4105 1011 4169 qui-putant
1021 4104 1140 4152 mundum
1151 4111 1222 4149 arter-

152 4169 207 4217 584.
224 4172 254 4218 In
271 4172 343 4234 Tyria
359 4173 449 4229 Sidona
461 4168 519 4232 etc]
536 4169 608 4224 Quod
624 4169 655 4217 de
688 4184 747 4230 num
764 4169 816 4217 fore
832 4169 1115 4236 etuimmortolemffium
1133 4174 1223 4214 terram

121 4231 211 4280 Sidone
233 4234 268 4281 ait
293 4235 451 4284 confirmatur
473 4250 488 4282 a
515 4233 654 4290 Posidonio,
687 4248 800 4298 magnam
812 4233 878 4282 illius
894 4243 997 4299 partem,
1009 4232 1069 4280 adeo
1080 4244 1224 4298 concussam

121 4295 180 4345 dum
190 4297 255 4360 apud
266 4297 409 4348 Strabonem
420 4297 506 4348 scribit
518 4300 604 4347 urbem
620 4298 654 4347 si·
687 4298 804 4357 sentiunt,
814 4309 838 4346 et
849 4297 1029 4352 labefactatam
1047 4294 1097 4344 imo
1108 4309 1164 4343 cum
1175 4293 1224 4360 ipsi
