2872 4852
211 241 255 305 76
595 239 637 303 T.
670 238 942 303 LUCRETII

300 395 347 460 Et
361 405 470 460 vetere
485 395 631 460 exoritur
646 416 773 479 semper
788 417 891 458 novus
907 395 1021 458 ordine
1036 405 1138 472 certo,

300 498 375 562 Nec
391 496 597 562 Declinando
612 496 735 561 faciunt
750 496 932 561 Primordia
946 507 1053 563 motus

301 600 501 683 Principium
515 598 690 683 quoddam,
708 598 797 682 quod
813 598 887 661 Fati
900 597 1029 663 foedera
1043 608 1184 682 rumpat,

239 714 287 761 255
306 701 362 766 Ex
377 701 503 765 infinito
519 723 559 764 ne
574 722 705 764 causam
720 721 818 764 causa
834 711 1007 784 sequatur3

303 803 426 870 Libera
440 825 500 888 per
513 813 616 866 terras
632 802 720 866 unde
735 801 806 867 haec
822 804 1037 866 animantibus
1052 813 1154 880 extat,

302 905 401 969 Unde
416 915 468 969 est
481 903 553 968 haec
568 903 724 987 (inquam)
740 902 813 966 fatis
831 903 941 967 avolsa
956 902 1130 981 Voluntas,

302 1004 368 1069 Per
383 1028 480 1089 quam
494 1005 731 1089 progredimur,
749 1027 815 1088 quo
829 1004 920 1068 ducit
935 1009 1095 1088 quemque
1111 1005 1262 1091 voluptas
1275 1035 1284 1085 3

304 1107 516 1172 Declinamus
532 1107 609 1170 item
623 1117 742 1184 motus,
758 1129 818 1171 nec
834 1116 979 1189 tempore
995 1117 1097 1184 certo,

238 1220 286 1268 260
305 1209 378 1274 Nec
393 1211 525 1293 regione
539 1208 603 1272 loci
617 1219 717 1286 certa,
734 1208 792 1272 sed
808 1209 866 1271 ubi
879 1207 951 1291 ipsa
966 1207 1039 1271 tulit
1054 1209 1152 1273 Mens
1162 1212 1185 1274 l'

302 1311 392 1375 Nam
406 1312 507 1376 dubio
522 1310 637 1395 procul
650 1310 702 1374 his
717 1311 816 1375 rebus
832 1332 891 1372 sua
907 1310 1022 1393 cuique
1038 1309 1201 1376 Voluntas

305 1414 505 1498 Principium
521 1413 597 1491 dat3
621 1423 654 1476 et
668 1412 744 1476 hinc
759 1422 865 1475 motus
880 1433 940 1495 per
954 1413 1098 1476 membra
1112 1414 1272 1498 rigantur.

302 1516 423 1581 Nonne
438 1516 529 1579 vides
545 1516 642 1580 etiam
656 1514 827 1599 patefactis
843 1524 989 1598 tempore
1004 1525 1127 1598 puncto

304 1618 511 1694 CarceribuS,
528 1640 592 1681 non
608 1639 705 1701 posse
720 1628 828 1680 tamen
842 1638 1055 1700 prorumpere
1069 1616 1241 1700 Equorum

238 1731 286 1778 265
305 1718 383 1784 Vim
397 1720 548 1804 cupidam
563 1730 629 1783 tam
645 1720 808 1796 desubito,
824 1739 921 1802 quam
936 1718 1034 1782 Mens
1050 1731 1123 1784 avet
1137 1720 1233 1804 ipsal

304 1821 419 1885 Omnis
435 1822 519 1885 enim
533 1831 638 1885 totum
652 1842 711 1905 per
727 1819 856 1904 Corpus
870 1821 1018 1883 materiai

303 1921 407 2007 Copia
421 1922 568 2006 conquiri
583 1922 692 2000 debet,
709 1923 836 1987 concita
851 1944 911 2007 per
925 1934 1016 1987 artus

304 2025 451 2102 Omneis,
464 2035 502 2089 ut
518 2025 661 2108 studium
676 2025 800 2089 Mentis
817 2047 964 2089 connexa
980 2035 1153 2116 sequatur:

304 2126 353 2190 Ut
367 2127 477 2191 videas
491 2127 606 2190 initum
620 2137 727 2191 motus
743 2150 763 2190 a
779 2126 887 2190 Corde
902 2128 1017 2204 creari,

238 2240 287 2292 270
307 2228 362 2293 Ex
378 2229 551 2312 Animique
567 2228 732 2293 voluntate
747 2228 782 2293 id
797 2228 976 2313 procedere
992 2218 1145 2313 primum:

303 2330 385 2396 Inde
401 2331 472 2395 dari
486 2352 585 2415 porro
600 2353 660 2415 per
675 2341 780 2394 totum
796 2328 937 2414 CorpuS,
954 2340 988 2393 et
1003 2341 1104 2394 artus.

345 2435 420 2498 Nec
436 2433 536 2498 simile
552 2434 602 2510 ’st,
618 2443 656 2496 ut
671 2455 745 2497 cum
758 2431 888 2516 impulsi
902 2432 1109 2516 procedimus
1124 2433 1204 2510 ictu,

302 2536 438 2601 Viribus
454 2534 586 2599 alterius
601 2537 738 2619 magniS,
753 2556 935 2618 magnoque
951 2545 1084 2613 coactu3

302 2636 391 2700 Nam
406 2647 474 2701 turn
488 2637 655 2701 materiam
670 2637 770 2700 totius
787 2634 942 2719 Corporis
960 2658 1086 2701 omnem

216 2877 330 2941 cuiquam
352 2878 454 2940 physico
472 2877 568 2941 placen
597 2879 705 2936 alteram,
726 2887 753 2925 ut
788 2880 845 2927 Cum
856 2877 1070 2928 desubitomeorat
1079 2881 1160 2928 mulier
1169 2880 1329 2942 lachrymam-

215 2957 272 2991 oum
279 2941 328 2989 duo
333 2941 460 2990 individua
468 2958 512 3006 per
520 2943 664 2991 inanitatem
673 2943 753 2990 feran-
786 2959 829 3005 que
841 2946 958 3005 odgerum
969 2946 1062 2992 occidit.

216 3016 264 3064 tur,
272 3006 503 3069 alterumeregione
510 3017 643 3065 moveatur,
650 3007 754 3055 alterum
820 3007 875 3054 266.
901 3010 979 3055 Omnis
990 3012 1049 3056 euim
1061 3016 1139 3064 totum,
1156 3006 1212 3069 eta]
1225 3008 1284 3056 Ver.
1304 3010 1329 3058 6.

216 3070 329 3118 declinet
357 3071 444 3118 Cicero
455 3071 485 3118 de
498 3072 565 3120 Fato
788 3071 873 3120 Motus
880 3071 1030 3120 voluntarios
1037 3071 1177 3120 animalium
1187 3071 1273 3130 obiter,
1280 3088 1330 3121 nec

250 3137 305 3183 255.
314 3138 351 3183 Ec
360 3134 657 3197 infinitouecousam‚eto.]
666 3135 755 3183 Fatum
787 3135 870 3199 inepte
882 3136 1002 3199 explicat:
1023 3137 1076 3185 vult
1091 3137 1144 3211 ipse
1161 3135 1264 3195 animus,
1283 3136 1329 3185 de-

217 3199 284 3248 onim
301 3199 364 3248 nihil
383 3199 450 3248 aliud
468 3211 505 3248 est
522 3216 594 3262 quarn
615 3199 692 3262 εἷρμὸς
711 3216 755 3248 seu
788 3200 845 3248 inde
857 3201 950 3264 colligit
959 3201 1060 3264 spiritus
1071 3216 1112 3263 qur
1125 3200 1173 3248 sibi
1190 3201 1329 3263 obsequan-

217 3264 346 3325 συμπλοκὴ
358 3263 438 3314 αἰτιῶν
450 3263 601 3325 τεταγμένη(
620 3275 645 3312 et
657 3264 699 3326 qui
715 3264 753 3311 in·
789 3273 835 3321 tur,
846 3281 890 3328 per
901 3281 989 3313 nervos
998 3266 1025 3313 iu
1036 3267 1145 3314 membra
1162 3263 1254 3327 dirigit,
1271 3265 1328 3314 lau-

216 3331 349 3378 troducunt
364 3345 492 3379 causarum
510 3329 600 3378 seriem
618 3329 754 3378 ordinatam
787 3329 875 3392 guidus
886 3330 958 3387 fovet,
971 3346 1047 3378 novos
1064 3339 1089 3378 et
1105 3329 1215 3392 vigentes
1232 3330 1328 3378 submi·

216 3408 244 3441 ao
256 3395 438 3458 sempiternam,
450 3393 468 3441 ii
480 3405 588 3443 mentem
602 3393 708 3442 bominis
725 3397 755 3441 u-
786 3394 882 3452 nistrat‚
894 3395 929 3443 ita
940 3403 1051 3443 movetur
1060 3393 1157 3452 animal,
1167 3403 1192 3441 et
1197 3393 1329 3443 continua·

217 3459 305 3506 bertote
316 3459 444 3520 spoliatam
456 3459 500 3506 fati
511 3459 655 3508 necessitate
667 3458 753 3508 devin·
788 3467 828 3507 tur
836 3459 902 3507 illius
912 3469 1000 3508 motus.

215 3520 291 3568 ciunt.
318 3522 405 3570 Cicero
416 3523 446 3570 de
459 3523 526 3571 Fato.
821 3524 875 3572 268.
895 3522 1013 3586 Conuera]
1031 3523 1095 3572 Cum
1111 3522 1166 3571 aliis
1182 3525 1279 3572 counire
1295 3523 1328 3572 li-

249 3586 304 3633 259.
322 3585 483 3648 Decliuomur]
500 3587 658 3645 Inclinamus,
674 3587 752 3635 varia·
786 3588 885 3635 bentius
895 3587 1010 3649 legerem.

215 3663 279 3706 mus,
291 3648 425 3712 dirigimus,
438 3660 464 3696 et
474 3651 577 3699 absurde
590 3653 678 3714 Fayus,
690 3651 752 3699 vita-
820 3650 875 3701 272.
892 3653 943 3699 Neo
954 3655 1027 3698 simile
1039 3653 1076 3708 ’st,
1093 3650 1151 3713 eta]
1168 3651 1329 3713 Explicatum

216 3726 279 3759 mus.
786 3714 859 3762 modo
870 3713 1035 3763 voluntarium
1046 3724 1147 3774 motum,
1160 3732 1182 3764 v.
1201 3717 1238 3763 12.
1255 3714 1327 3765 illus-

250 3776 305 3823 262.
322 3775 453 3838 Rigautur]
463 3778 612 3836 Gassendus,
622 3785 753 3840 vagantur:
787 3787 844 3836 trat,
864 3779 1045 3841 comparatione
1064 3779 1128 3828 facta
1144 3779 1210 3828 inter
1225 3795 1283 3827 eum
1300 3789 1328 3831 et

216 3838 266 3897 alii,
278 3848 405 3901 reguntur:
423 3841 462 3888 De
474 3841 556 3888 anima
566 3841 652 3889 mundi
670 3841 750 3889 Mani·
786 3851 879 3889 motum
891 3841 1040 3899 violentum
1059 3859 1115 3891 nam
1132 3853 1200 3892 motu
1217 3843 1329 3895 violento

215 3903 271 3961 lius,
296 3905 352 3951 Cum
378 3908 475 3965 spiritur
503 3922 561 3953 uuus
588 3908 635 3953 Per
660 3913 754 3952 cunctor
786 3905 834 3953 acti
846 3905 896 3954 virn
907 3915 1034 3955 externam
1045 3908 1172 3965 sentimus,
1190 3923 1246 3957 cum
1263 3917 1329 3958 nutu

216 3970 306 4016 habitet
313 3975 402 4028 parter,
413 3975 481 4029 atque
490 3967 576 4030 irriget
584 3971 659 4016 orbem
673 3971 755 4017 Omnia
786 3978 870 4017 nostro
880 3972 1048 4034 procedamus,
1060 3971 1123 4020 nihil
1137 3972 1193 4020 tale.
1227 3970 1330 4023 Deinde

211 4034 360 4095 pervolitans,
372 4049 496 4094 corpusque
507 4036 604 4081 crumulo
610 4034 704 4094 figuret.
786 4032 811 4082 vi
830 4043 938 4082 externae
958 4047 1080 4100 repugnat
1099 4036 1212 4084 voluntas
1234 4045 1329 4096 nostru,

250 4097 304 4151 264.
318 4096 372 4144 265.
384 4099 501 4158 Equorum
514 4099 565 4144 Vim
581 4094 700 4157 cupidam]
719 4097 754 4144 Ut
786 4097 916 4160 aliquando
927 4100 1000 4148 etiam
1009 4099 1099 4156 vincit3
1118 4101 1183 4148 unde
1191 4108 1260 4163 patet
1271 4116 1329 4152 esse

216 4160 282 4224 apud
294 4159 434 4222 Virgilium,
448 4162 524 4208 Odoru
535 4177 616 4208 eanum
626 4163 668 4207 ota.
786 4161 884 4224 aliquod
915 4162 1046 4228 rincipium
1058 4165 1182 4213 internum
1194 4172 1283 4221 motus,
1296 4165 1328 4215 li·

250 4226 305 4273 265.
322 4223 446 4286 Derubito]
459 4223 563 4281 Ennius,
575 4223 684 4281 Naevius,
698 4225 752 4272 053-
786 4226 871 4274 berum
882 4243 899 4291 p
924 4244 962 4288 ne,
975 4243 1020 4276 nec
1032 4228 1082 4277 ulla
1097 4228 1243 4278 necessitate
1256 4228 1328 4280 rinc·

216 4289 295 4350 uilius,
307 4305 392 4353 omnes
403 4299 498 4351 veteres
513 4298 628 4338 utuntur:
649 4286 752 4338 Ennius
786 4299 845 4339 tum.
