2872 4852
460 223 634 295 LIBER
663 223 889 292 SEXTUS.
1160 227 1225 292 3215

206 382 255 448 Et
269 381 363 467 quasi
377 381 546 451 densando
562 381 707 450 subtexit
721 380 841 448 caerula
855 382 983 447 nimbis.

230 519 233 523 .
250 484 304 550 Fit
318 505 459 570 quoque,
474 494 512 548 ut
525 483 613 549 hunc
627 483 758 548 veniant
771 484 805 548 in
819 494 940 550 coetum
955 482 1157 550 extrinsecus
1171 481 1227 549 illa

206 584 364 673 Corpora,
380 608 455 671 quae
469 584 592 650 faciunt
606 585 748 664 Nubeis,
763 587 955 672 nimbosque
971 585 1139 651 volenteis.

207 686 477 754 Innumerabilem
491 689 576 755 enim
590 710 770 766 numerum,
786 712 1006 775 summamque
1022 688 1183 755 Profundi

140 800 190 848 485
206 789 292 856 Esse
307 790 466 858 infinitam
482 791 596 856 docui:
620 801 806 876 quantaque
822 791 968 857 volarent

206 890 354 976 Corpora
370 891 561 970 mobilitate,
578 892 719 970 ostendi,
735 915 896 978 quamque
911 904 1046 978 repente

206 992 463 1060 Immemorabile
477 1016 537 1080 per
553 995 695 1079 spatium
709 996 848 1060 transire
866 994 1018 1061 solerent.

207 1093 310 1160 Haud
324 1096 424 1179 igitur
439 1096 553 1160 mirum
567 1096 618 1174 ’st,
635 1097 663 1160 si
676 1119 777 1181 parvo
792 1108 937 1182 tempore
953 1120 1040 1182 saepe

208 1195 294 1260 Tam
308 1219 442 1282 magnos
455 1197 601 1262 Monteis
616 1208 805 1283 tempestas,
821 1208 920 1285 atque
934 1201 1079 1264 tenebrae

143 1312 191 1360 490
207 1297 406 1383 Cooperiant
420 1299 540 1376 Maria,
556 1321 593 1365 ac
608 1300 744 1378 Terras,
759 1301 905 1386 impensa
920 1323 1079 1387 superne:

208 1401 365 1484 Undique
380 1402 643 1486 quandoquidem
656 1425 717 1487 per
732 1403 840 1468 ca'ulas
856 1403 986 1469 aetheris
1002 1402 1136 1478 omneis,

208 1502 256 1567 Et
270 1503 364 1585 quasi
378 1525 437 1587 per
452 1504 560 1588 magni
574 1505 695 1568 circum
711 1504 872 1589 spiracula
887 1505 1000 1569 mundi

208 1604 342 1682 Exitus,
357 1605 574 1690 introitusque
589 1605 755 1670 elementis
770 1606 919 1671 redditus
934 1616 1035 1671 extat.

249 1706 349 1772 Nunc
364 1729 437 1792 age,
454 1729 519 1792 quo
534 1718 633 1792 pacto
648 1707 782 1772 Pluvius
798 1719 987 1773 concrescat
1001 1708 1034 1771 in
1050 1705 1122 1770 altis

143 1819 190 1867 495
205 1807 362 1873 Nubibus
377 1808 504 1895 humor,
521 1818 555 1873 et
570 1810 603 1873 in
619 1819 722 1873 terras
737 1808 896 1874 demissus
909 1820 948 1873 ut
962 1808 1072 1873 Imber

206 1909 361 1987 Decidat,
378 1910 560 1994 expediam.
607 1909 752 1974 Primum
762 1911 831 1994 jam
847 1912 968 1975 semina
983 1908 1095 1994 Aquai

207 2010 315 2076 Multa
331 2010 425 2075 simul
439 2013 564 2077 vincam
579 2033 776 2095 consurgere
791 2012 934 2077 nubibus
949 2011 1029 2095 ipsis

207 2113 369 2178 Omnibus
384 2135 427 2177 ex
441 2115 554 2190 rebus,
570 2114 758 2197 pariterque
773 2113 818 2177 ita
831 2135 979 2178 crescere
994 2123 1162 2196 utrasque,

208 2214 255 2278 Et
269 2214 412 2290 Nubeis,
427 2224 460 2278 et
475 2212 618 2298 Aquam,
634 2236 837 2299 quaecunque
852 2215 886 2279 in
901 2215 1058 2279 Nubibus
1073 2222 1182 2290 extat;

143 2328 191 2375 500
207 2315 256 2380 Ut
271 2316 394 2401 pariter
409 2316 502 2379 nobis
519 2337 638 2399 corpus
655 2338 729 2380 cum
744 2317 900 2400 sanguine
915 2315 1044 2392 crescit,

208 2419 318 2482 Sudor
328 2419 406 2482 item
417 2428 514 2502 atque
527 2417 644 2482 humor
656 2418 842 2502 quicunque
854 2428 904 2482 est
914 2417 1054 2501 denique
1064 2415 1227 2482 membris.

208 2520 404 2603 Concipiunt
418 2520 514 2584 etiam
529 2518 664 2583 multum
680 2541 810 2603 quoque
828 2541 916 2605 saepe
930 2519 1088 2596 marinum

207 2622 400 2697 Humorem,
416 2619 515 2685 veluti
529 2621 706 2705 pendentia
720 2620 840 2686 'vellera
854 2621 936 2686 lanae

209 2725 291 2790 Cum
307 2744 427 2808 supera
440 2745 591 2807 magnum
607 2723 694 2788 venti
708 2745 796 2788 mare
811 2722 922 2788 nubila
935 2732 1079 2808 portant.

153 2996 208 3044 481.
221 2998 344 3045 Denrando
355 3000 456 3045 subterit
464 3000 550 3046 carrula
561 2997 657 3060 nimbis]
690 2997 791 3062 proprio
805 3013 850 3046 suo
865 2998 974 3062 pondere
985 2996 1184 3061 comprimantur,
1197 3009 1229 3042 ex

122 3060 254 3109 Densando
265 3061 367 3110 nebulas
377 3061 546 3124 superinducit
556 3062 605 3111 illis
616 3079 657 3111 co·
690 3062 722 3110 iis
739 3072 815 3126 guttae
832 3063 947 3111 exsiliant
962 3077 1062 3110 necesse
1082 3068 1126 3118 est,
1144 3076 1167 3108 v.
1189 3060 1227 3107 18.

120 3123 197 3172 lorem
225 3126 369 3174 caeruleum:
403 3129 489 3189 Fayus.
536 3127 658 3191 Bipedum
692 3126 790 3175 Deinde
806 3137 889 3190 partes
905 3127 1007 3176 nubium
1018 3125 1136 3173 diducant
1152 3122 1228 3182 venti,

120 3188 308 3252 stupidissimus.
692 3191 807 3239 excident
822 3191 910 3239 inclusi
926 3191 1032 3248 imbres;
1050 3189 1168 3238 dissolvat
1183 3202 1227 3235 au·

153 3255 208 3301 482.
221 3257 262 3302 Fit
271 3271 365 3316 qaoque,
377 3262 403 3302 ar
414 3257 481 3312 hanc,
492 3253 549 3317 eta]
563 3254 603 3302 Ex
619 3254 657 3302 in·
692 3264 742 3303 tem
753 3255 819 3302 calor
829 3255 894 3313 solis,
903 3264 929 3304 et
940 3265 991 3303 turn
1003 3263 1118 3317 tanquam
1129 3266 1186 3300 cera
1197 3251 1228 3299 ab

121 3316 192 3365 linito
211 3318 298 3381 spatio,
318 3318 421 3381 aliisque
440 3319 539 3367 mundis
556 3317 660 3367 nubium
691 3318 749 3382 igue
770 3319 901 3381 liquefacta
922 3319 1030 3367 defluent
1052 3318 1136 3376 nubes,
1155 3332 1182 3364 -v-
1203 3317 1228 3364 4.

121 3382 222 3440 semina,
234 3398 257 3430 v.
272 3384 309 3431 12.
321 3382 430 3431 accersit.
451 3383 511 3440 Alii,
523 3382 656 3431 intoccoe·
690 3384 830 3432 Vehemens
846 3383 925 3433 imber
940 3383 1111 3432 vehementem
1126 3379 1228 3429 nubium

121 3447 174 3494 lum·
690 3447 895 3511 compressionem
904 3447 1020 3510 sequitur,
1030 3463 1053 3496 v.
1064 3449 1085 3495 2.
1104 3446 1229 3495 Diuturnu

153 3512 209 3558 494.
230 3513 299 3558 Nunc
318 3527 369 3574 age,
387 3527 430 3572 quo
444 3518 520 3572 pacto,
540 3509 597 3573 eta]
618 3511 658 3559 De
691 3511 795 3573 denique
805 3512 895 3576 pluvia,
908 3528 964 3561 cum
975 3528 989 3560 a
1000 3512 1111 3576 pluribus
1122 3510 1228 3559 nubibus

120 3574 205 3638 pluvia
216 3574 326 3637 sequitur
337 3574 418 3623 brevis
430 3574 570 3638 diputatio,
583 3590 605 3623 v.
619 3577 657 3624 29.
691 3576 840 3624 coacervatis
851 3577 1007 3625 continuatur
1023 3576 1108 3634 imber,
1121 3584 1147 3623 et
1162 3584 1228 3623 terra

123 3639 205 3687 Multa
223 3639 268 3687 viz.
289 3654 357 3700 aquae
373 3639 516 3702 corpuscula
535 3655 584 3687 una
602 3655 659 3688 cunr
690 3640 806 3752 pluviam,
816 3657 888 3703 quam
899 3641 998 3706 recepit,
1010 3641 1037 3689 in
1046 3655 1148 3705 vapores
1159 3654 1226 3688 reso-

121 3703 256 3752 seminibus
267 3704 368 3752 nubium
377 3703 519 3762 evehuntur,
530 3713 555 3752 et
563 3712 592 3752 ut
602 3719 658 3752 sau-
701 3714 767 3753 utam
779 3705 890 3764 remittit,
903 3722 925 3754 v.
939 3708 961 3754 ὃ.

121 3768 177 3832 guis
184 3768 273 3830 aliique
280 3769 394 3816 humores
402 3783 458 3816 cum
465 3778 549 3816 nostro
557 3783 658 3832 corpore
724 3770 778 3818 500.
800 3773 832 3818 Ut
843 3775 936 3832 pariter
946 3773 1010 3818 nobis
1020 3769 1114 3833 corpus]
1127 3768 1226 3817 Lambi-

122 3833 191 3896 (nam
216 3833 295 3881 nubes
317 3831 413 3896 concipi
439 3842 522 3896 potest
544 3841 659 3895 tanquam
691 3849 745 3892 nus,
762 3837 794 3883 Ut
801 3839 894 3896 pariter
904 3839 968 3884 nobis
978 3837 1080 3899 sanguis,
1092 3844 1118 3882 et
1129 3847 1227 3882 versum

121 3914 217 3962 corpus,
234 3897 260 3946 in
273 3913 321 3960 quo
332 3897 423 3965 pluvia,
435 3913 488 3959 quae
499 3905 659 3961 componatur
691 3907 832 3961 sequentem
844 3900 922 3957 delet;
940 3910 1006 3949 recte
1022 3900 1117 3948 forsan:
1137 3907 1162 3946 at
1176 3913 1227 3945 cor·

121 3979 178 4012 curn
184 3963 310 4026 sanguiue,
319 3961 479 4023 continetur),
488 3977 544 4010 cunr
553 3962 658 4011 nubibus
689 3980 733 4025 pas
744 3981 794 4012 cum
804 3969 923 4029 sanguine,
935 3975 961 4014 et
971 3968 1050 4014 humor
1060 3981 1110 4012 cum
1121 3964 1228 4010 membris

120 4027 213 4090 pariter
229 4038 365 4091 augentur:
384 4027 424 4075 his
440 4027 502 4074 adde
519 4026 578 4076 istas
590 4042 658 4090 aquae
690 4030 839 4092 respondent
852 4030 933 4079 versui
949 4032 1004 4078 498.
1038 4032 1176 4089 Paritcrqae
1192 4029 1228 4073 r'ta

65 4128 69 4133 .
121 4091 259 4153 particulas,
278 4108 337 4155 quas
360 4093 437 4140 nubes
458 4101 573 4154 tanquam
594 4091 657 4140 lauae
689 4109 789 4143 cresccre
800 4102 908 4157 utrasque
921 4094 974 4158 (alii
985 4092 1127 4156 utrumque)
1140 4100 1166 4138 et
1178 4104 1224 4137 nu·

122 4155 218 4214 vellera,
230 4156 317 4219 quibus
333 4156 425 4204 similes
436 4156 558 4215 videntur,
570 4172 584 4204 e
595 4156 657 4205 inari
688 4158 732 4206 bes
742 4167 766 4206 ct
778 4175 872 4221 nquam.

109 4227 147 4266 ‘ct
157 4218 298 4271 fluminibus
308 4221 432 4270 hauriunt
452 4221 492 4270 lta
505 4237 567 4284 aqua
578 4221 657 4285 plenae
722 4224 776 4272 502.
793 4222 940 4287 Concipiunt]
955 4221 1014 4280 Alii,
1028 4224 1166 4281 Cmuuguub
1184 4223 1227 4264 ²¹st

122 4283 206 4342 nubes,
229 4283 250 4332 si
273 4285 312 4334 vel
334 4295 462 4334 ventorum
489 4286 591 4350 impetu,
615 4296 658 4336 aut
690 4290 825 4337 Cmciliant.
