2872 4852
237 233 281 300 82
540 285 544 297 ,
618 231 660 296 Τ.
695 227 963 297 LUCRETII

260 401 308 450 sao
327 385 485 454 Dissimili
499 389 583 453 inter
599 410 634 452 se
649 387 800 472 quaedam
815 385 948 452 volitare
963 383 1081 470 figura.

368 489 528 556 Perfacile
542 489 582 554 'st
591 491 660 575 jam
674 490 770 554 animi
783 489 908 553 ratione
923 487 1092 554 exsolvere
1107 487 1216 567 nobis,

326 594 440 666 Quare
454 591 640 656 Fultnineus
655 591 757 657 multo
771 590 970 677 penetralior
983 590 1079 674 ignia,

327 698 436 770 Quam
451 707 562 760 noster
576 695 658 760 fluat
672 719 691 760 e
707 694 811 759 Tedis
827 695 1037 761 terrestribus
1053 704 1157 758 ortus.
1254 724 1256 731 <

327 799 448 864 Dicere
462 800 547 863 enim
561 798 667 882 possis
683 796 849 862 coelestem
863 797 1034 861 Furnium
1049 797 1157 882 ignem

263 913 311 959 385
330 899 489 964 Subtilem
503 900 605 983 magis
621 921 640 963 e
655 899 763 983 parvis
780 909 930 963 constare
945 898 1078 982 figuris3

328 1005 440 1087 Atque
455 1002 528 1067 ideo
544 1002 682 1066 transire
698 1001 866 1078 foramina,
883 1023 957 1085 quoe
972 1000 1086 1084 nequit
1099 1001 1184 1086 ignis

327 1105 453 1172 Noster
466 1105 520 1169 hic
536 1126 554 1168 e
571 1103 685 1187 Lignis
702 1114 806 1181 ortus,
818 1103 984 1187 ,Tedaque
1000 1112 1139 1168 creatus.

371 1208 538 1272 Praeterea
553 1206 680 1270 Lumen
694 1226 754 1290 per
768 1227 870 1270 comu
885 1207 1021 1282 transit;
1044 1215 1078 1269 at
1092 1205 1202 1270 Imber

328 1311 529 1394 Respuitur:
555 1308 690 1382 Quare?
714 1308 776 1371 nisi
792 1307 938 1371 Luminis
954 1305 1009 1370 illa
1023 1309 1148 1371 minora

263 1426 311 1473 aso
329 1414 478 1499 Corpora
488 1422 574 1490 sunt,
581 1434 678 1496 quam
688 1411 731 1476 tle
742 1411 861 1495 quibus
871 1421 922 1475 est
930 1408 1354 1496 liquorAlmusAquarum.

372 1518 418 1581 Et
433 1517 578 1601 quamvis
595 1515 703 1580 subito
718 1537 778 1599 per
792 1513 898 1579 colum
911 1512 1000 1578 Vina
1015 1513 1160 1577 videmur

328 1618 509 1695 Perfluere,
526 1628 559 1682 at
573 1628 688 1682 contra
702 1617 832 1681 tardum
847 1625 1019 1681 cunctatur
1034 1614 1178 1693 Olivum,

328 1721 400 1786 Aut
414 1721 490 1805 quia
504 1721 654 1783 nimirum
668 1719 846 1803 majoribus
863 1729 913 1782 est
929 1717 1122 1796 Elementis,

329 1823 400 1888 Aut
414 1821 516 1907 magis
532 1821 670 1885 hamatis
684 1821 769 1885 inter
784 1843 831 1898 se,
847 1842 971 1904 perque
986 1819 1123 1904 plicatis.

265 1939 312 1986 195
331 1925 444 2010 Atque
459 1924 534 1988 ideo
548 1924 587 1987 fit
601 1924 651 1988 uti
664 1944 730 1989 non
743 1933 808 1986 tam
823 1923 966 1987 deducta
979 1933 1117 2007 repente

330 2028 421 2092 lnter
436 2049 472 2091 se
485 2027 612 2110 possint
627 2024 811 2089 Primordia
826 2024 954 2109 singula
969 2047 1108 2109 quaeque

331 2128 466 2215 Singula
480 2151 540 2213 per
554 2128 713 2213 cujusque
727 2126 884 2192 foramina
898 2149 1100 2212 permanare.

277 2358 333 2406 381.
357 2355 472 2420 Perfacile
488 2359 519 2405 ’at
528 2357 582 2420 jam
599 2359 670 2405 anima·
685 2359 781 2414 ratione,
814 2353 883 2403 curei
903 2369 975 2418 quam
997 2354 1125 2418 simplicia,
1146 2353 1224 2404 solida
1245 2350 1364 2421 o‘orpora,

244 2421 301 2485 etc]
331 2423 404 2470 Hanc
432 2437 477 2486 pro
504 2421 622 2471 varietate
649 2421 783 2484 figurarum
814 2419 918 2483 ideoque
929 2419 1062 2468 individua.

243 2487 426 2537 contentionem
446 2502 496 2536 non
512 2486 611 2534 inanem
630 2495 654 2535 et
669 2485 782 2534 inutilem
848 2486 903 2533 891.
923 2487 1031 2537 Quamvis
1041 2483 1128 2548 subito]
1143 2487 1295 2537 Qaerrtumor'a
1302 2489 1362 2534 aab·

245 2568 306 2611 esse,
317 2552 360 2600 sed
371 2551 445 2600 variis
455 2560 549 2599 naturae
559 2550 727 2614 phaenomenis
739 2566 781 2598 ex·
815 2553 855 2607 ite,
875 2549 973 2597 mallem
992 2565 1048 2598 cum
1066 2550 1192 2608 Lambino,
1213 2565 1286 2613 quam
1304 2553 1364 2600 licet

244 2616 365 2680 plicandis
388 2615 550 2664 necessariam
570 2615 734 2672 demonstrat;
759 2623 784 2663 et
815 2615 1111 2678 tabitacumbonoFayo.
1136 2614 1194 2663 Alia
1203 2614 1299 2664 semina
1307 2630 1364 2666 nou

244 2696 277 2729 ex
291 2681 323 2729 iis
339 2679 399 2744 ipsis
415 2689 509 2728 naturae
524 2679 693 2743 phaenomenis
704 2679 797 2728 varie-‘
816 2687 912 2726 tautum
923 2677 977 2726 aliis
989 2682 1087 2742 majora,
1100 2679 1203 2728 sedulia
1216 2679 1316 2729 hamata
1335 2690 1364 2731 et

245 2754 321 2794 tatem
331 2745 463 2807 figurarum
473 2743 570 2806 egregie
582 2753 607 2792 et
617 2744 715 2807 copiose
725 2759 783 2807 pro-
816 2757 912 2792 ramosa
928 2759 981 2791 esse
999 2744 1057 2792 dum
1074 2743 1121 2792 alia
1137 2745 1243 2793 rotunda
1258 2744 1317 2804 siut,
1336 2761 1362 2796 r.

245 2812 294 2858 bat
324 2809 414 2864 Primo,
432 2825 454 2857 v.
468 2810 490 2856 9.
507 2809 580 2857 docet
595 2825 639 2857 cur
654 2809 719 2872 ignis
736 2808 783 2856 ful-
818 2805 840 2858 7.
853 2808 1011 2856 demonstrat.
1043 2809 1136 2857 Vinum
1152 2809 1218 2858 enim
1234 2808 1292 2858 ideo
1307 2809 1365 2860 cito

162 2934 163 2938 Ἰ
245 2873 319 2922 minis
339 2873 434 2920 facilius
454 2881 479 2921 et
501 2872 587 2921 fortius
609 2889 649 2921 res
671 2881 785 2936 penetrat
834 2887 861 2921 er
877 2872 957 2921 colum
974 2873 1068 2932 transit,
1085 2874 1144 2922 dum
1162 2873 1243 2923 oleum
1261 2874 1363 2927 tardius

246 2955 319 3002 quam
335 2937 400 3001 ignia
418 2953 432 2985 e
451 2937 507 2985 teda
525 2937 564 2986 vel
581 2953 594 2985 e
615 2937 689 3000 lignis
708 2947 783 2995 ortus,
816 2887 878 2995 luit,
890 2937 1005 2999 quoniam
1017 2938 1064 2988 olei
1076 2938 1170 2988 semina
1180 2939 1279 2988 hamata
1290 2949 1362 3002 sunt,

245 3019 334 3066 nempe
349 3001 414 3065 ignis
430 3000 539 3050 fulminis
556 3017 570 3049 e
586 3001 668 3065 parvis
685 3011 710 3050 et
726 3004 783 3051 sub·
817 3011 842 3050 et
853 3001 911 3050 inde
922 3003 1063 3067 perplexior
1073 3003 1251 3068 principiorum
1267 3020 1362 3066 nexus,

245 3067 330 3117 tilibus
339 3065 473 3115 seminibus
484 3075 586 3124 constat,
596 3067 655 3115 dum
666 3067 785 3116 crassiora
816 3065 852 3114 ita
860 3076 889 3114 ut
898 3083 947 3114 non
956 3067 1026 3116 facile
1038 3069 1099 3118 adeo
1110 3069 1262 3128 exolvantur,
1272 3079 1298 3119 et
1308 3070 1364 3121 coli

245 3142 304 3183 suut
323 3141 348 3181 et
367 3130 493 3180 hebetiora
510 3131 604 3180 semina
621 3131 693 3181 istius
711 3131 783 3195 iguis,
817 3131 936 3180 foramina
947 3142 1085 3196 penetrent

245 3198 287 3262 qui
306 3214 320 3247 e
338 3197 394 3246 teda
413 3205 455 3244 aut
473 3195 548 3260 lignis
568 3196 658 3253 oritur;
682 3197 717 3245 ita
737 3197 784 3245 alia
850 3198 905 3245 395.
923 3197 1043 3260 Deducta]
1055 3197 1157 3256 Tenuia,
1169 3197 1282 3256 subtiliat
1303 3215 1363 3251 me·

244 3263 339 3314 semina
350 3262 405 3311 aliis
415 3261 517 3310 minora.
817 3261 919 3325 tapbora
941 3278 956 3310 a
977 3262 1041 3322 lana,
1064 3272 1092 3311 ut
1114 3263 1214 3328 opinor;
1243 3265 1364 3345 exempla

278 3331 333 3378 382.
357 3325 783 3390 Ρ1111111101](111111111100(111.ρε-
849 3326 915 3375 ssim.
950 3327 1009 3386 Alii,
1029 3331 1133 3385 diducto,
1151 3328 1216 3391 quod
1233 3328 1260 3376 in
1280 3329 1362 3381 1188.

245 3397 374 3449 netralius5
390 3403 419 3441 ut
431 3401 455 3441 et
467 3409 489 3442 v.
502 3394 557 3441 384.
570 3396 669 3442 eoelestis
679 3408 726 3457 pro
737 3409 782 3441 coe·
826 3391 913 3456 egitur,
923 3393 987 3456 quod
1005 3403 1069 3442 esset
1084 3396 1167 3452 divisa,
1181 3396 1303 3453 dictracta,
1321 3413 1363 3447 aa·

245 3461 330 3508 lactem.
812 3465 908 3519 parata,
920 3466 962 3507 etc.
975 3459 1018 3507 sed
1029 3458 1143 3523 pessime,
1155 3467 1183 3506 ut
1194 3458 1289 3522 opinor,
1299 3475 1364 3513 nam

278 3524 334 3571 385.
352 3525 462 3571 Suttilem
473 3525 547 3586 magis
557 3521 671 3587 epcror'r]
684 3526 718 3572 Et
725 3540 783 3586 por·
816 3522 843 3571 in
853 3524 974 3572 concretis
983 3523 1058 3572 atomi
1066 3539 1117 3572 nou
1128 3532 1224 3572 mutant
1234 3533 1362 3576 naturam.

245 3591 288 3646 uis,
300 3587 393 3635 mavult
404 3587 491 3645 Faber,
503 3595 528 3635 et
539 3587 610 3650 sapit.
817 3587 946 3636 Ridiculus
962 3588 1044 3651 itaque
1065 3588 1178 3637 Gifanius
1195 3588 1237 3652 qui
1256 3589 1363 3650 scribitr

279 3654 334 3700 388.
351 3653 469 3699 Praeterea
481 3653 569 3699 Lumen
581 3669 625 3713 per
635 3669 713 3711 cmo,
724 3655 782 3717 etc]
815 3656 886 3700 110111
896 3655 994 3701 hamata
1005 3661 1058 3701 auat
1069 3657 1145 3712 initio,
1156 3670 1197 3702 rtec
1213 3658 1293 3703 1111111
1309 3673 1362 3706 0111-

245 3715 623 3773 Ρ11111111,1111111111111111.
641 3717 782 3765 Ver.3.do·
815 3732 855 3764 aer
874 3719 993 3765 diducta:
1021 3717 1107 3765 Faber.
1145 3719 1203 3782 lpse
1223 3718 1363 3772 ridendum

243 3789 284 3831 cet
292 3779 394 3828 eandem
402 3779 569 3828 diversitatem
581 3780 714 3842 figurarum
725 3796 782 3828 cau·
816 3780 914 3827 hamata
929 3781 1023 3829 semina
1039 3781 1156 3846 perplexe
1172 3783 1286 3833 connecti
1302 3786 1365 3849 quia

245 3862 297 3896 sam
310 3859 363 3892 esse
375 3859 418 3891 cur
429 3843 472 3892 lux
483 3859 528 3907 per
540 3859 617 3893 cornu
626 3845 714 3894 transit
725 3845 784 3893 dum
816 3843 912 3892 nescit?
941 3848 1033 3894 Semim
1057 3850 1082 3894 ia
1110 3852 1220 3896 emeretis
1248 3857 1364 3901 10111101

244 3926 308 3975 aqua
318 3909 344 3957 in
356 3908 486 3971 superficie
497 3907 598 3956 sistitur.
816 3914 913 3966 matare,
931 3925 976 3959 nec
995 3911 1048 3975 ipse
1063 3912 1167 3961 credidit
1178 3912 1300 3974 Gifanius,
1313 3916 1363 3969 ha·

278 3975 334 4024 889.
351 3971 458 4035 Minore]
472 3973 542 4021 Bono
553 3972 635 4020 auimo
647 3972 679 4021 sit
695 3973 783 4037 Fayus,
816 3982 894 4021 matas
912 3990 971 4024 sero
989 3987 1083 4025 atomos
1102 3977 1183 4026 subito
1202 3977 1286 4027 diduci
1306 3996 1364 4035 non

245 4056 296 4090 non
310 4052 393 4088 secum
409 4047 503 4100 pugnat
519 4036 662 4093 Lucretiust
680 4036 728 4085 alia
744 4053 782 4086 se·
816 4053 888 4102 posse
900 4039 1057 4100 existimavit,
1068 4050 1094 4089 et
1104 4051 1183 4090 recte:
1200 4045 1299 4092 diducto
1310 4046 1364 4111 181.

245 4106 314 4155 mina
322 4101 376 4152 aliis
386 4101 481 4150 minora
489 4117 542 4150 essa
551 4101 657 4150 libenter
666 4101 783 4165 agnoscit,
816 4112 857 4152 tur
872 4101 978 4153 libenter
995 4106 1110 4169 legerem,
1128 4122 1184 4155 cum
1201 4106 1296 4156 semina
1314 4111 1364 4164 tn-

245 4187 291 4220 nec
303 4179 385 4218 tamen
401 4165 449 4215 sibi
465 4165 512 4229 ipsi
528 4175 657 4230 repugnat,
668 4166 727 4215 licet
743 4183 782 4216 se·
816 4177 889 4226 mata,
901 4177 927 4217 et
942 4168 1007 4218 inter
1023 4186 1050 4219 se
1067 4170 1207 4234 perplicata,
1220 4171 1268 4220 nisi
1283 4173 1365 4228 didu-

245 4234 314 4285 mina
332 4235 426 4282 minima
446 4246 499 4280 esse
518 4230 577 4279 olim
600 4230 697 4280 dixerit.
736 4233 784 4281 Per
816 4241 910 4290 11111111,
933 4248 977 4296 per
999 4234 1047 4283 coli
1069 4234 1364 4299 foraminapenuamn

244 4299 347 4349 minima
367 4295 432 4348 enim
452 4294 514 4344 nihil
533 4295 600 4346 aliud
616 4295 702 4345 solunt
722 4296 783 4360 Epi·
816 4313 866 4347 non
878 4311 987 4361 possum.
