2872 4852
201 237 244 298 24
586 232 629 296 T.
660 228 929 296 LUCRETII
968 293 969 296 ,

288 393 429 466 Sensus3
453 411 519 472 quo
535 388 597 452 nisi
611 389 714 472 prima
728 387 812 451 fides
828 386 964 449 lundata
979 383 1110 460 valebit,

223 507 270 552 425
290 492 393 555 Haud
409 491 471 554 erit
487 490 623 555 occultis
639 491 680 554 de
694 491 793 554 rebus
809 511 875 571 quo
890 487 1069 552 referentes

287 593 488 658 Confirmare
504 593 600 656 animi
614 593 787 677 quicquam
802 590 927 654 ratione
941 611 1109 674 queamus,

287 696 374 760 Tum
387 717 486 781 porro
503 694 625 770 Locus,
642 716 680 758 ao
697 693 857 777 Spatium,
874 692 963 775 quod
980 689 1094 754 Ianua
1109 711 1272 765 vocamus,

288 800 324 862 Si
338 798 461 861 nullum
477 797 573 872 soret,
587 795 676 859 haud
693 817 831 878 usquam
846 796 907 858 sita
923 793 1072 876 Corpora
1086 803 1223 875 possent

289 901 387 976 Esse,
403 922 509 983 neque
525 899 653 961 omnino
665 919 829 981 quaquam
843 896 972 959 diversa
987 916 1095 958 meare
1107 920 1115 970 ;

224 1019 272 1063 430
291 1003 330 1066 Id
346 1001 435 1086 quod
445 1001 514 1084 jam
530 1021 648 1083 supera
663 1000 723 1063 tibi
737 997 847 1083 paullo
863 997 1064 1073 ostendimus
1079 1006 1165 1059 ante.

242 1105 245 1115 '
332 1104 499 1166 Praeterea
514 1101 594 1165 nihil
609 1112 670 1179 est,
687 1103 776 1187 quod
792 1100 900 1185 possis
916 1101 1024 1164 dicere
1040 1100 1083 1162 ab
1099 1100 1184 1161 omni

289 1206 455 1269 Coaroau
469 1205 663 1288 sejunctum,
679 1214 905 1287 secretumque
921 1224 994 1266 esse
1009 1202 1052 1264 ab
1067 1199 1191 1263 Iuaru:

290 1307 391 1380 Quod
406 1307 501 1391 quasi
515 1307 613 1370 tertia
628 1307 669 1370 sit
683 1328 793 1370 rerum
808 1316 925 1369 natura
939 1314 1081 1388 reperta.

289 1409 378 1473 Nam
393 1410 611 1493 quodcunque
627 1409 700 1485 erit,
716 1431 789 1473 esse
805 1408 927 1492 aliquid
942 1406 1077 1471 debebit
1091 1404 1126 1468 id
1141 1403 1249 1487 ipsum

225 1522 273 1568 435
289 1510 453 1595 Augmine
469 1510 521 1574 vel
535 1511 662 1594 grandi,
679 1509 731 1574 vel
743 1533 844 1594 parvo
860 1510 1013 1593 denique,
1028 1507 1108 1571 dum
1124 1507 1186 1582 ait3

290 1612 352 1676 Cui
368 1614 395 1675 si
410 1612 536 1676 Tactus
552 1613 614 1676 erit
627 1612 771 1695 quamvis
785 1612 876 1688 levia,
892 1612 1109 1694 exiguusque,

289 1713 472 1797 Corporum
487 1713 621 1796 augebit
636 1735 816 1789 numerum,
834 1734 1053 1796 summamque
1070 1720 1246 1793 sequetur,

290 1814 349 1878 Sin
365 1813 507 1879 intactile
522 1816 594 1892 erit,
610 1813 754 1878 nullade
770 1824 864 1898 parte
880 1815 969 1897 quod
985 1813 1082 1878 ullam

291 1916 376 1981 Rem
391 1916 566 1999 prohibere
581 1925 680 1999 queat
695 1938 755 1999 per
770 1937 806 1980 se
822 1916 960 1980 transire
976 1925 1153 1992 meantem3

226 2029 274 2075 440
293 2017 423 2083 Scilicet
435 2017 498 2082 hoc
512 2018 546 2082 id
561 2018 624 2083 erit
637 2017 799 2094 Vacuum,
816 2018 905 2102 quod
921 2018 1021 2082 Inane
1038 2039 1200 2081 vocamus.

334 2120 511 2198 Praeterea,
525 2143 585 2204 per
602 2143 636 2185 se
650 2121 870 2205 quodcunque
886 2120 959 2196 erit,
975 2131 1033 2185 aut
1047 2120 1146 2185 faciet
1162 2120 1253 2203 quid,

238 2361 295 2408 426.
314 2360 406 2424 Animi]
419 2364 520 2420 Animos,
533 2361 641 2410 Nardius
653 2369 677 2409 et
692 2360 748 2409 alii:
782 2375 844 2418 mus,
858 2364 914 2414 Qua
930 2365 997 2424 quari
1014 2364 1102 2410 tertia?
1119 2360 1178 2408 dum
1194 2358 1254 2407 (lod.
1268 2357 1323 2404 MS.

206 2440 255 2488 quo
267 2442 340 2475 seusu
352 2427 399 2491 ipsi
411 2426 525 2475 viderint
782 2425 811 2474 B.
821 2425 911 2489 aliique
920 2436 1062 2490 agnoscunt,
1074 2429 1140 2479 Quo?
1158 2424 1270 2472 Profecto
1277 2421 1325 2469 ista

239 2493 295 2538 430.
313 2490 414 2553 Supera]
427 2494 510 2552 Supra.
782 2491 865 2539 omnia
872 2491 1042 2555 incorruptum
1048 2500 1166 2552 vetusque
1175 2488 1273 2536 Latium
1284 2502 1322 2535 sa·

239 2557 295 2603 431.
311 2558 430 2603 Praeterea
438 2559 497 2603 uiuit
504 2563 545 2612 est,
554 2554 611 2617 eta]
622 2554 671 2603 His
678 2571 700 2603 v.
711 2557 748 2602 lo.
782 2554 867 2618 piunt;
890 2571 936 2604 nee
959 2559 1027 2604 Illius
1050 2555 1167 2603 autoritas
1188 2561 1258 2601 tanta
1279 2559 1323 2607 est,

207 2619 278 2666 docet
290 2619 361 2666 Nihil
372 2634 425 2666 esse
437 2635 482 2681 per
493 2635 519 2667 se
535 2620 644 2668 existens
659 2627 750 2683 prater
781 2628 810 2666 ut
821 2619 931 2667 omnium
943 2620 1061 2668 Codicum
1073 2618 1130 2667 fidei
1141 2617 1290 2682 praeferatur.

207 2684 408 2744 IuaaeetOorpus.
424 2683 616 2745 Quicquidenim
622 2691 666 2740 est,
672 2698 749 2746 quan·
814 2685 870 2730 434.
888 2687 946 2731 Esse
954 2683 1056 2745 aliquid]
1069 2687 1126 2731 Erre
1138 2685 1210 2739 aliud,
1223 2680 1278 2728 alii:
1296 2680 1324 2728 in

198 2746 277 2794 'titate
288 2746 376 2809 aliqua,
388 2762 478 2809 magna
488 2756 625 2811 autperto,
637 2748 748 2795 donatur.
782 2749 851 2808 cnjus
867 2748 960 2795 insanae
978 2747 1102 2796 Lectionis
1121 2745 1324 2810 interpretatione

208 2811 239 2857 Id
251 2826 309 2859 vero
325 2811 346 2859 si
364 2811 445 2859 tactile
461 2810 501 2869 sit,
514 2820 655 2873 motumque
670 2812 749 2874 impe·
782 2811 873 2859 nollem
885 2812 1032 2860 Lambinum
1045 2821 1081 2860 tot
1088 2813 1163 2860 verba
1174 2810 1318 2874 perdidisse.

207 2874 265 2933 diat,
279 2878 366 2937 Corpus
376 2875 528 2924 censebitur:
547 2876 670 2939 Epicurus
684 2875 751 2939 apud
815 2875 871 2926 437.
890 2875 1025 2939 Corporum]
1040 2875 1153 2940 Imperiti
1164 2874 1278 2932 Librarii‚
1288 2875 1323 2922 of·

208 2939 370 3003 Empiricum,
394 2939 446 2989 trur'
469 2939 595 3003 ἀθροισμὸν
616 2938 750 3002 σχήματος,
782 2940 845 2988 sensi
860 2940 925 3002 quod
941 2941 1012 2989 litera
1028 2943 1060 3001 M
1072 2956 1123 2988 non
1138 2940 1245 2997 eliditur,
1257 2939 1326 2988 varia

208 3003 247 3052 καὶ
258 3001 381 3064 μεγέθους,
393 3003 432 3052 καὶ
447 3003 591 3063 ἀντιτυπίας,
603 3004 643 3053 καὶ
656 3003 750 3067 βάρους,
783 3005 915 3053 commenti
923 3014 995 3053 sunt:
1012 3005 1055 3054 alii
1066 3006 1177 3054 scribunt
1189 3008 1325 3066 Corporeum

207 3069 236 3116 rb
248 3071 317 3129 σῶμα
332 3070 426 3117 νοεῖται.
456 3068 483 3116 Si
493 3083 552 3118 vero
568 3068 685 3126 intactile,
697 3084 749 3116 mo·
783 3072 890 3132 augebit:
907 3069 956 3128 alii,
968 3073 1075 3133 Corporis
1084 3073 1191 3134 augebit:
1208 3068 1325 3125 4111,οω-

209 3141 370 3194 tumquenon
386 3133 512 3196 impediat,
526 3133 654 3183 vocabitur
670 3136 749 3182 Inane.
779 3151 861 3196 porum
883 3137 1022 3197 adaugebit:
1047 3135 1138 3183 frustra
1159 3136 1211 3183 haec
1234 3133 1323 3182 omnia.

209 3196 280 3244 Nihil
287 3197 363 3260 igitur
373 3206 410 3246 eat
420 3207 510 3261 praeter
519 3199 614 3262 Corpus
626 3207 651 3246 et
664 3198 749 3246 Inane.
784 3198 868 3247 Litera
879 3199 945 3247 enim
957 3201 988 3247 M
996 3200 1061 3263 apud
1073 3199 1183 3247 Ennium
1195 3208 1220 3248 et
1232 3200 1323 3247 Lucre·

242 3262 306 3310 Ibid.
329 3261 407 3310 Porsir
420 3262 508 3325 bene]
533 3263 592 3321 Alii,
610 3265 658 3310 dici
678 3266 751 3324 posuit
783 3263 845 3311 tium
865 3263 999 3326 saepissime
1019 3280 1069 3312 non
1092 3264 1198 3322 eliditur,
1219 3264 1258 3312 uti
1279 3279 1324 3311 nec

208 3329 254 3373 ab:
271 3325 321 3383 alii,
329 3330 404 3389 possit
415 3331 503 3376 dicier:
521 3327 595 3391 eligat
607 3328 703 3376 Lector.
781 3328 847 3391 apud
865 3328 1004 3386 Horatium,
1023 3330 1072 3377 Sat
1092 3331 1113 3378 2.
1130 3328 1172 3378 liu
1191 3329 1228 3377 Il.
1261 3331 1326 3376 Num

241 3392 297 3438 433.
317 3394 384 3443 Quod
397 3395 465 3453 quaet
478 3397 549 3441 tertia
565 3397 599 3441 rit
612 3409 689 3441 rerum
705 3409 747 3441 aa·
781 3397 878 3441 uereerr‘s
888 3397 942 3452 ista,
957 3397 1030 3447 Quam
1041 3397 1131 3452 hader,
1140 3397 1239 3456 pluma?
1258 3395 1325 3441 Goeto

210 3462 264 3503 tura
275 3454 379 3518 repertu]
393 3456 441 3504 Pro
452 3474 536 3516 rerum,
548 3458 591 3506 alii
601 3458 688 3522 legunt
705 3474 749 3506 nu·
782 3473 842 3506 num
854 3461 920 3507 adest
930 3462 1000 3508 bauer
1011 3463 1091 3508 idom?

207 3535 274 3567 mue.
304 3520 357 3567 Neo
373 3520 404 3568 lis
419 3521 485 3570 inter
499 3523 585 3570 harum
596 3539 685 3572 vocum
701 3523 749 3570 Pa·
815 3525 870 3571 441.
887 3527 1014 3582 Pratum,
1028 3523 1085 3587 eta]
1106 3525 1233 3573 lterumv.
1246 3525 1267 3572 9.
1280 3523 1323 3571 do-

208 3592 293 3632 tronos
308 3584 379 3631 facile
396 3597 564 3649 componatur,
581 3603 637 3635 cum
654 3587 696 3650 qui
712 3604 747 3636 re·
783 3597 822 3636 cet
842 3587 905 3636 nihil
925 3603 979 3637 esse
999 3605 1044 3652 per
1062 3605 1088 3637 se
1108 3589 1217 3637 existens
1235 3596 1325 3663 praeter

207 3664 265 3705 rum,
278 3664 347 3710 arque
363 3664 391 3696 ac
407 3649 449 3711 qui
466 3666 558 3698 numero
574 3660 641 3699 amat
656 3668 679 3700 v.
693 3651 749 3702 447.
785 3654 872 3714 Corpus
883 3661 909 3700 et
921 3655 999 3701 Inane.
1026 3654 1194 3715 Quodcunque
1203 3668 1269 3701 erum
1279 3662 1324 3710 est,

208 3712 338 3760 autoritate
350 3712 457 3777 seipsum
469 3714 532 3762 tueri
547 3715 631 3777 possit.
660 3716 751 3764 Totum
783 3716 938 3765 velinaliud
950 3732 1031 3779 agere,
1043 3717 1081 3765 sel
1092 3718 1123 3765 ab
1135 3716 1184 3765 alio
1200 3716 1251 3780 pati
1268 3725 1323 3778 pot·

210 3792 267 3824 vero
278 3777 343 3825 hunc
355 3792 452 3826 versum
469 3778 549 3840 rejicit
566 3779 652 3835 Faber,
665 3789 690 3827 et
706 3795 749 3827 ex·
784 3789 831 3836 est;
849 3779 876 3828 id
884 3789 965 3828 autem
977 3781 1025 3829 erit
1037 3783 1130 3842 Gorpuu
1156 3780 1325 3842 Quodcunque

207 3838 301 3890 istimat
315 3841 385 3889 illurn
403 3857 435 3890 ex
450 3842 606 3891 conclusione
624 3859 667 3892 seu
686 3845 748 3892 Ora·
782 3845 849 3892 enim
860 3843 911 3956 epit
921 3844 961 3892 vel
971 3845 1071 3908 patitur,
1087 3845 1197 3908 tangitur
1211 3855 1255 3893 aut
1270 3854 1323 3893 tan-

849 3923 879 3957 ve

207 3905 282 3954 tionis
293 3905 403 3954 clausula
416 3906 528 3969 petitum,
541 3917 566 3956 et
581 3907 629 3956 huc
646 3907 749 3957 transla·
781 3908 831 3972 git:

208 3980 261 4018 tum
280 3970 369 4018 fuisse:
397 3970 486 4018 deinde
509 3971 569 4020 dicit
591 3971 750 4021 Latinitatem
782 3989 830 4036 quo
841 3973 998 4032 etiamflunt,
1008 3983 1033 4022 et
1044 3983 1187 4024 moventur:
1204 3973 1231 4022 id
1242 3984 1325 4022 autem

208 4035 399 4084 muriceam:
417 4037 698 4101 Nihilertquodpossis
712 4041 749 4085 dr‘·
783 4041 855 4086 Inane
873 4048 917 4086 eat
951 4038 1054 4087 Nullum
1073 4038 1149 4102 igitur
1167 4048 1206 4088 est
1225 4040 1325 4088 tertium

207 4115 257 4148 cere
268 4100 402 4162 sejunctum,
413 4108 456 4148 ete.
469 4101 533 4162 quod
544 4101 577 4149 sit
592 4102 661 4163 quasi
680 4106 750 4150 tertia
782 4118 864 4151 rerum
872 4118 951 4166 genus
960 4104 1026 4166 quod
1035 4119 1109 4152 sensu
1119 4103 1173 4168 (qui
1186 4106 1273 4166 Corpus
1285 4120 1322 4153 es-

206 4173 293 4212 rraturu
308 4172 407 4226 reperta
437 4165 476 4213 Ita
492 4164 541 4214 ille.
579 4166 645 4221 Quid
668 4176 750 4216 autem
782 4184 809 4216 se
825 4167 907 4229 docet)
924 4168 964 4216 vel
981 4168 1075 4218 ratione
1093 4168 1159 4232 (qua
1177 4171 1250 4218 Inane
1271 4185 1324 4218 esse

208 4227 229 4276 si
245 4229 363 4292 legamus,
379 4233 440 4293 quod
455 4233 503 4279 utet
517 4235 611 4293 poerit?
637 4231 704 4288 Quid
720 4232 748 4288 ai,
782 4231 945 4293 demonstrat)
978 4233 1009 4282 de
1027 4233 1162 4283 rebendere
1192 4233 1324 4283 valeamus.

208 4296 269 4354 quod
278 4297 451 4355 perutdr'er‘er?
471 4295 538 4351 Quid
554 4296 628 4344 etiarn
645 4296 667 4345 si
682 4297 748 4359 lega-
783 4295 913 4360 Epiruma,
928 4296 957 4345 rb
1063 4296 1325 4363 ον,ἣπάσχον,σὸμά

900 3918 938 3957 est
949 3908 974 3957 id
985 3909 1011 3957 in
1023 3925 1071 3972 quo
1084 3909 1134 3958 Res
1150 3909 1204 3958 sitae
1220 3909 1324 3967 suntin
