<?xml version="1.0" encoding="UTF-8"?>
<!DOCTYPE html PUBLIC "-//W3C//DTD XHTML 1.0 Transitional//EN"
    "http://www.w3.org/TR/xhtml1/DTD/xhtml1-transitional.dtd">
<html xmlns="http://www.w3.org/1999/xhtml" xml:lang="en" lang="en">
 <head>
  <title>
</title>
<meta http-equiv="Content-Type" content="text/html;charset=utf-8" />
  <meta name='ocr-system' content='tesseract 3.04.00' />
  <meta name='ocr-capabilities' content='ocr_page ocr_carea ocr_par ocr_line ocrx_word'/>
</head>
<body>
  <div class='ocr_page' id='page_1' title='image "./titilucretiicar04carugoog_0234.png"; bbox 0 0 2872 4852; ppageno 0'>
   <div class='ocr_carea' id='block_1_1' title="bbox 224 241 951 309">
    <p class='ocr_par' dir='ltr' id='par_1_1' title="bbox 224 241 951 309">
     <span class='ocr_line' id='line_1_1' title="bbox 224 241 951 309; baseline 0.003 -5"><span class='ocrx_word' id='word_1_1' title='bbox 224 241 294 307; x_wconf 73' lang='lat'><strong>210,</strong></span> <span class='ocrx_word' id='word_1_2' title='bbox 605 242 664 308; x_wconf 82' lang='lat' dir='ltr'><strong>T..</strong></span> <span class='ocrx_word' id='word_1_3' title='bbox 681 242 951 309; x_wconf 85' lang='lat' dir='ltr'>LUCRETII</span> 
     </span>
    </p>
   </div>
   <div class='ocr_carea' id='block_1_2' title="bbox 247 397 1278 2409">
    <p class='ocr_par' dir='ltr' id='par_1_2' title="bbox 311 397 1182 686">
     <span class='ocr_line' id='line_1_2' title="bbox 311 397 1112 483; baseline 0.004 -23"><span class='ocrx_word' id='word_1_4' title='bbox 311 397 394 460; x_wconf 90' lang='lat' dir='ltr'><strong>Cum</strong></span> <span class='ocrx_word' id='word_1_5' title='bbox 408 418 486 478; x_wconf 90' lang='lat' dir='ltr'><strong>vero</strong></span> <span class='ocrx_word' id='word_1_6' title='bbox 501 397 653 462; x_wconf 89' lang='lat' dir='ltr'><strong>deorsum</strong></span> <span class='ocrx_word' id='word_1_7' title='bbox 667 420 727 482; x_wconf 92' lang='lat' dir='ltr'><strong>per</strong></span> <span class='ocrx_word' id='word_1_8' title='bbox 742 397 864 464; x_wconf 86' lang='lat' dir='ltr'><strong>fauceis</strong></span> <span class='ocrx_word' id='word_1_9' title='bbox 879 400 1112 483; x_wconf 84' lang='lat' dir='ltr'><strong>praecipitavit3</strong></span> 
     </span>
     <span class='ocr_line' id='line_1_3' title="bbox 312 499 1182 584; baseline 0.003 -21"><span class='ocrx_word' id='word_1_10' title='bbox 312 499 414 563; x_wconf 91' lang='lat' dir='ltr'><strong>Nulla</strong></span> <span class='ocrx_word' id='word_1_11' title='bbox 428 499 578 584; x_wconf 88' lang='lat' dir='ltr'><strong>voluptas</strong></span> <span class='ocrx_word' id='word_1_12' title='bbox 594 511 655 578; x_wconf 90' lang='lat' dir='ltr'><strong>est,</strong></span> <span class='ocrx_word' id='word_1_13' title='bbox 672 501 754 564; x_wconf 88' lang='lat' dir='ltr'><strong>dum</strong></span> <span class='ocrx_word' id='word_1_14' title='bbox 765 501 889 566; x_wconf 89' lang='lat' dir='ltr'><strong>diditur</strong></span> <span class='ocrx_word' id='word_1_15' title='bbox 905 502 1007 565; x_wconf 91' lang='lat' dir='ltr'><strong>omnis</strong></span> <span class='ocrx_word' id='word_1_16' title='bbox 1025 503 1058 564; x_wconf 90' lang='lat' dir='ltr'><strong>in</strong></span> <span class='ocrx_word' id='word_1_17' title='bbox 1072 511 1182 566; x_wconf 83' lang='lat' dir='ltr'><strong>artus:</strong></span> 
     </span>
     <span class='ocr_line' id='line_1_4' title="bbox 312 600 1150 686; baseline 0.004 -23"><span class='ocrx_word' id='word_1_18' title='bbox 312 600 386 664; x_wconf 90' lang='lat' dir='ltr'><strong>Nec</strong></span> <span class='ocrx_word' id='word_1_19' title='bbox 400 600 501 664; x_wconf 86' lang='lat' dir='ltr'><strong>refert</strong></span> <span class='ocrx_word' id='word_1_20' title='bbox 515 602 699 686; x_wconf 89' lang='lat' dir='ltr'><strong>quicquam,</strong></span> <span class='ocrx_word' id='word_1_21' title='bbox 716 625 781 686; x_wconf 94' lang='lat' dir='ltr'><strong>quo</strong></span> <span class='ocrx_word' id='word_1_22' title='bbox 796 603 883 667; x_wconf 90' lang='lat' dir='ltr'><strong>victu</strong></span> <span class='ocrx_word' id='word_1_23' title='bbox 898 624 1017 686; x_wconf 92' lang='lat' dir='ltr'><strong>corpus</strong></span> <span class='ocrx_word' id='word_1_24' title='bbox 1033 602 1150 681; x_wconf 89' lang='lat' dir='ltr'><strong>alatur,</strong></span> 
     </span>
    </p>

    <p class='ocr_par' dir='ltr' id='par_1_3' title="bbox 247 701 1214 880">
     <span class='ocr_line' id='line_1_5' title="bbox 247 701 1211 790; baseline 0.009 -29"><span class='ocrx_word' id='word_1_25' title='bbox 247 714 295 761; x_wconf 79' lang='lat'><strong>635</strong></span> <span class='ocrx_word' id='word_1_26' title='bbox 315 701 513 780; x_wconf 87' lang='lat' dir='ltr'><strong>Dummodo,</strong></span> <span class='ocrx_word' id='word_1_27' title='bbox 529 704 618 786; x_wconf 93' lang='lat' dir='ltr'><strong>quod</strong></span> <span class='ocrx_word' id='word_1_28' title='bbox 633 704 754 787; x_wconf 90' lang='lat' dir='ltr'><strong>capias,</strong></span> <span class='ocrx_word' id='word_1_29' title='bbox 771 714 961 768; x_wconf 87' lang='lat' dir='ltr'><strong>concoctum</strong></span> <span class='ocrx_word' id='word_1_30' title='bbox 976 705 1089 769; x_wconf 86' lang='lat' dir='ltr'>didere</span> <span class='ocrx_word' id='word_1_31' title='bbox 1105 705 1211 790; x_wconf 89' lang='lat' dir='ltr'><strong>possis</strong></span> 
     </span>
     <span class='ocr_line' id='line_1_6' title="bbox 314 803 1214 880; baseline 0 -11"><span class='ocrx_word' id='word_1_32' title='bbox 314 804 476 880; x_wconf 89' lang='lat' dir='ltr'><strong>Artubus‚</strong></span> <span class='ocrx_word' id='word_1_33' title='bbox 492 814 525 868; x_wconf 91' lang='lat' dir='ltr'><strong>et</strong></span> <span class='ocrx_word' id='word_1_34' title='bbox 541 803 696 868; x_wconf 86' lang='lat' dir='ltr'><strong>stomachi</strong></span> <span class='ocrx_word' id='word_1_35' title='bbox 711 803 899 870; x_wconf 89' lang='lat' dir='ltr'><strong>humectum</strong></span> <span class='ocrx_word' id='word_1_36' title='bbox 914 827 1043 870; x_wconf 85' lang='lat' dir='ltr'><strong>servare</strong></span> <span class='ocrx_word' id='word_1_37' title='bbox 1058 817 1214 871; x_wconf 89' lang='lat' dir='ltr'><strong>tenorem.</strong></span> 
     </span>
    </p>

    <p class='ocr_par' dir='ltr' id='par_1_4' title="bbox 356 905 1143 984">
     <span class='ocr_line' id='line_1_7' title="bbox 356 905 1143 984; baseline 0.001 -15"><span class='ocrx_word' id='word_1_38' title='bbox 356 905 456 969; x_wconf 90' lang='lat' dir='ltr'><strong>Nunc</strong></span> <span class='ocrx_word' id='word_1_39' title='bbox 471 905 540 970; x_wconf 89' lang='lat' dir='ltr'><strong>aliis</strong></span> <span class='ocrx_word' id='word_1_40' title='bbox 556 905 638 969; x_wconf 88' lang='lat' dir='ltr'><strong>alius</strong></span> <span class='ocrx_word' id='word_1_41' title='bbox 652 927 712 969; x_wconf 89' lang='lat' dir='ltr'><strong>cur</strong></span> <span class='ocrx_word' id='word_1_42' title='bbox 727 907 769 969; x_wconf 91' lang='lat' dir='ltr'><strong>sit</strong></span> <span class='ocrx_word' id='word_1_43' title='bbox 783 906 897 983; x_wconf 86' lang='lat' dir='ltr'>Cibus,</span> <span class='ocrx_word' id='word_1_44' title='bbox 913 916 950 970; x_wconf 91' lang='lat' dir='ltr'><strong>ut</strong></span> <span class='ocrx_word' id='word_1_45' title='bbox 965 908 1143 984; x_wconf 84' lang='lat' dir='ltr'><strong>videamus,</strong></span> 
     </span>
    </p>

    <p class='ocr_par' dir='ltr' id='par_1_5' title="bbox 313 1006 1278 1194">
     <span class='ocr_line' id='line_1_8' title="bbox 315 1006 1278 1092; baseline 0.002 -21"><span class='ocrx_word' id='word_1_46' title='bbox 315 1006 518 1092; x_wconf 81' lang='lat' dir='ltr'><strong>Expediam3</strong></span> <span class='ocrx_word' id='word_1_47' title='bbox 541 1029 695 1092; x_wconf 80' lang='lat' dir='ltr'>quareve,</span> <span class='ocrx_word' id='word_1_48' title='bbox 711 1007 780 1072; x_wconf 88' lang='lat' dir='ltr'><strong>aliis</strong></span> <span class='ocrx_word' id='word_1_49' title='bbox 796 1008 886 1092; x_wconf 92' lang='lat' dir='ltr'><strong>quod</strong></span> <span class='ocrx_word' id='word_1_50' title='bbox 900 1009 1005 1085; x_wconf 88' lang='lat' dir='ltr'><strong>triste,</strong></span> <span class='ocrx_word' id='word_1_51' title='bbox 1020 1019 1054 1073; x_wconf 92' lang='lat' dir='ltr'><strong>et</strong></span> <span class='ocrx_word' id='word_1_52' title='bbox 1069 1031 1212 1074; x_wconf 85' lang='lat' dir='ltr'><strong>amarum</strong></span> <span class='ocrx_word' id='word_1_53' title='bbox 1226 1009 1278 1087; x_wconf 81' lang='grc' dir='ltr'><strong>ἐι,</strong></span> 
     </span>
     <span class='ocr_line' id='line_1_9' title="bbox 313 1107 1111 1194; baseline 0 -21"><span class='ocrx_word' id='word_1_54' title='bbox 313 1109 390 1174; x_wconf 93' lang='lat' dir='ltr'><strong>Hoc</strong></span> <span class='ocrx_word' id='word_1_55' title='bbox 405 1118 512 1173; x_wconf 87' lang='lat' dir='ltr'><strong>tamen</strong></span> <span class='ocrx_word' id='word_1_56' title='bbox 526 1131 598 1174; x_wconf 88' lang='lat' dir='ltr'><strong>esse</strong></span> <span class='ocrx_word' id='word_1_57' title='bbox 614 1107 683 1172; x_wconf 88' lang='lat' dir='ltr'><strong>aliis</strong></span> <span class='ocrx_word' id='word_1_58' title='bbox 698 1109 802 1194; x_wconf 86' lang='lat' dir='ltr'><strong>possit</strong></span> <span class='ocrx_word' id='word_1_59' title='bbox 816 1107 982 1193; x_wconf 90' lang='lat' dir='ltr'><strong>praedulce</strong></span> <span class='ocrx_word' id='word_1_60' title='bbox 997 1109 1111 1173; x_wconf 90' lang='lat' dir='ltr'><strong>videri.</strong></span> 
     </span>
    </p>

    <p class='ocr_par' dir='ltr' id='par_1_6' title="bbox 249 1209 1201 1295">
     <span class='ocr_line' id='line_1_10' title="bbox 249 1209 1201 1295; baseline 0.005 -25"><span class='ocrx_word' id='word_1_61' title='bbox 249 1223 297 1271; x_wconf 73' lang='lat'><strong>640</strong></span> <span class='ocrx_word' id='word_1_62' title='bbox 314 1211 488 1295; x_wconf 86' lang='lat' dir='ltr'><strong>Tantaque</strong></span> <span class='ocrx_word' id='word_1_63' title='bbox 503 1211 536 1274; x_wconf 90' lang='lat' dir='ltr'><strong>in</strong></span> <span class='ocrx_word' id='word_1_64' title='bbox 549 1210 601 1273; x_wconf 92' lang='lat' dir='ltr'><strong>his</strong></span> <span class='ocrx_word' id='word_1_65' title='bbox 616 1211 714 1274; x_wconf 92' lang='lat' dir='ltr'><strong>rebus</strong></span> <span class='ocrx_word' id='word_1_66' title='bbox 730 1210 894 1287; x_wconf 79' lang='lat' dir='ltr'><strong>distantia,</strong></span> <span class='ocrx_word' id='word_1_67' title='bbox 911 1209 1135 1294; x_wconf 85' lang='lat' dir='ltr'><strong>differitasque</strong></span> <span class='ocrx_word' id='word_1_68' title='bbox 1150 1210 1201 1288; x_wconf 80' lang='grc' dir='ltr'><strong>ἐι,</strong></span> 
     </span>
    </p>

    <p class='ocr_par' dir='ltr' id='par_1_7' title="bbox 299 1309 1191 1600">
     <span class='ocr_line' id='line_1_11' title="bbox 299 1309 1191 1396; baseline 0.001 -20"><span class='ocrx_word' id='word_1_69' title='bbox 299 1372 300 1375; x_wconf 74' lang='grc'>,</span> <span class='ocrx_word' id='word_1_70' title='bbox 314 1312 363 1376; x_wconf 91' lang='lat' dir='ltr'><strong>Ut</strong></span> <span class='ocrx_word' id='word_1_71' title='bbox 377 1313 467 1396; x_wconf 92' lang='lat' dir='ltr'><strong>quod</strong></span> <span class='ocrx_word' id='word_1_72' title='bbox 482 1310 541 1376; x_wconf 85' lang='lat' dir='ltr'><strong>alis</strong></span> <span class='ocrx_word' id='word_1_73' title='bbox 558 1311 660 1375; x_wconf 88' lang='lat' dir='ltr'><strong>Cibus</strong></span> <span class='ocrx_word' id='word_1_74' title='bbox 676 1320 738 1388; x_wconf 90' lang='lat' dir='ltr'><strong>est,</strong></span> <span class='ocrx_word' id='word_1_75' title='bbox 754 1311 823 1374; x_wconf 88' lang='lat' dir='ltr'><strong>aliis</strong></span> <span class='ocrx_word' id='word_1_76' title='bbox 840 1309 911 1375; x_wconf 83' lang='lat' dir='ltr'><strong>fuat</strong></span> <span class='ocrx_word' id='word_1_77' title='bbox 925 1333 999 1376; x_wconf 82' lang='lat' dir='ltr'><strong>aere</strong></span> <span class='ocrx_word' id='word_1_78' title='bbox 1014 1333 1191 1377; x_wconf 86' lang='lat' dir='ltr'><strong>venenum:</strong></span> 
     </span>
     <span class='ocr_line' id='line_1_12' title="bbox 314 1410 1168 1498; baseline -0.001 -19"><span class='ocrx_word' id='word_1_79' title='bbox 314 1415 379 1480; x_wconf 89' lang='lat' dir='ltr'><strong>Est</strong></span> <span class='ocrx_word' id='word_1_80' title='bbox 394 1410 518 1498; x_wconf 78' lang='lat' dir='ltr'><strong>utique,</strong></span> <span class='ocrx_word' id='word_1_81' title='bbox 533 1424 571 1477; x_wconf 94' lang='lat' dir='ltr'><strong>ut</strong></span> <span class='ocrx_word' id='word_1_82' title='bbox 586 1414 729 1498; x_wconf 84' lang='lat' dir='ltr'><strong>Serpens</strong></span> <span class='ocrx_word' id='word_1_83' title='bbox 744 1412 881 1477; x_wconf 92' lang='lat' dir='ltr'><strong>hominis</strong></span> <span class='ocrx_word' id='word_1_84' title='bbox 897 1423 1047 1478; x_wconf 85' lang='lat' dir='ltr'><strong>contacta</strong></span> <span class='ocrx_word' id='word_1_85' title='bbox 1062 1413 1168 1478; x_wconf 86' lang='lat' dir='ltr'><strong>salivis</strong></span> 
     </span>
     <span class='ocr_line' id='line_1_13' title="bbox 314 1515 1053 1600; baseline -0.001 -20"><span class='ocrx_word' id='word_1_86' title='bbox 314 1516 474 1600; x_wconf 92' lang='lat' dir='ltr'><strong>Disperit,</strong></span> <span class='ocrx_word' id='word_1_87' title='bbox 489 1538 527 1580; x_wconf 90' lang='lat' dir='ltr'><strong>ae</strong></span> <span class='ocrx_word' id='word_1_88' title='bbox 542 1537 614 1578; x_wconf 88' lang='lat' dir='ltr'><strong>sese</strong></span> <span class='ocrx_word' id='word_1_89' title='bbox 628 1515 813 1579; x_wconf 89' lang='lat' dir='ltr'><strong>mandendo</strong></span> <span class='ocrx_word' id='word_1_90' title='bbox 825 1515 957 1580; x_wconf 91' lang='lat' dir='ltr'><strong>conficit</strong></span> <span class='ocrx_word' id='word_1_91' title='bbox 971 1516 1053 1599; x_wconf 89' lang='lat' dir='ltr'><strong>ipsa.</strong></span> 
     </span>
    </p>

    <p class='ocr_par' dir='ltr' id='par_1_8' title="bbox 249 1614 1173 2004">
     <span class='ocr_line' id='line_1_14' title="bbox 356 1614 1173 1694; baseline 0 -13"><span class='ocrx_word' id='word_1_92' title='bbox 356 1617 533 1692; x_wconf 86' lang='lat' dir='ltr'><strong>Praeterea,</strong></span> <span class='ocrx_word' id='word_1_93' title='bbox 549 1616 643 1679; x_wconf 90' lang='lat' dir='ltr'><strong>nobis</strong></span> <span class='ocrx_word' id='word_1_94' title='bbox 658 1614 835 1681; x_wconf 86' lang='lat' dir='ltr'><strong>Veratrum</strong></span> <span class='ocrx_word' id='word_1_95' title='bbox 850 1627 900 1680; x_wconf 91' lang='lat' dir='ltr'><strong>est</strong></span> <span class='ocrx_word' id='word_1_96' title='bbox 914 1639 988 1682; x_wconf 87' lang='lat' dir='ltr'><strong>acre</strong></span> <span class='ocrx_word' id='word_1_97' title='bbox 1004 1639 1173 1694; x_wconf 89' lang='lat' dir='ltr'><strong>venenum,</strong></span> 
     </span>
     <span class='ocr_line' id='line_1_15' title="bbox 249 1715 1065 1802; baseline 0.009 -26"><span class='ocrx_word' id='word_1_98' title='bbox 249 1729 297 1777; x_wconf 80' lang='lat'><strong>645</strong></span> <span class='ocrx_word' id='word_1_99' title='bbox 316 1717 365 1781; x_wconf 90' lang='lat' dir='ltr'><strong>At</strong></span> <span class='ocrx_word' id='word_1_100' title='bbox 381 1719 497 1801; x_wconf 92' lang='lat' dir='ltr'><strong>Capris</strong></span> <span class='ocrx_word' id='word_1_101' title='bbox 513 1718 638 1800; x_wconf 88' lang='lat' dir='ltr'><strong>adipes,</strong></span> <span class='ocrx_word' id='word_1_102' title='bbox 654 1726 688 1780; x_wconf 90' lang='lat' dir='ltr'><strong>et</strong></span> <span class='ocrx_word' id='word_1_103' title='bbox 703 1715 933 1782; x_wconf 88' lang='lat' dir='ltr'><strong>Coturnicibus</strong></span> <span class='ocrx_word' id='word_1_104' title='bbox 948 1730 1065 1802; x_wconf 83' lang='lat' dir='ltr'><strong>auget:</strong></span> 
     </span>
     <span class='ocr_line' id='line_1_16' title="bbox 314 1818 1102 1904; baseline -0.001 -20"><span class='ocrx_word' id='word_1_105' title='bbox 314 1820 373 1897; x_wconf 94' lang='lat' dir='ltr'><strong>Ut,</strong></span> <span class='ocrx_word' id='word_1_106' title='bbox 389 1820 507 1903; x_wconf 92' lang='lat' dir='ltr'><strong>quibus</strong></span> <span class='ocrx_word' id='word_1_107' title='bbox 523 1819 556 1882; x_wconf 94' lang='lat' dir='ltr'><strong>id</strong></span> <span class='ocrx_word' id='word_1_108' title='bbox 571 1818 630 1881; x_wconf 86' lang='lat' dir='ltr'><strong>fiat</strong></span> <span class='ocrx_word' id='word_1_109' title='bbox 644 1819 755 1894; x_wconf 89' lang='lat' dir='ltr'><strong>rebus,</strong></span> <span class='ocrx_word' id='word_1_110' title='bbox 771 1840 968 1903; x_wconf 85' lang='lat' dir='ltr'><strong>cognoscere</strong></span> <span class='ocrx_word' id='word_1_111' title='bbox 983 1821 1102 1904; x_wconf 88' lang='lat' dir='ltr'><strong>possis,</strong></span> 
     </span>
     <span class='ocr_line' id='line_1_17' title="bbox 314 1920 1140 2004; baseline 0.001 -20"><span class='ocrx_word' id='word_1_112' title='bbox 314 1920 479 2004; x_wconf 91' lang='lat' dir='ltr'><strong>Principio</strong></span> <span class='ocrx_word' id='word_1_113' title='bbox 493 1921 675 1985; x_wconf 86' lang='lat' dir='ltr'><strong>meminisse</strong></span> <span class='ocrx_word' id='word_1_114' title='bbox 691 1920 884 2004; x_wconf 69' lang='lat' dir='ltr'><strong>deestque</strong></span> <span class='ocrx_word' id='word_1_115' title='bbox 899 1920 1038 1985; x_wconf 83' lang='lat' dir='ltr'><strong>diximus</strong></span> <span class='ocrx_word' id='word_1_116' title='bbox 1053 1931 1140 2000; x_wconf 85' lang='lat' dir='ltr'><strong>ante,</strong></span> 
     </span>
    </p>

    <p class='ocr_par' dir='ltr' id='par_1_9' title="bbox 313 2021 1050 2088">
     <span class='ocr_line' id='line_1_18' title="bbox 313 2021 1050 2088; baseline 0.001 -1"><span class='ocrx_word' id='word_1_117' title='bbox 313 2023 443 2088; x_wconf 87' lang='lat' dir='ltr'><strong>Semina</strong></span> <span class='ocrx_word' id='word_1_118' title='bbox 457 2021 652 2086; x_wconf 91' lang='lat' dir='ltr'><strong>multimodis</strong></span> <span class='ocrx_word' id='word_1_119' title='bbox 667 2023 700 2085; x_wconf 94' lang='lat' dir='ltr'><strong>in</strong></span> <span class='ocrx_word' id='word_1_120' title='bbox 714 2022 813 2086; x_wconf 90' lang='lat' dir='ltr'><strong>rebus</strong></span> <span class='ocrx_word' id='word_1_121' title='bbox 828 2023 923 2086; x_wconf 87' lang='lat' dir='ltr'><strong>mista</strong></span> <span class='ocrx_word' id='word_1_122' title='bbox 937 2024 1050 2088; x_wconf 90' lang='lat' dir='ltr'><strong>teneri.</strong></span> 
     </span>
    </p>

    <p class='ocr_par' dir='ltr' id='par_1_10' title="bbox 312 2124 1265 2209">
     <span class='ocr_line' id='line_1_19' title="bbox 312 2124 1265 2209; baseline 0.005 -22"><span class='ocrx_word' id='word_1_123' title='bbox 312 2124 417 2189; x_wconf 92' lang='lat' dir='ltr'><strong>Porro</strong></span> <span class='ocrx_word' id='word_1_124' title='bbox 433 2146 555 2202; x_wconf 88' lang='lat' dir='ltr'><strong>omnes,</strong></span> <span class='ocrx_word' id='word_1_125' title='bbox 571 2146 773 2208; x_wconf 87' lang='lat' dir='ltr'><strong>quaecunque</strong></span> <span class='ocrx_word' id='word_1_126' title='bbox 788 2124 897 2197; x_wconf 89' lang='lat' dir='ltr'><strong>cibum</strong></span> <span class='ocrx_word' id='word_1_127' title='bbox 911 2126 1044 2209; x_wconf 88' lang='lat' dir='ltr'><strong>capiunt</strong></span> <span class='ocrx_word' id='word_1_128' title='bbox 1059 2125 1265 2203; x_wconf 89' lang='lat' dir='ltr'><strong>Animantes,</strong></span> 
     </span>
    </p>

    <p class='ocr_par' dir='ltr' id='par_1_11' title="bbox 248 2225 1110 2312">
     <span class='ocr_line' id='line_1_20' title="bbox 248 2225 1110 2312; baseline 0.008 -27"><span class='ocrx_word' id='word_1_129' title='bbox 248 2237 296 2285; x_wconf 78' lang='lat' dir='ltr'><strong>eto</strong></span> <span class='ocrx_word' id='word_1_130' title='bbox 314 2226 363 2292; x_wconf 93' lang='lat' dir='ltr'><strong>Ut</strong></span> <span class='ocrx_word' id='word_1_131' title='bbox 378 2237 454 2292; x_wconf 91' lang='lat' dir='ltr'><strong>sunt</strong></span> <span class='ocrx_word' id='word_1_132' title='bbox 469 2225 639 2291; x_wconf 86' lang='lat' dir='ltr'><strong>dissimiles</strong></span> <span class='ocrx_word' id='word_1_133' title='bbox 653 2227 868 2304; x_wconf 77' lang='lat' dir='ltr'><strong>extrinsecuS,</strong></span> <span class='ocrx_word' id='word_1_134' title='bbox 884 2238 917 2293; x_wconf 98' lang='lat' dir='ltr'><strong>et</strong></span> <span class='ocrx_word' id='word_1_135' title='bbox 931 2230 1110 2312; x_wconf 84' lang='lat' dir='ltr'><strong>generatim</strong></span> 
     </span>
    </p>

    <p class='ocr_par' dir='ltr' id='par_1_12' title="bbox 313 2329 1113 2409">
     <span class='ocr_line' id='line_1_21' title="bbox 313 2329 1113 2409; baseline 0.003 -16"><span class='ocrx_word' id='word_1_136' title='bbox 313 2329 447 2394; x_wconf 85' lang='lat' dir='ltr'><strong>Extima</strong></span> <span class='ocrx_word' id='word_1_137' title='bbox 461 2329 678 2394; x_wconf 91' lang='lat' dir='ltr'><strong>membrorum</strong></span> <span class='ocrx_word' id='word_1_138' title='bbox 691 2330 952 2395; x_wconf 84' lang='lat' dir='ltr'><strong>circum-caesura</strong></span> <span class='ocrx_word' id='word_1_139' title='bbox 967 2340 1113 2409; x_wconf 83' lang='lat' dir='ltr'><strong>coercet3</strong></span> 
     </span>
    </p>
   </div>
   <div class='ocr_carea' id='block_1_3' title="bbox 208 2496 1336 4236">
    <p class='ocr_par' dir='ltr' id='par_1_13' title="bbox 226 2496 1335 2820">
     <span class='ocr_line' id='line_1_22' title="bbox 259 2496 1335 2562; baseline 0 -14"><span class='ocrx_word' id='word_1_140' title='bbox 259 2500 314 2548; x_wconf 78' lang='lat'><strong>634.</strong></span> <span class='ocrx_word' id='word_1_141' title='bbox 338 2501 390 2548; x_wconf 88' lang='lat' dir='ltr'><strong>Nee</strong></span> <span class='ocrx_word' id='word_1_142' title='bbox 404 2499 476 2562; x_wconf 82' lang='lat' dir='ltr'><strong>refert</strong></span> <span class='ocrx_word' id='word_1_143' title='bbox 491 2503 618 2562; x_wconf 82' lang='lat' dir='ltr'><strong>quicquam,</strong></span> <span class='ocrx_word' id='word_1_144' title='bbox 634 2496 691 2560; x_wconf 79' lang='lat' dir='ltr'><strong>etc]</strong></span> <span class='ocrx_word' id='word_1_145' title='bbox 713 2496 762 2546; x_wconf 90' lang='lat' dir='ltr'><strong>His</strong></span> <span class='ocrx_word' id='word_1_146' title='bbox 793 2496 836 2560; x_wconf 84' lang='lat' dir='ltr'><strong>qui</strong></span> <span class='ocrx_word' id='word_1_147' title='bbox 845 2497 912 2546; x_wconf 84' lang='lat' dir='ltr'><strong>febre</strong></span> <span class='ocrx_word' id='word_1_148' title='bbox 924 2497 1025 2556; x_wconf 80' lang='lat' dir='ltr'><strong>laborat,</strong></span> <span class='ocrx_word' id='word_1_149' title='bbox 1035 2513 1118 2546; x_wconf 82' lang='lat' dir='ltr'><strong>amara</strong></span> <span class='ocrx_word' id='word_1_150' title='bbox 1125 2497 1220 2560; x_wconf 83' lang='lat' dir='ltr'><strong>judicat</strong></span> <span class='ocrx_word' id='word_1_151' title='bbox 1231 2513 1267 2556; x_wconf 85' lang='lat' dir='ltr'><strong>ea,</strong></span> <span class='ocrx_word' id='word_1_152' title='bbox 1278 2513 1335 2562; x_wconf 76' lang='lat' dir='ltr'><strong>quse</strong></span> 
     </span>
     <span class='ocr_line' id='line_1_23' title="bbox 226 2560 1333 2674; baseline -0.001 -61"><span class='ocrx_word' id='word_1_153' title='bbox 226 2564 336 2613; x_wconf 82' lang='lat' dir='ltr'><strong>versibus</strong></span> <span class='ocrx_word' id='word_1_154' title='bbox 346 2564 463 2627; x_wconf 80' lang='lat' dir='ltr'><strong>adJungas</strong></span> <span class='ocrx_word' id='word_1_155' title='bbox 474 2563 536 2611; x_wconf 90' lang='lat' dir='ltr'><strong>illud</strong></span> <span class='ocrx_word' id='word_1_156' title='bbox 548 2562 650 2674; x_wconf 81' lang='lat' dir='ltr'><strong>Epicuri</strong></span> <span class='ocrx_word' id='word_1_157' title='bbox 662 2563 693 2610; x_wconf 85' lang='lat' dir='ltr'><strong>ad</strong></span> <span class='ocrx_word' id='word_1_158' title='bbox 705 2563 761 2610; x_wconf 89' lang='lat' dir='ltr'><strong>Me·</strong></span> <span class='ocrx_word' id='word_1_159' title='bbox 794 2577 868 2620; x_wconf 82' lang='lat' dir='ltr'><strong>sanus</strong></span> <span class='ocrx_word' id='word_1_160' title='bbox 879 2560 967 2620; x_wconf 87' lang='lat' dir='ltr'><strong>dulcis,</strong></span> <span class='ocrx_word' id='word_1_161' title='bbox 976 2563 1041 2626; x_wconf 91' lang='lat' dir='ltr'><strong>quod</strong></span> <span class='ocrx_word' id='word_1_162' title='bbox 1053 2572 1153 2626; x_wconf 89' lang='lat' dir='ltr'><strong>propter</strong></span> <span class='ocrx_word' id='word_1_163' title='bbox 1164 2571 1281 2611; x_wconf 86' lang='lat' dir='ltr'><strong>mutatam</strong></span> <span class='ocrx_word' id='word_1_164' title='bbox 1292 2579 1333 2612; x_wconf 90' lang='lat' dir='ltr'><strong>or·</strong></span> 
     </span>
     <span class='ocr_line' id='line_1_24' title="bbox 226 2625 1333 2692; baseline 0.001 -16"><span class='ocrx_word' id='word_1_165' title='bbox 226 2643 353 2677; x_wconf 87' lang='lat' dir='ltr'><strong>noeceum:</strong></span> <span class='ocrx_word' id='word_1_166' title='bbox 371 2627 403 2676; x_wconf 78' lang='lat' dir='ltr'><strong>&#39;rb</strong></span> <span class='ocrx_word' id='word_1_167' title='bbox 415 2626 544 2690; x_wconf 74' lang='grc' dir='ltr'><strong><em>συνεθίζειν</em></strong></span> <span class='ocrx_word' id='word_1_168' title='bbox 555 2645 568 2675; x_wconf 84' lang='lat' dir='ltr'><strong>r</strong></span> <span class='ocrx_word' id='word_1_169' title='bbox 583 2645 597 2675; x_wconf 88' lang='grc' dir='ltr'>ν</span> <span class='ocrx_word' id='word_1_170' title='bbox 612 2629 638 2675; x_wconf 80' lang='grc' dir='ltr'><strong>ἐν</strong></span> <span class='ocrx_word' id='word_1_171' title='bbox 647 2628 700 2676; x_wconf 75' lang='lat' dir='ltr'><strong>reis</strong></span> <span class='ocrx_word' id='word_1_172' title='bbox 717 2625 761 2674; x_wconf 79' lang='lat' dir='ltr'><strong>irrr-</strong></span> <span class='ocrx_word' id='word_1_173' title='bbox 794 2626 852 2690; x_wconf 82' lang='lat' dir='ltr'><strong>gani</strong></span> <span class='ocrx_word' id='word_1_174' title='bbox 863 2635 986 2674; x_wconf 81' lang='lat' dir='ltr'><strong>texturam</strong></span> <span class='ocrx_word' id='word_1_175' title='bbox 998 2642 1027 2674; x_wconf 88' lang='lat' dir='ltr'><strong>ea</strong></span> <span class='ocrx_word' id='word_1_176' title='bbox 1037 2627 1181 2692; x_wconf 85' lang='lat' dir='ltr'><strong>corpuscula</strong></span> <span class='ocrx_word' id='word_1_177' title='bbox 1192 2643 1246 2690; x_wconf 84' lang='lat' dir='ltr'><strong>quoe</strong></span> <span class='ocrx_word' id='word_1_178' title='bbox 1262 2627 1333 2690; x_wconf 90' lang='lat' dir='ltr'><strong>prius</strong></span> 
     </span>
     <span class='ocr_line' id='line_1_25' title="bbox 227 2690 1334 2754; baseline -0.002 -13"><span class='ocrx_word' id='word_1_179' title='bbox 227 2694 287 2750; x_wconf 76' lang='grc' dir='ltr'><strong>λαῖι,</strong></span> <span class='ocrx_word' id='word_1_180' title='bbox 298 2692 337 2741; x_wconf 73' lang='grc' dir='ltr'><strong>καὶ</strong></span> <span class='ocrx_word' id='word_1_181' title='bbox 348 2693 376 2740; x_wconf 77' lang='grc' dir='ltr'><strong>οὔ</strong></span> <span class='ocrx_word' id='word_1_182' title='bbox 386 2691 534 2741; x_wconf 75' lang='grc' dir='ltr'>πολυτελέσι</span> <span class='ocrx_word' id='word_1_183' title='bbox 544 2690 648 2749; x_wconf 75' lang='grc' dir='ltr'><strong><em>διαίταις,</em></strong></span> <span class='ocrx_word' id='word_1_184' title='bbox 659 2691 698 2739; x_wconf 79' lang='lat' dir='ltr'><strong>real</strong></span> <span class='ocrx_word' id='word_1_185' title='bbox 710 2693 761 2751; x_wconf 66' lang='lat' dir='ltr'><strong>ipr-</strong></span> <span class='ocrx_word' id='word_1_186' title='bbox 795 2692 1045 2749; x_wconf 85' lang='lat' dir='ltr'><strong>accommodabantur,</strong></span> <span class='ocrx_word' id='word_1_187' title='bbox 1055 2707 1121 2739; x_wconf 91' lang='lat' dir='ltr'><strong>nuuc</strong></span> <span class='ocrx_word' id='word_1_188' title='bbox 1130 2707 1179 2740; x_wconf 89' lang='lat' dir='ltr'><strong>non</strong></span> <span class='ocrx_word' id='word_1_189' title='bbox 1188 2702 1334 2754; x_wconf 85' lang='lat' dir='ltr'><strong>congruant,</strong></span> 
     </span>
     <span class='ocr_line' id='line_1_26' title="bbox 227 2753 1333 2820; baseline 0 -15"><span class='ocrx_word' id='word_1_190' title='bbox 227 2754 277 2805; x_wconf 77' lang='lat' dir='ltr'><strong>eles</strong></span> <span class='ocrx_word' id='word_1_191' title='bbox 288 2754 341 2804; x_wconf 72' lang='grc' dir='ltr'><strong>ἐστὶ</strong></span> <span class='ocrx_word' id='word_1_192' title='bbox 352 2756 557 2819; x_wconf 70' lang='grc' dir='ltr'>συμπληρωτικὸν,</span> <span class='ocrx_word' id='word_1_193' title='bbox 568 2755 608 2804; x_wconf 73' lang='grc' dir='ltr'><strong>καὶ</strong></span> <span class='ocrx_word' id='word_1_194' title='bbox 619 2753 675 2818; x_wconf 65' lang='lat' dir='ltr'><strong>epte</strong></span> <span class='ocrx_word' id='word_1_195' title='bbox 688 2754 761 2815; x_wconf 75' lang='grc' dir='ltr'><strong><em>ἀναγ-</em></strong></span> <span class='ocrx_word' id='word_1_196' title='bbox 795 2771 961 2818; x_wconf 80' lang='lat' dir='ltr'><strong>organumque</strong></span> <span class='ocrx_word' id='word_1_197' title='bbox 981 2755 1084 2820; x_wconf 88' lang='lat' dir='ltr'><strong>proinde</strong></span> <span class='ocrx_word' id='word_1_198' title='bbox 1104 2756 1213 2805; x_wconf 88' lang='lat' dir='ltr'><strong>lacerent</strong></span> <span class='ocrx_word' id='word_1_199' title='bbox 1232 2765 1258 2804; x_wconf 85' lang='lat' dir='ltr'><strong>et</strong></span> <span class='ocrx_word' id='word_1_200' title='bbox 1280 2757 1333 2806; x_wconf 92' lang='lat' dir='ltr'><strong>dis·</strong></span> 
     </span>
    </p>

    <p class='ocr_par' dir='ltr' id='par_1_14' title="bbox 208 2817 1333 2948">
     <span class='ocr_line' id='line_1_27' title="bbox 208 2817 905 2884; baseline 0.001 -17"><span class='ocrx_word' id='word_1_201' title='bbox 208 2863 209 2867; x_wconf 65' lang='lat'><strong>,</strong></span> <span class='ocrx_word' id='word_1_202' title='bbox 227 2819 295 2869; x_wconf 75' lang='lat' dir='ltr'><strong>relus</strong></span> <span class='ocrx_word' id='word_1_203' title='bbox 305 2821 349 2868; x_wconf 79' lang='grc' dir='ltr'><strong>τοῦ</strong></span> <span class='ocrx_word' id='word_1_204' title='bbox 360 2817 415 2874; x_wconf 73' lang='grc' dir='ltr'><strong>βίον</strong></span> <span class='ocrx_word' id='word_1_205' title='bbox 425 2819 524 2882; x_wconf 75' lang='grc' dir='ltr'><strong><em>χρήσεις</em></strong></span> <span class='ocrx_word' id='word_1_206' title='bbox 541 2818 627 2869; x_wconf 68' lang='grc' dir='ltr'><strong><em>ἄοκνον</em></strong></span> <span class='ocrx_word' id='word_1_207' title='bbox 642 2822 707 2868; x_wconf 71' lang='grc' dir='ltr'><strong><em>ποιεῖ</em></strong></span> <span class='ocrx_word' id='word_1_208' title='bbox 719 2820 763 2869; x_wconf 78' lang='grc' dir='ltr'><strong>τὸν</strong></span> <span class='ocrx_word' id='word_1_209' title='bbox 795 2829 905 2884; x_wconf 80' lang='lat' dir='ltr'><strong>serpant.</strong></span> 
     </span>
     <span class='ocr_line' id='line_1_28' title="bbox 228 2884 1333 2948; baseline 0 -14"><span class='ocrx_word' id='word_1_210' title='bbox 228 2884 354 2947; x_wconf 68' lang='lat' dir='ltr'><strong>tietmar.</strong></span> <span class='ocrx_word' id='word_1_211' title='bbox 828 2885 883 2933; x_wconf 72' lang='lat'><strong>640.</strong></span> <span class='ocrx_word' id='word_1_212' title='bbox 917 2886 1083 2947; x_wconf 71' lang='lat' dir='ltr'><strong>Dr&#39;fferitmque</strong></span> <span class='ocrx_word' id='word_1_213' title='bbox 1111 2884 1153 2948; x_wconf 68' lang='lat' dir='ltr'><strong>bt]</strong></span> <span class='ocrx_word' id='word_1_214' title='bbox 1183 2887 1333 2947; x_wconf 68' lang='lat' dir='ltr'><strong>Differentiae,</strong></span> 
     </span>
    </p>

    <p class='ocr_par' dir='ltr' id='par_1_15' title="bbox 226 2945 1336 4236">
     <span class='ocr_line' id='line_1_29' title="bbox 260 2945 1334 3009; baseline 0.003 -13"><span class='ocrx_word' id='word_1_215' title='bbox 260 2948 315 3000; x_wconf 78' lang='lat'><strong>637.</strong></span> <span class='ocrx_word' id='word_1_216' title='bbox 333 2949 403 2996; x_wconf 79' lang='lat' dir='ltr'><strong>Nune</strong></span> <span class='ocrx_word' id='word_1_217' title='bbox 414 2949 468 2995; x_wconf 77' lang='lat' dir='ltr'><strong>aliis</strong></span> <span class='ocrx_word' id='word_1_218' title='bbox 479 2945 612 3009; x_wconf 68' lang='lat' dir='ltr'><strong>ultraue]</strong></span> <span class='ocrx_word' id='word_1_219' title='bbox 625 2947 762 2996; x_wconf 68' lang='lat' dir='ltr'><strong>tamem</strong></span> <span class='ocrx_word' id='word_1_220' title='bbox 796 2948 901 2998; x_wconf 91' lang='lat' dir='ltr'><strong>Nonius.</strong></span> <span class='ocrx_word' id='word_1_221' title='bbox 935 2949 1002 2997; x_wconf 91' lang='lat' dir='ltr'><strong>Usus</strong></span> <span class='ocrx_word' id='word_1_222' title='bbox 1017 2949 1134 2999; x_wconf 84' lang='lat' dir='ltr'><strong>hacvoce</strong></span> <span class='ocrx_word' id='word_1_223' title='bbox 1150 2947 1334 3009; x_wconf 84' lang='lat' dir='ltr'><strong>estAruobius,</strong></span> 
     </span>
     <span class='ocr_line' id='line_1_30' title="bbox 226 3011 1234 3076; baseline 0 -14"><span class='ocrx_word' id='word_1_224' title='bbox 226 3029 324 3062; x_wconf 83' lang='lat' dir='ltr'><strong>causam</strong></span> <span class='ocrx_word' id='word_1_225' title='bbox 336 3011 449 3075; x_wconf 84' lang='lat' dir='ltr'><strong>explieat,</strong></span> <span class='ocrx_word' id='word_1_226' title='bbox 461 3027 505 3060; x_wconf 89' lang='lat' dir='ltr'><strong>cur</strong></span> <span class='ocrx_word' id='word_1_227' title='bbox 515 3011 581 3060; x_wconf 88' lang='lat' dir='ltr'><strong>idem</strong></span> <span class='ocrx_word' id='word_1_228' title='bbox 592 3012 661 3060; x_wconf 90' lang='lat' dir='ltr'><strong>cibus</strong></span> <span class='ocrx_word' id='word_1_229' title='bbox 672 3013 705 3060; x_wconf 88' lang='lat' dir='ltr'><strong>sit</strong></span> <span class='ocrx_word' id='word_1_230' title='bbox 720 3012 764 3060; x_wconf 92' lang='lat' dir='ltr'><strong>uni</strong></span> <span class='ocrx_word' id='word_1_231' title='bbox 795 3013 837 3076; x_wconf 86' lang='lat' dir='ltr'><strong>qui</strong></span> <span class='ocrx_word' id='word_1_232' title='bbox 849 3013 992 3062; x_wconf 86' lang='lat' dir='ltr'><strong>Lucretium</strong></span> <span class='ocrx_word' id='word_1_233' title='bbox 1002 3013 1107 3062; x_wconf 85' lang='lat' dir='ltr'><strong>libenter</strong></span> <span class='ocrx_word' id='word_1_234' title='bbox 1118 3014 1234 3063; x_wconf 85' lang='lat' dir='ltr'><strong>imitatur.</strong></span> 
     </span>
     <span class='ocr_line' id='line_1_31' title="bbox 227 3075 1333 3143; baseline 0.001 -17"><span class='ocrx_word' id='word_1_235' title='bbox 227 3093 277 3126; x_wconf 90' lang='lat' dir='ltr'><strong>non</strong></span> <span class='ocrx_word' id='word_1_236' title='bbox 289 3078 361 3126; x_wconf 91' lang='lat' dir='ltr'><strong>modo</strong></span> <span class='ocrx_word' id='word_1_237' title='bbox 368 3077 499 3138; x_wconf 75' lang='lat' dir='ltr'><strong>iucundus,</strong></span> <span class='ocrx_word' id='word_1_238' title='bbox 511 3075 640 3124; x_wconf 84' lang='lat' dir='ltr'><strong>sedetiam</strong></span> <span class='ocrx_word' id='word_1_239' title='bbox 651 3076 762 3135; x_wconf 85' lang='lat' dir='ltr'><strong>salubris,</strong></span> <span class='ocrx_word' id='word_1_240' title='bbox 829 3079 884 3126; x_wconf 82' lang='lat'><strong>6⁵0.</strong></span> <span class='ocrx_word' id='word_1_241' title='bbox 905 3081 939 3127; x_wconf 80' lang='lat' dir='ltr'><strong>Iit</strong></span> <span class='ocrx_word' id='word_1_242' title='bbox 952 3077 1093 3141; x_wconf 78' lang='lat' dir='ltr'><strong>generatim]</strong></span> <span class='ocrx_word' id='word_1_243' title='bbox 1114 3081 1228 3127; x_wconf 79' lang='lat' dir='ltr'><strong>Verictr&#39;m</strong></span> <span class='ocrx_word' id='word_1_244' title='bbox 1247 3079 1333 3143; x_wconf 80' lang='lat' dir='ltr'><strong>legen·</strong></span> 
     </span>
     <span class='ocr_line' id='line_1_32' title="bbox 227 3140 1335 3206; baseline 0.001 -15"><span class='ocrx_word' id='word_1_245' title='bbox 227 3142 269 3206; x_wconf 92' lang='lat' dir='ltr'><strong>qui</strong></span> <span class='ocrx_word' id='word_1_246' title='bbox 281 3141 323 3190; x_wconf 88' lang='lat' dir='ltr'><strong>alii</strong></span> <span class='ocrx_word' id='word_1_247' title='bbox 335 3141 382 3190; x_wconf 86' lang='lat' dir='ltr'><strong>erit</strong></span> <span class='ocrx_word' id='word_1_248' title='bbox 394 3157 444 3190; x_wconf 89' lang='lat' dir='ltr'><strong>nou</strong></span> <span class='ocrx_word' id='word_1_249' title='bbox 461 3141 533 3190; x_wconf 87' lang='lat' dir='ltr'><strong>modo</strong></span> <span class='ocrx_word' id='word_1_250' title='bbox 548 3140 666 3204; x_wconf 80' lang='lat' dir='ltr'><strong>ingratus,</strong></span> <span class='ocrx_word' id='word_1_251' title='bbox 679 3156 764 3189; x_wconf 89' lang='lat' dir='ltr'><strong>verum</strong></span> <span class='ocrx_word' id='word_1_252' title='bbox 796 3142 855 3190; x_wconf 87' lang='lat' dir='ltr'><strong>dum</strong></span> <span class='ocrx_word' id='word_1_253' title='bbox 866 3158 920 3191; x_wconf 87' lang='lat' dir='ltr'><strong>esse</strong></span> <span class='ocrx_word' id='word_1_254' title='bbox 931 3142 1015 3190; x_wconf 89' lang='lat' dir='ltr'><strong>multis</strong></span> <span class='ocrx_word' id='word_1_255' title='bbox 1026 3143 1152 3191; x_wconf 84' lang='lat' dir='ltr'><strong>contendit</strong></span> <span class='ocrx_word' id='word_1_256' title='bbox 1164 3144 1256 3199; x_wconf 77' lang='lat' dir='ltr'><strong>Faber3</strong></span> <span class='ocrx_word' id='word_1_257' title='bbox 1274 3147 1335 3193; x_wconf 85' lang='lat' dir='ltr'><strong>nam</strong></span> 
     </span>
     <span class='ocr_line' id='line_1_33' title="bbox 227 3205 1335 3270; baseline 0.001 -14"><span class='ocrx_word' id='word_1_258' title='bbox 227 3207 303 3256; x_wconf 88' lang='lat' dir='ltr'><strong>etiam</strong></span> <span class='ocrx_word' id='word_1_259' title='bbox 313 3205 415 3255; x_wconf 86' lang='lat' dir='ltr'><strong>noxius:</strong></span> <span class='ocrx_word' id='word_1_260' title='bbox 434 3221 552 3269; x_wconf 84' lang='lat' dir='ltr'><strong>organum</strong></span> <span class='ocrx_word' id='word_1_261' title='bbox 563 3213 674 3268; x_wconf 82' lang='lat' dir='ltr'><strong>gustatur</strong></span> <span class='ocrx_word' id='word_1_262' title='bbox 685 3205 712 3253; x_wconf 91' lang='lat' dir='ltr'><strong>in</strong></span> <span class='ocrx_word' id='word_1_263' title='bbox 725 3206 764 3254; x_wconf 91' lang='lat' dir='ltr'><strong>sui</strong></span> <span class='ocrx_word' id='word_1_264' title='bbox 796 3211 930 3269; x_wconf 60' lang='lat' dir='ltr'><strong>remeatque</strong></span> <span class='ocrx_word' id='word_1_265' title='bbox 935 3210 1023 3270; x_wconf 81' lang='lat' dir='ltr'><strong>figure,</strong></span> <span class='ocrx_word' id='word_1_266' title='bbox 1036 3223 1057 3255; x_wconf 90' lang='lat' dir='ltr'><strong>v.</strong></span> <span class='ocrx_word' id='word_1_267' title='bbox 1071 3209 1126 3256; x_wconf 81' lang='lat'>6⁵2.</span> <span class='ocrx_word' id='word_1_268' title='bbox 1138 3217 1163 3255; x_wconf 87' lang='lat' dir='ltr'><strong>et</strong></span> <span class='ocrx_word' id='word_1_269' title='bbox 1174 3212 1265 3256; x_wconf 64' lang='lat' dir='ltr'><strong>ramere</strong></span> <span class='ocrx_word' id='word_1_270' title='bbox 1281 3213 1335 3268; x_wconf 77' lang='lat' dir='ltr'><strong>rte,</strong></span> 
     </span>
     <span class='ocr_line' id='line_1_34' title="bbox 227 3269 1334 3333; baseline 0 -12"><span class='ocrx_word' id='word_1_271' title='bbox 227 3281 332 3330; x_wconf 84' lang='lat' dir='ltr'><strong>textura,</strong></span> <span class='ocrx_word' id='word_1_272' title='bbox 352 3271 404 3320; x_wconf 88' lang='lat' dir='ltr'><strong>sive</strong></span> <span class='ocrx_word' id='word_1_273' title='bbox 421 3279 565 3329; x_wconf 87' lang='lat' dir='ltr'><strong>atomorum,</strong></span> <span class='ocrx_word' id='word_1_274' title='bbox 582 3269 763 3333; x_wconf 82' lang='lat' dir='ltr'><strong>spatiorumque</strong></span> <span class='ocrx_word' id='word_1_275' title='bbox 796 3286 818 3319; x_wconf 89' lang='lat' dir='ltr'><strong>v.</strong></span> <span class='ocrx_word' id='word_1_276' title='bbox 831 3272 886 3319; x_wconf 83' lang='lat'><strong>661.</strong></span> <span class='ocrx_word' id='word_1_277' title='bbox 895 3287 980 3319; x_wconf 86' lang='lat' dir='ltr'><strong>vocem</strong></span> <span class='ocrx_word' id='word_1_278' title='bbox 990 3271 1062 3320; x_wconf 84' lang='lat' dir='ltr'><strong>istam</strong></span> <span class='ocrx_word' id='word_1_279' title='bbox 1073 3273 1225 3320; x_wconf 77' lang='lat' dir='ltr'><strong>confirmant</strong></span> <span class='ocrx_word' id='word_1_280' title='bbox 1254 3273 1334 3321; x_wconf 89' lang='lat' dir='ltr'><strong>Deni-</strong></span> 
     </span>
     <span class='ocr_line' id='line_1_35' title="bbox 227 3335 1334 3401; baseline 0.002 -17"><span class='ocrx_word' id='word_1_281' title='bbox 227 3336 293 3385; x_wconf 89' lang='lat' dir='ltr'><strong>iuter</strong></span> <span class='ocrx_word' id='word_1_282' title='bbox 314 3337 380 3401; x_wconf 86' lang='lat' dir='ltr'><strong>ipsas</strong></span> <span class='ocrx_word' id='word_1_283' title='bbox 407 3336 599 3400; x_wconf 83' lang='lat' dir='ltr'><strong>interceptarum</strong></span> <span class='ocrx_word' id='word_1_284' title='bbox 626 3335 762 3398; x_wconf 78' lang='lat' dir='ltr'><strong>configura·</strong></span> <span class='ocrx_word' id='word_1_285' title='bbox 796 3351 843 3398; x_wconf 89' lang='lat' dir='ltr'><strong>que</strong></span> <span class='ocrx_word' id='word_1_286' title='bbox 855 3351 905 3384; x_wconf 89' lang='lat' dir='ltr'><strong>non</strong></span> <span class='ocrx_word' id='word_1_287' title='bbox 916 3335 998 3398; x_wconf 76' lang='lat' dir='ltr'><strong>agitur</strong></span> <span class='ocrx_word' id='word_1_288' title='bbox 1008 3352 1074 3385; x_wconf 89' lang='lat' dir='ltr'><strong>nunc</strong></span> <span class='ocrx_word' id='word_1_289' title='bbox 1085 3336 1116 3386; x_wconf 90' lang='lat' dir='ltr'><strong>de</strong></span> <span class='ocrx_word' id='word_1_290' title='bbox 1132 3336 1276 3385; x_wconf 88' lang='lat' dir='ltr'><strong>differentiis</strong></span> <span class='ocrx_word' id='word_1_291' title='bbox 1294 3353 1334 3386; x_wconf 88' lang='lat' dir='ltr'><strong>se-</strong></span> 
     </span>
     <span class='ocr_line' id='line_1_36' title="bbox 228 3399 1335 3465; baseline 0.003 -17"><span class='ocrx_word' id='word_1_292' title='bbox 228 3400 302 3458; x_wconf 74' lang='lat' dir='ltr'><strong>rioue,</strong></span> <span class='ocrx_word' id='word_1_293' title='bbox 313 3401 340 3448; x_wconf 93' lang='lat' dir='ltr'><strong>in</strong></span> <span class='ocrx_word' id='word_1_294' title='bbox 352 3400 426 3450; x_wconf 83' lang='lat' dir='ltr'><strong>variis</strong></span> <span class='ocrx_word' id='word_1_295' title='bbox 437 3417 481 3449; x_wconf 91' lang='lat' dir='ltr'><strong>seu</strong></span> <span class='ocrx_word' id='word_1_296' title='bbox 493 3399 633 3449; x_wconf 85' lang='lat' dir='ltr'><strong>hominibus</strong></span> <span class='ocrx_word' id='word_1_297' title='bbox 649 3415 694 3448; x_wconf 89' lang='lat' dir='ltr'><strong>seu</strong></span> <span class='ocrx_word' id='word_1_298' title='bbox 709 3399 762 3448; x_wconf 90' lang='lat' dir='ltr'><strong>ani-</strong></span> <span class='ocrx_word' id='word_1_299' title='bbox 796 3400 903 3449; x_wconf 83' lang='lat' dir='ltr'><strong>cundum</strong></span> <span class='ocrx_word' id='word_1_300' title='bbox 926 3401 1115 3463; x_wconf 89' lang='lat' dir='ltr'><strong>unumquodque</strong></span> <span class='ocrx_word' id='word_1_301' title='bbox 1139 3418 1212 3465; x_wconf 80' lang='lat' dir='ltr'><strong>genus</strong></span> <span class='ocrx_word' id='word_1_302' title='bbox 1239 3401 1335 3451; x_wconf 63' lang='lat' dir='ltr'><strong>animass</strong></span> 
     </span>
     <span class='ocr_line' id='line_1_37' title="bbox 227 3460 1335 3530; baseline 0.002 -18"><span class='ocrx_word' id='word_1_303' title='bbox 227 3463 332 3513; x_wconf 85' lang='lat' dir='ltr'><strong>malibus</strong></span> <span class='ocrx_word' id='word_1_304' title='bbox 354 3460 441 3524; x_wconf 83' lang='lat' dir='ltr'><strong>differt,</strong></span> <span class='ocrx_word' id='word_1_305' title='bbox 464 3466 567 3529; x_wconf 85' lang='lat' dir='ltr'><strong>perinde</strong></span> <span class='ocrx_word' id='word_1_306' title='bbox 594 3480 622 3512; x_wconf 89' lang='lat' dir='ltr'><strong>ac</strong></span> <span class='ocrx_word' id='word_1_307' title='bbox 649 3464 765 3513; x_wconf 87' lang='lat' dir='ltr'><strong>differunt</strong></span> <span class='ocrx_word' id='word_1_308' title='bbox 795 3464 864 3525; x_wconf 90' lang='lat' dir='ltr'><strong>lium,</strong></span> <span class='ocrx_word' id='word_1_309' title='bbox 873 3474 992 3527; x_wconf 82' lang='lat' dir='ltr'><strong>quatenu</strong></span> <span class='ocrx_word' id='word_1_310' title='bbox 1003 3466 1048 3514; x_wconf 80' lang='lat' dir='ltr'><strong>viz.</strong></span> <span class='ocrx_word' id='word_1_311' title='bbox 1061 3466 1273 3530; x_wconf 85' lang='lat' dir='ltr'><strong>paciesaspecie</strong></span> <span class='ocrx_word' id='word_1_312' title='bbox 1285 3467 1335 3515; x_wconf 82' lang='lat' dir='ltr'><strong>dif-</strong></span> 
     </span>
     <span class='ocr_line' id='line_1_38' title="bbox 228 3528 1336 3593; baseline 0.005 -18"><span class='ocrx_word' id='word_1_313' title='bbox 228 3536 311 3592; x_wconf 86' lang='lat' dir='ltr'><strong>partes</strong></span> <span class='ocrx_word' id='word_1_314' title='bbox 328 3539 429 3587; x_wconf 81' lang='lat' dir='ltr'><strong>coeterae,</strong></span> <span class='ocrx_word' id='word_1_315' title='bbox 449 3529 623 3593; x_wconf 85' lang='lat' dir='ltr'><strong>speciatimque</strong></span> <span class='ocrx_word' id='word_1_316' title='bbox 641 3529 701 3593; x_wconf 85' lang='lat' dir='ltr'><strong>ipsae</strong></span> <span class='ocrx_word' id='word_1_317' title='bbox 719 3545 762 3577; x_wconf 83' lang='lat' dir='ltr'><strong>ex·</strong></span> <span class='ocrx_word' id='word_1_318' title='bbox 796 3528 856 3584; x_wconf 75' lang='lat' dir='ltr'><strong>fert:</strong></span> <span class='ocrx_word' id='word_1_319' title='bbox 874 3534 931 3577; x_wconf 84' lang='lat' dir='ltr'><strong>uani</strong></span> <span class='ocrx_word' id='word_1_320' title='bbox 943 3530 970 3578; x_wconf 89' lang='lat' dir='ltr'><strong>in</strong></span> <span class='ocrx_word' id='word_1_321' title='bbox 981 3529 1062 3592; x_wconf 89' lang='lat' dir='ltr'><strong>specie</strong></span> <span class='ocrx_word' id='word_1_322' title='bbox 1077 3531 1185 3581; x_wconf 82' lang='lat' dir='ltr'><strong>humane</strong></span> <span class='ocrx_word' id='word_1_323' title='bbox 1201 3540 1260 3592; x_wconf 89' lang='lat' dir='ltr'><strong>quot</strong></span> <span class='ocrx_word' id='word_1_324' title='bbox 1275 3541 1336 3580; x_wconf 87' lang='lat' dir='ltr'><strong>sunt</strong></span> 
     </span>
     <span class='ocr_line' id='line_1_39' title="bbox 228 3592 1336 3656; baseline 0.005 -17"><span class='ocrx_word' id='word_1_325' title='bbox 228 3600 318 3640; x_wconf 80' lang='lat' dir='ltr'><strong>ternae:</strong></span> <span class='ocrx_word' id='word_1_326' title='bbox 343 3593 482 3642; x_wconf 87' lang='lat' dir='ltr'><strong>differentes</strong></span> <span class='ocrx_word' id='word_1_327' title='bbox 500 3603 582 3643; x_wconf 90' lang='lat' dir='ltr'><strong>autem</strong></span> <span class='ocrx_word' id='word_1_328' title='bbox 603 3603 696 3642; x_wconf 82' lang='lat' dir='ltr'><strong>mestus</strong></span> <span class='ocrx_word' id='word_1_329' title='bbox 716 3592 763 3640; x_wconf 85' lang='lat' dir='ltr'><strong>dil·</strong></span> <span class='ocrx_word' id='word_1_330' title='bbox 796 3593 930 3656; x_wconf 76' lang='lat' dir='ltr'><strong>singularia</strong></span> <span class='ocrx_word' id='word_1_331' title='bbox 944 3609 989 3641; x_wconf 89' lang='lat' dir='ltr'><strong>seu</strong></span> <span class='ocrx_word' id='word_1_332' title='bbox 1004 3593 1138 3652; x_wconf 80' lang='lat' dir='ltr'><strong>individua,</strong></span> <span class='ocrx_word' id='word_1_333' title='bbox 1150 3603 1187 3643; x_wconf 87' lang='lat' dir='ltr'><strong>tot</strong></span> <span class='ocrx_word' id='word_1_334' title='bbox 1203 3605 1260 3644; x_wconf 89' lang='lat' dir='ltr'><strong>sunt</strong></span> <span class='ocrx_word' id='word_1_335' title='bbox 1272 3596 1336 3645; x_wconf 87' lang='lat' dir='ltr'><strong>varii</strong></span> 
     </span>
     <span class='ocr_line' id='line_1_40' title="bbox 229 3655 1335 3722; baseline 0.004 -18"><span class='ocrx_word' id='word_1_336' title='bbox 229 3655 333 3704; x_wconf 79' lang='lat' dir='ltr'><strong>ferentia</strong></span> <span class='ocrx_word' id='word_1_337' title='bbox 343 3657 409 3705; x_wconf 88' lang='lat' dir='ltr'><strong>succi</strong></span> <span class='ocrx_word' id='word_1_338' title='bbox 420 3658 564 3721; x_wconf 81' lang='lat' dir='ltr'><strong>corpuscula</strong></span> <span class='ocrx_word' id='word_1_339' title='bbox 577 3657 614 3720; x_wconf 89' lang='lat' dir='ltr'><strong>(et</strong></span> <span class='ocrx_word' id='word_1_340' title='bbox 625 3658 704 3706; x_wconf 85' lang='lat' dir='ltr'><strong>omnis</strong></span> <span class='ocrx_word' id='word_1_341' title='bbox 716 3672 764 3715; x_wconf 87' lang='lat' dir='ltr'><strong>res,</strong></span> <span class='ocrx_word' id='word_1_342' title='bbox 796 3666 915 3720; x_wconf 79' lang='lat' dir='ltr'><strong>gustatus,</strong></span> <span class='ocrx_word' id='word_1_343' title='bbox 935 3658 1009 3721; x_wconf 80' lang='lat' dir='ltr'><strong>Ergo,</strong></span> <span class='ocrx_word' id='word_1_344' title='bbox 1028 3666 1074 3707; x_wconf 83' lang='lat' dir='ltr'><strong>etc.</strong></span> <span class='ocrx_word' id='word_1_345' title='bbox 1109 3660 1143 3706; x_wconf 89' lang='lat' dir='ltr'><strong>Et</strong></span> <span class='ocrx_word' id='word_1_346' title='bbox 1159 3659 1269 3722; x_wconf 86' lang='lat' dir='ltr'><strong>prolecto</strong></span> <span class='ocrx_word' id='word_1_347' title='bbox 1287 3660 1335 3708; x_wconf 83' lang='lat' dir='ltr'><strong>ali·</strong></span> 
     </span>
     <span class='ocr_line' id='line_1_41' title="bbox 229 3721 1336 3785; baseline 0.006 -18"><span class='ocrx_word' id='word_1_348' title='bbox 229 3734 244 3768; x_wconf 89' lang='lat' dir='ltr'><strong>e</strong></span> <span class='ocrx_word' id='word_1_349' title='bbox 260 3735 308 3783; x_wconf 82' lang='lat' dir='ltr'><strong>qua</strong></span> <span class='ocrx_word' id='word_1_350' title='bbox 326 3736 412 3768; x_wconf 84' lang='lat' dir='ltr'><strong>succus</strong></span> <span class='ocrx_word' id='word_1_351' title='bbox 429 3722 582 3785; x_wconf 76' lang='lat' dir='ltr'><strong>exprimitur,</strong></span> <span class='ocrx_word' id='word_1_352' title='bbox 598 3721 708 3770; x_wconf 88' lang='lat' dir='ltr'><strong>continet</strong></span> <span class='ocrx_word' id='word_1_353' title='bbox 725 3736 763 3769; x_wconf 91' lang='lat' dir='ltr'><strong>se·</strong></span> <span class='ocrx_word' id='word_1_354' title='bbox 797 3721 856 3784; x_wconf 91' lang='lat' dir='ltr'><strong>quid</strong></span> <span class='ocrx_word' id='word_1_355' title='bbox 867 3721 971 3770; x_wconf 86' lang='lat' dir='ltr'><strong>dixisset</strong></span> <span class='ocrx_word' id='word_1_356' title='bbox 984 3722 1070 3780; x_wconf 85' lang='lat' dir='ltr'><strong>Faber,</strong></span> <span class='ocrx_word' id='word_1_357' title='bbox 1082 3723 1130 3771; x_wconf 79' lang='lat' dir='ltr'><strong>nisi</strong></span> <span class='ocrx_word' id='word_1_358' title='bbox 1147 3725 1218 3785; x_wconf 66' lang='lat' dir='ltr'><strong>poeta</strong></span> <span class='ocrx_word' id='word_1_359' title='bbox 1233 3723 1336 3774; x_wconf 87' lang='lat' dir='ltr'><strong>institu-</strong></span> 
     </span>
     <span class='ocr_line' id='line_1_42' title="bbox 229 3783 1336 3848; baseline 0.004 -14"><span class='ocrx_word' id='word_1_360' title='bbox 229 3783 298 3834; x_wconf 84' lang='lat' dir='ltr'><strong>mins</strong></span> <span class='ocrx_word' id='word_1_361' title='bbox 315 3784 477 3833; x_wconf 88' lang='lat' dir='ltr'><strong>diversimode</strong></span> <span class='ocrx_word' id='word_1_362' title='bbox 497 3784 612 3848; x_wconf 80' lang='lat' dir='ltr'><strong>figurata)</strong></span> <span class='ocrx_word' id='word_1_363' title='bbox 635 3785 767 3834; x_wconf 84' lang='lat' dir='ltr'><strong>admittant</strong></span> <span class='ocrx_word' id='word_1_364' title='bbox 796 3786 857 3834; x_wconf 89' lang='lat' dir='ltr'><strong>isset</strong></span> <span class='ocrx_word' id='word_1_365' title='bbox 875 3785 943 3833; x_wconf 90' lang='lat' dir='ltr'><strong>hisce</strong></span> <span class='ocrx_word' id='word_1_366' title='bbox 961 3784 1072 3834; x_wconf 83' lang='lat' dir='ltr'><strong>versibus</strong></span> <span class='ocrx_word' id='word_1_367' title='bbox 1094 3787 1188 3843; x_wconf 87' lang='lat' dir='ltr'><strong>docere,</strong></span> <span class='ocrx_word' id='word_1_368' title='bbox 1207 3801 1280 3847; x_wconf 87' lang='lat' dir='ltr'><strong>quam</strong></span> <span class='ocrx_word' id='word_1_369' title='bbox 1304 3792 1336 3840; x_wconf 91' lang='lat' dir='ltr'><strong>ob</strong></span> 
     </span>
     <span class='ocr_line' id='line_1_43' title="bbox 229 3848 1336 3915; baseline 0.005 -17"><span class='ocrx_word' id='word_1_370' title='bbox 229 3863 329 3898; x_wconf 86' lang='lat' dir='ltr'><strong>necesse</strong></span> <span class='ocrx_word' id='word_1_371' title='bbox 348 3858 391 3906; x_wconf 88' lang='lat' dir='ltr'><strong>est,</strong></span> <span class='ocrx_word' id='word_1_372' title='bbox 411 3864 456 3896; x_wconf 87' lang='lat' dir='ltr'><strong>nec</strong></span> <span class='ocrx_word' id='word_1_373' title='bbox 473 3849 555 3897; x_wconf 89' lang='lat' dir='ltr'><strong>omnis</strong></span> <span class='ocrx_word' id='word_1_374' title='bbox 574 3849 686 3898; x_wconf 89' lang='lat' dir='ltr'><strong>omuibus</strong></span> <span class='ocrx_word' id='word_1_375' title='bbox 706 3865 764 3897; x_wconf 92' lang='lat' dir='ltr'><strong>con·</strong></span> <span class='ocrx_word' id='word_1_376' title='bbox 797 3864 895 3898; x_wconf 79' lang='lat' dir='ltr'><strong>causam</strong></span> <span class='ocrx_word' id='word_1_377' title='bbox 906 3865 956 3898; x_wconf 87' lang='lat' dir='ltr'><strong>una</strong></span> <span class='ocrx_word' id='word_1_378' title='bbox 967 3850 1100 3912; x_wconf 76' lang='lat' dir='ltr'><strong>eademque</strong></span> <span class='ocrx_word' id='word_1_379' title='bbox 1111 3865 1151 3899; x_wconf 84' lang='lat' dir='ltr'><strong>res</strong></span> <span class='ocrx_word' id='word_1_380' title='bbox 1161 3848 1232 3898; x_wconf 88' lang='lat' dir='ltr'><strong>alteri</strong></span> <span class='ocrx_word' id='word_1_381' title='bbox 1248 3855 1336 3915; x_wconf 82' lang='lat' dir='ltr'><strong>generi</strong></span> 
     </span>
     <span class='ocr_line' id='line_1_44' title="bbox 230 3912 1335 3976; baseline 0.005 -13"><span class='ocrx_word' id='word_1_382' title='bbox 230 3913 345 3963; x_wconf 86' lang='lat' dir='ltr'><strong>veniunt:</strong></span> <span class='ocrx_word' id='word_1_383' title='bbox 363 3912 421 3960; x_wconf 92' lang='lat' dir='ltr'><strong>inde</strong></span> <span class='ocrx_word' id='word_1_384' title='bbox 436 3914 501 3975; x_wconf 90' lang='lat' dir='ltr'><strong>quod</strong></span> <span class='ocrx_word' id='word_1_385' title='bbox 517 3913 588 3961; x_wconf 89' lang='lat' dir='ltr'><strong>alteri</strong></span> <span class='ocrx_word' id='word_1_386' title='bbox 604 3913 704 3961; x_wconf 85' lang='lat' dir='ltr'><strong>animali</strong></span> <span class='ocrx_word' id='word_1_387' title='bbox 719 3913 763 3961; x_wconf 91' lang='lat' dir='ltr'><strong>ali·</strong></span> <span class='ocrx_word' id='word_1_388' title='bbox 798 3913 939 3962; x_wconf 85' lang='lat' dir='ltr'><strong>animalium</strong></span> <span class='ocrx_word' id='word_1_389' title='bbox 955 3913 1066 3972; x_wconf 87' lang='lat' dir='ltr'><strong>salubris,</strong></span> <span class='ocrx_word' id='word_1_390' title='bbox 1080 3914 1151 3962; x_wconf 84' lang='lat' dir='ltr'><strong>alteri</strong></span> <span class='ocrx_word' id='word_1_391' title='bbox 1167 3914 1229 3963; x_wconf 80' lang='lat' dir='ltr'><strong>soret</strong></span> <span class='ocrx_word' id='word_1_392' title='bbox 1245 3919 1335 3976; x_wconf 66' lang='lat' dir='ltr'><strong>noxias</strong></span> 
     </span>
     <span class='ocr_line' id='line_1_45' title="bbox 231 3977 1158 4042; baseline 0 -15"><span class='ocrx_word' id='word_1_393' title='bbox 231 3986 348 4035; x_wconf 87' lang='lat' dir='ltr'><strong>mentum,</strong></span> <span class='ocrx_word' id='word_1_394' title='bbox 372 3977 442 4024; x_wconf 85' lang='lat' dir='ltr'><strong>altori</strong></span> <span class='ocrx_word' id='word_1_395' title='bbox 461 3991 597 4032; x_wconf 79' lang='lat' dir='ltr'><strong>veneuum3</strong></span> <span class='ocrx_word' id='word_1_396' title='bbox 621 3978 685 4039; x_wconf 89' lang='lat' dir='ltr'><strong>quod</strong></span> <span class='ocrx_word' id='word_1_397' title='bbox 708 3977 766 4025; x_wconf 88' lang='lat' dir='ltr'><strong>huic</strong></span> <span class='ocrx_word' id='word_1_398' title='bbox 797 3982 923 4042; x_wconf 74' lang='lat' dir='ltr'><strong>generatim</strong></span> <span class='ocrx_word' id='word_1_399' title='bbox 934 3978 1010 4042; x_wconf 79' lang='lat' dir='ltr'><strong>igitur</strong></span> <span class='ocrx_word' id='word_1_400' title='bbox 1020 3979 1158 4042; x_wconf 80' lang='lat' dir='ltr'><strong>legendum.</strong></span> 
     </span>
     <span class='ocr_line' id='line_1_46' title="bbox 230 4041 1335 4109; baseline 0.005 -19"><span class='ocrx_word' id='word_1_401' title='bbox 230 4051 334 4109; x_wconf 76' lang='lat' dir='ltr'><strong>gratum,</strong></span> <span class='ocrx_word' id='word_1_402' title='bbox 348 4041 384 4090; x_wconf 91' lang='lat' dir='ltr'><strong>illi</strong></span> <span class='ocrx_word' id='word_1_403' title='bbox 401 4041 509 4089; x_wconf 87' lang='lat' dir='ltr'><strong>insuave.</strong></span> <span class='ocrx_word' id='word_1_404' title='bbox 540 4041 593 4089; x_wconf 91' lang='lat' dir='ltr'><strong>lmo</strong></span> <span class='ocrx_word' id='word_1_405' title='bbox 610 4041 764 4103; x_wconf 88' lang='lat' dir='ltr'><strong>quotiescun·</strong></span> <span class='ocrx_word' id='word_1_406' title='bbox 831 4043 886 4090; x_wconf 83' lang='lat'><strong>651.</strong></span> <span class='ocrx_word' id='word_1_407' title='bbox 900 4042 1103 4105; x_wconf 78' lang='lat' dir='ltr'><strong>Circum-cesare]</strong></span> <span class='ocrx_word' id='word_1_408' title='bbox 1114 4042 1172 4100; x_wconf 85' lang='lat' dir='ltr'><strong>Alii,</strong></span> <span class='ocrx_word' id='word_1_409' title='bbox 1185 4047 1335 4096; x_wconf 78' lang='lat' dir='ltr'><strong>circum-tes·</strong></span> 
     </span>
     <span class='ocr_line' id='line_1_47' title="bbox 230 4104 1335 4172; baseline 0.004 -15"><span class='ocrx_word' id='word_1_410' title='bbox 230 4123 278 4172; x_wconf 87' lang='lat' dir='ltr'><strong>que</strong></span> <span class='ocrx_word' id='word_1_411' title='bbox 287 4106 326 4156; x_wconf 86' lang='lat' dir='ltr'><strong>vel</strong></span> <span class='ocrx_word' id='word_1_412' title='bbox 334 4121 379 4171; x_wconf 86' lang='lat' dir='ltr'><strong>per</strong></span> <span class='ocrx_word' id='word_1_413' title='bbox 387 4114 484 4154; x_wconf 75' lang='lat' dir='ltr'><strong>aetatem</strong></span> <span class='ocrx_word' id='word_1_414' title='bbox 492 4104 530 4152; x_wconf 87' lang='lat' dir='ltr'><strong>vel</strong></span> <span class='ocrx_word' id='word_1_415' title='bbox 541 4104 668 4153; x_wconf 82' lang='lat' dir='ltr'><strong>occasione</strong></span> <span class='ocrx_word' id='word_1_416' title='bbox 680 4106 765 4165; x_wconf 81' lang='lat' dir='ltr'><strong>morbi,</strong></span> <span class='ocrx_word' id='word_1_417' title='bbox 799 4115 865 4161; x_wconf 68' lang='lat' dir='ltr'><strong>turer</strong></span> <span class='ocrx_word' id='word_1_418' title='bbox 876 4107 1113 4156; x_wconf 66' lang='lat' dir='ltr'><strong>seder&#39;reumeoerure</strong></span> <span class='ocrx_word' id='word_1_419' title='bbox 1118 4108 1195 4156; x_wconf 88' lang='lat' dir='ltr'><strong>utitur</strong></span> <span class='ocrx_word' id='word_1_420' title='bbox 1203 4109 1335 4171; x_wconf 80' lang='lat' dir='ltr'><strong>Arnobius‚</strong></span> 
     </span>
     <span class='ocr_line' id='line_1_48' title="bbox 232 4169 1333 4236; baseline 0.002 -15"><span class='ocrx_word' id='word_1_421' title='bbox 232 4171 317 4235; x_wconf 81' lang='lat' dir='ltr'><strong>organi</strong></span> <span class='ocrx_word' id='word_1_422' title='bbox 332 4171 462 4236; x_wconf 87' lang='lat' dir='ltr'><strong>temperies</strong></span> <span class='ocrx_word' id='word_1_423' title='bbox 478 4178 636 4219; x_wconf 82' lang='lat' dir='ltr'><strong>seutexture</strong></span> <span class='ocrx_word' id='word_1_424' title='bbox 651 4169 765 4219; x_wconf 80' lang='lat' dir='ltr'><strong>immuta-</strong></span> <span class='ocrx_word' id='word_1_425' title='bbox 799 4181 824 4219; x_wconf 90' lang='lat' dir='ltr'><strong>et</strong></span> <span class='ocrx_word' id='word_1_426' title='bbox 836 4171 965 4220; x_wconf 89' lang='lat' dir='ltr'><strong>Lucretius</strong></span> <span class='ocrx_word' id='word_1_427' title='bbox 975 4171 1036 4236; x_wconf 88' lang='lat' dir='ltr'><strong>ipse,</strong></span> <span class='ocrx_word' id='word_1_428' title='bbox 1048 4172 1089 4221; x_wconf 91' lang='lat' dir='ltr'><strong>lib.</strong></span> <span class='ocrx_word' id='word_1_429' title='bbox 1103 4173 1154 4221; x_wconf 88' lang='lat'><em>111.</em></span> <span class='ocrx_word' id='word_1_430' title='bbox 1165 4190 1187 4221; x_wconf 90' lang='lat' dir='ltr'><strong>v.</strong></span> <span class='ocrx_word' id='word_1_431' title='bbox 1198 4176 1252 4224; x_wconf 82' lang='lat'><strong>220.</strong></span> <span class='ocrx_word' id='word_1_432' title='bbox 1282 4178 1333 4224; x_wconf 77' lang='lat' dir='ltr'><strong>lie-</strong></span> 
     </span>
    </p>
   </div>
   <div class='ocr_carea' id='block_1_4' title="bbox 232 4234 1335 4364">
    <p class='ocr_par' dir='ltr' id='par_1_16' title="bbox 232 4234 1335 4364">
     <span class='ocr_line' id='line_1_49' title="bbox 232 4234 1335 4300; baseline 0.003 -14"><span class='ocrx_word' id='word_1_433' title='bbox 232 4246 280 4294; x_wconf 87' lang='lat' dir='ltr'><strong>tur,</strong></span> <span class='ocrx_word' id='word_1_434' title='bbox 292 4237 377 4286; x_wconf 88' lang='lat' dir='ltr'><strong>eadem</strong></span> <span class='ocrx_word' id='word_1_435' title='bbox 388 4251 427 4284; x_wconf 90' lang='lat' dir='ltr'><strong>res</strong></span> <span class='ocrx_word' id='word_1_436' title='bbox 443 4242 546 4300; x_wconf 86' lang='lat' dir='ltr'><strong>apparet</strong></span> <span class='ocrx_word' id='word_1_437' title='bbox 561 4234 649 4283; x_wconf 87' lang='lat' dir='ltr'><strong>mutati</strong></span> <span class='ocrx_word' id='word_1_438' title='bbox 664 4235 766 4298; x_wconf 85' lang='lat' dir='ltr'><strong>saporis,</strong></span> <span class='ocrx_word' id='word_1_439' title='bbox 799 4239 856 4285; x_wconf 80' lang='lat' dir='ltr'><strong>tima</strong></span> <span class='ocrx_word' id='word_1_440' title='bbox 875 4239 1022 4286; x_wconf 67' lang='lat' dir='ltr'><strong>membranam</strong></span> <span class='ocrx_word' id='word_1_441' title='bbox 1042 4237 1239 4289; x_wconf 78' lang='lat' dir='ltr'><strong>circum-caesura</strong></span> <span class='ocrx_word' id='word_1_442' title='bbox 1259 4248 1335 4290; x_wconf 78' lang='lat' dir='ltr'><strong>tamer</strong></span> 
     </span>
     <span class='ocr_line' id='line_1_50' title="bbox 233 4298 1327 4364; baseline -0.004 -14"><span class='ocrx_word' id='word_1_443' title='bbox 233 4301 259 4350; x_wconf 92' lang='lat' dir='ltr'><strong>in</strong></span> <span class='ocrx_word' id='word_1_444' title='bbox 278 4317 325 4364; x_wconf 90' lang='lat' dir='ltr'><strong>qua</strong></span> <span class='ocrx_word' id='word_1_445' title='bbox 341 4310 461 4350; x_wconf 87' lang='lat' dir='ltr'><strong>mutatum</strong></span> <span class='ocrx_word' id='word_1_446' title='bbox 479 4309 560 4348; x_wconf 86' lang='lat' dir='ltr'><strong>tamen</strong></span> <span class='ocrx_word' id='word_1_447' title='bbox 578 4298 640 4346; x_wconf 90' lang='lat' dir='ltr'><strong>nihil</strong></span> <span class='ocrx_word' id='word_1_448' title='bbox 657 4309 708 4355; x_wconf 73' lang='grc' dir='ltr'><strong><em>ειις</em></strong></span> <span class='ocrx_word' id='word_1_449' title='bbox 731 4300 766 4348; x_wconf 83' lang='lat' dir='ltr'><strong>ita</strong></span> <span class='ocrx_word' id='word_1_450' title='bbox 797 4316 828 4348; x_wconf 80' lang='grc' dir='ltr'><strong>ιι.</strong></span> <span class='ocrx_word' id='word_1_451' title='bbox 1324 4315 1327 4320; x_wconf 92' lang='grc'><em>·</em></span> 
     </span>
    </p>
   </div>
   <div class='ocr_carea' id='block_1_5' title="bbox 0 0 1455 4852">
    <p class='ocr_par' dir='ltr' id='par_1_17' title="bbox 0 0 1455 4852">
     <span class='ocr_line' id='line_1_51' title="bbox 0 0 1455 4852; baseline 0 0"><span class='ocrx_word' id='word_1_452' title='bbox 0 0 1455 4852; x_wconf 95' lang='lat' dir='ltr'><strong> </strong></span> 
     </span>
    </p>
   </div>
  </div>
 </body>
</html>
