2872 4852
367 632 499 716 ΤΙΤΙ
535 629 843 716 LUCRETII
879 627 1033 711 CARI

672 855 729 911 DE

223 1044 621 1155 RERUM
698 1039 1181 1148 NATURA

428 1322 636 1397 LIBER
673 1322 979 1397 TERTIUS.

553 1749 854 1801 ARGUMENTUM.

152 1853 285 1911 Hactenus,
294 1852 388 1902 duohus
397 1869 486 1918 nempe
494 1854 661 1918 superioribus
669 1854 747 1914 libris,
757 1855 877 1904 Naturam
889 1862 914 1903 et
922 1854 1073 1904 Affectiones
1084 1871 1144 1919 quas
1155 1857 1260 1907 dicimus

181 1935 334 1992 Atomorum,
344 1934 392 1984 rite
403 1935 538 1999 explicasse
550 1935 597 1985 sibi
606 1936 674 1985 visus
686 1945 724 1985 est
735 1937 824 1985 Poeta:
842 1952 907 1985 nunc
920 1946 1023 1999 quatuor
1032 1936 1132 2000 reliquis
1142 1937 1212 1986 libris
1223 1953 1260 1995 ea,

181 2031 235 2078 quae
246 2031 279 2063 ex
289 2016 386 2065 Atomis
397 2016 451 2065 istis
463 2017 533 2076 fiunt,
546 2017 665 2066 attentius
676 2017 823 2081 speculatur.
852 2018 935 2080 Atque
946 2017 983 2066 uti
994 2033 1040 2082 par
1050 2017 1104 2076 fuit,
1113 2018 1206 2082 primas
1217 2017 1260 2066 de-

181 2095 239 2144 tulit
248 2107 332 2160 partes
344 2098 442 2146 Animoe
458 2106 483 2146 et
495 2098 593 2156 Animo,
606 2099 637 2147 de
653 2099 742 2162 quibus
757 2099 804 2147 hoc
821 2108 873 2146 toto
889 2098 952 2146 libro
965 2102 1017 2161 jam
1034 2098 1150 2163 disputat.
1186 2100 1263 2148 Hunc

184 2187 267 2225 autem
279 2177 418 2241 auspicatur
429 2178 519 2227 librum
531 2181 561 2227 ab
575 2179 678 2242 Epicuri
693 2179 815 2236 laudibus,
827 2193 899 2240 quem
916 2193 931 2224 a
942 2194 964 2226 v.
980 2179 1000 2225 1.
1014 2178 1045 2225 ad
1056 2194 1079 2226 v.
1092 2179 1131 2226 94.
1144 2179 1262 2242 praedicat

182 2258 289 2323 primum
303 2259 415 2308 docuisse
430 2276 480 2308 non
498 2276 513 2308 a
531 2262 593 2318 Deo,
605 2260 649 2309 sed
667 2275 699 2308 ex
715 2259 817 2307 fortuito
835 2259 981 2306 Atomorum
999 2273 1120 2306 concursu
1138 2258 1262 2308 Mundum

183 2340 248 2388 hunc
260 2349 286 2388 et
296 2340 378 2388 omnia
388 2339 464 2390 fuisse
480 2340 557 2396 facta;
577 2350 650 2404 atque
666 2341 724 2392 inde
740 2339 868 2389 hominum
884 2347 979 2386 mentes
996 2339 1114 2397 Deorum,
1127 2340 1224 2397 Mortis,
1237 2350 1262 2389 et

184 2421 314 2469 Poenarum
332 2430 388 2485 post
403 2429 507 2469 mortem
523 2431 591 2470 metu
608 2421 741 2469 liberasse:
764 2420 811 2468 hoc
828 2429 910 2470 autem
927 2435 991 2468 unus
1008 2419 1131 2484 Epicurus
1151 2420 1265 2469 foeliciter

183 2501 292 2565 perfecit,
303 2502 367 2565 quod
378 2501 420 2550 alii
432 2501 576 2566 Philosophi
587 2501 677 2550 frustra
688 2501 769 2550 conati
780 2509 845 2550 sunt
879 2501 961 2549 Pauca
973 2501 1024 2548 haec
1036 2500 1068 2549 de
1080 2501 1188 2566 Epicuro
1199 2518 1264 2565 prae-

182 2582 254 2641 fatus,
264 2582 335 2632 docet
346 2599 361 2631 a
372 2599 394 2632 v.
408 2584 446 2632 94.
459 2583 523 2634 adv.
538 2582 591 2634 137.
611 2582 729 2632 Animum
741 2592 766 2631 et
777 2581 894 2631 Animam
905 2591 1000 2646 partem
1012 2597 1066 2632 esse
1077 2583 1183 2633 hominis
1195 2599 1266 2648 reque

184 2680 212 2711 ac
228 2662 311 2727 pedes,
323 2680 418 2723 manus,
430 2664 536 2724 brachia,
551 2673 632 2729 caput,
650 2674 675 2713 et
690 2664 785 2728 reliqua
801 2665 917 2720 membra,
934 2673 960 2712 et
976 2679 1026 2712 non
1042 2663 1152 2713 habitum
1164 2664 1265 2715 vitalem

146 2807 148 2810 ι
183 2743 258 2792 totius
277 2744 393 2809 corporis,
412 2761 456 2793 seu
479 2745 588 2794 omnium
610 2745 717 2809 partium
740 2744 850 2809 corporis
871 2743 1041 2803 intentionem,
1062 2754 1087 2803 et
1109 2755 1264 2806 concentum,

184 2842 256 2889 qnam
273 2824 372 2889 quidam
390 2835 484 2875 veteres
501 2826 644 2891 Philosophi
662 2829 814 2897 Hammonium
829 2825 952 2874 dixerunt.
981 2826 1020 2874 Ne
1038 2842 1096 2875 vero
1113 2828 1194 2877 minus
1211 2828 1262 2877 dis-

185 2906 261 2956 tincas
277 2907 403 2972 ‹lisputare
415 2907 534 2967 videatur,
551 2909 610 2958 dum
622 2907 723 2956 vocibus
738 2910 837 2956 Animas
853 2915 879 2954 et
893 2910 981 2956 Anima
995 2907 1134 2971 promiscue
1150 2909 1235 2968 utitur,
1247 2925 1263 2958 a

185 3003 207 3035 v.
223 2989 275 3036 ias.
292 2989 323 3036 ad
334 3004 357 3037 v.
372 2989 425 3036 161.
441 2989 512 3037 docet
522 2992 630 3037 Animum
647 2997 672 3036 et
682 2991 790 3036 Animam
808 3003 881 3035 unam
898 2987 996 3050 quidem
1012 3003 1064 3036 rem
1082 2992 1264 3047 essedariorum

185 3083 244 3117 vero
254 3068 403 3135 praecipuam
415 3084 468 3118 esse
480 3078 582 3134 partem,
595 3068 658 3117 etin
671 3067 750 3118 Corde
762 3067 877 3127 residere,
889 3067 981 3132 quippe
992 3067 1027 3115 ibi
1038 3076 1127 3126 metus,
1138 3069 1263 3132 gaudium,

186 3158 211 3203 et
221 3149 321 3212 reliques
334 3150 461 3214 passiones
478 3166 532 3214 quae
542 3150 662 3199 Animum
679 3158 821 3212 sequuntur,
834 3165 888 3199 sese
904 3157 1043 3204 ostentant;
1062 3149 1121 3196 dum
1132 3152 1224 3206 Animo,
1237 3149 1265 3197 in

186 3246 234 3294 qua
249 3230 407 3279 loco-motiva
424 3230 526 3279 facultas
543 3231 616 3278 unice
634 3229 682 3278 sita
699 3238 744 3287 est,
755 3244 801 3292 per
819 3237 897 3278 totum
916 3243 1005 3291 corpus
1022 3227 1109 3275 dissita
1126 3228 1158 3275 ad
1177 3237 1264 3277 nutum

186 3315 265 3360 Animi
276 3323 394 3359 movetur.
425 3310 487 3359 Inde
498 3326 512 3358 a
522 3327 544 3359 v.
556 3311 609 3358 162.
620 3311 683 3358 adv.
695 3309 748 3360 177.
759 3309 926 3357 demonstrare
937 3316 1040 3355 conatur
1049 3311 1130 3357 Animi
1141 3317 1167 3357 et
1175 3312 1266 3358 Animae

186 3401 298 3440 naturam
310 3406 363 3440 esse
375 3392 536 3454 Corporeum,
555 3390 662 3438 Animus
673 3388 739 3437 enim
757 3388 835 3452 tangit
847 3387 970 3444 Animam,
983 3403 1056 3450 quam
1072 3398 1162 3448 movet,
1173 3389 1266 3440 Anima

186 3483 268 3529 eutem
286 3475 395 3537 Corpus;
415 3471 497 3521 nullus
513 3487 578 3530 vero,
596 3469 726 3520 nisiinter
743 3470 859 3533 Corpora,
877 3476 1010 3517 contactus.
1040 3470 1102 3520 Av.
1123 3470 1176 3522 178.
1194 3472 1225 3522 ad
1241 3489 1264 3522 v.

188 3558 242 3604 323.
254 3556 326 3603 docet
337 3555 488 3618 Corporeum
499 3553 565 3600 hunc
577 3551 696 3601 Animum
709 3549 823 3614 componi
840 3565 853 3598 e
870 3549 1005 3598 seminibus
1021 3550 1192 3602 minutissimis
1209 3555 1263 3616 qui-

181 3632 251 3696 dem,
263 3634 414 3686 tenuissimis
427 3643 452 3683 et
468 3633 575 3682 maxime
591 3632 718 3688 rotundis;
737 3631 800 3681 etsi
816 3647 869 3680 rem
886 3631 963 3696 ipsam
981 3641 1127 3696 spectemus,
1140 3649 1154 3680 e
1170 3633 1267 3693 Calore,

188 3717 277 3775 Vento,
289 3733 333 3765 seu
345 3716 450 3781 Vapore,
463 3724 488 3765 et
498 3716 571 3773 Aere,
584 3723 610 3762 et
620 3712 668 3762 alia
679 3712 783 3778 iusuper
791 3728 827 3772 re,
840 3729 894 3775 quae
910 3728 942 3761 ex
958 3713 1117 3774 tenuissimis,
1129 3715 1265 3764 minutissi-

188 3797 242 3856 mis,
254 3807 279 3846 et
290 3795 396 3846 maxime
407 3795 538 3845 mobilibus
549 3793 683 3844 seminibus
693 3802 815 3852 constans,
828 3802 866 3842 est
877 3810 955 3842 sensus
967 3793 1120 3859 Principirun
1134 3805 1160 3844 et
1175 3796 1265 3859 Origo:

188 3895 236 3942 quo
247 3894 306 3927 vero
317 3877 388 3926 modo
405 3877 485 3934 Calor,
497 3877 601 3933 Ventus,
614 3876 672 3935 A'e'r,
684 3884 709 3924 et
726 3885 811 3938 quarta
828 3875 870 3923 illa
886 3891 926 3924 res
943 3875 1095 3923 innominata
1110 3875 1267 3934 misceantur,

189 3958 312 4023 explicare
328 3974 355 4007 se
371 3974 421 4006 nou
437 3973 510 4021 posse
525 3956 618 4020 liquido
635 3957 731 4006 fatetur.
761 3957 818 4005 Au.
833 3959 887 4005 324.
900 3957 931 4005 ad
942 3973 965 4004 v.
980 3959 1034 4005 350.
1052 3957 1139 4005 asserit
1151 3957 1268 4005 Animam

189 4048 215 4088 et
226 4040 322 4104 Corpus.
331 4039 367 4088 ita
375 4040 506 4101 conjuncta
516 4053 577 4096 esse,
590 4047 618 4085 ut
629 4035 683 4086 sine
694 4036 821 4101 utriusque
833 4037 943 4103 pernicie
959 4036 1068 4102 separari
1084 4052 1133 4084 non
1149 4043 1266 4098 possunt:

191 4120 279 4169 deinde
291 4135 339 4170 av.
352 4121 407 4168 ³⁵1.
419 4119 451 4169 ad
462 4134 484 4168 v.
498 4118 553 4169 ³7⁰.
567 4133 617 4167 non
632 4117 711 4167 solum
729 4118 855 4177 Animum,
868 4119 912 4168 sed
929 4118 1003 4167 etiam
1019 4119 1115 4179 Corpus
1127 4118 1216 4164 mire
1232 4115 1267 4163 af-

190 4200 278 4258 firmat,
290 4215 334 4248 seu
344 4200 427 4263 potius
438 4209 516 4248 totum
529 4199 636 4256 Animal,
648 4215 701 4248 rem
712 4215 726 4247 e
738 4200 847 4263 Corpore
859 4210 883 4248 et
897 4199 986 4246 Anima
1001 4195 1167 4259 compositam.
1196 4195 1268 4243 Post-
