2872 4852
500 245 669 312 maen
697 246 926 312 saxeus.
1200 227 1262 311 aar

244 402 376 469 Rursus
391 402 424 468 in
439 402 588 488 antiquar
605 403 745 468 redeunt
760 403 936 488 primordia
951 397 1058 467 aedeis

244 505 345 591 Ignis,
361 515 395 570 et
409 506 444 570 in
458 515 578 570 terram
592 507 681 571 cedit
695 505 784 572 calor
799 506 901 570 omnis
916 508 1032 590 aquai:

243 606 395 692 Frigidus
410 607 495 673 hane
510 610 553 672 ob
569 630 636 673 rem
652 607 691 672 fit
705 606 793 671 Fons
808 608 841 671 in
854 607 927 673 luce
943 607 1069 673 diurna.
1146 638 1150 646 ·

287 710 463 788 Praeterea,
481 709 566 775 Solis
581 711 681 774 radiis
693 710 838 796 jactatur
852 713 950 795 aquai

181 823 229 875 875
245 811 384 891 Humor,
399 812 480 884 etin
493 811 558 878 luci
574 811 712 877 tremulo
724 813 859 877 rarescit
874 815 916 877 ab
932 822 1033 877 aestu:

243 914 425 1000 Propterea
438 915 477 979 fit
490 916 539 980 uti
553 937 627 999 quae
643 916 764 980 semina
779 937 907 999 cunque
922 914 1024 980 habet
1038 916 1121 1000 ignis
1125 963 1134 994 ,

244 1016 416 1096 Dimittat3
440 1016 534 1101 quasi
548 1038 636 1102 saepe
651 1015 771 1101 gelum,
787 1017 876 1100 quod
888 1017 1032 1081 continet
1046 1018 1081 1080 in
1096 1040 1143 1095 se,

242 1117 358 1196 Mittit,
373 1129 407 1183 et
420 1117 544 1183 exoluit
558 1118 706 1203 glaciem,
721 1117 891 1202 nodosque
908 1117 1043 1194 relaxat.

285 1220 439 1305 Frigidus
454 1230 505 1284 est
520 1220 616 1284 etiam
630 1219 731 1296 Fons,
749 1241 848 1304 supra
863 1241 961 1304 quem
978 1221 1039 1284 sita
1054 1243 1141 1305 soepe

178 1334 226 1380 88⁰
242 1321 348 1407 Stupa
358 1323 439 1408 jacit
453 1321 596 1386 flammas
612 1332 771 1405 concepto
789 1324 936 1406 protinus
951 1324 1018 1407 igni
1031 1349 1039 1401 ;

242 1423 403 1509 Tedaque
419 1424 575 1490 consimili
589 1425 714 1487 ratione
729 1445 866 1488 accensa
879 1447 939 1509 per
953 1425 1059 1490 undas

244 1525 413 1604 Conlucet,
429 1548 624 1612 quocunque
639 1536 755 1590 natans
771 1525 947 1611 impellitur
962 1527 1067 1591 auris:

242 1628 405 1694 Nimirum
420 1629 496 1713 quia
512 1637 588 1693 sunt
602 1629 636 1692 in
652 1626 750 1713 Aqua
765 1627 925 1713 permulta
940 1629 1069 1714 vaporis

243 1729 383 1808 Semina,
399 1732 441 1795 de
455 1730 628 1815 Terraque
642 1743 777 1794 necesse
794 1730 834 1794 ’st
849 1730 996 1795 funditus
1011 1733 1084 1816 ipsa

177 1845 224 1891 885
240 1831 329 1917 Ignis
344 1854 483 1918 corpora
495 1855 555 1918 per
569 1842 672 1896 totum
688 1854 886 1917 consurgere
902 1833 1052 1912 Fontem,

241 1934 288 1998 Et
303 1933 397 2000 simul
411 1936 578 2020 exspirare
593 1934 692 2012 foras,
708 1935 863 2018 exireque
879 1935 913 1998 in
927 1957 1036 2012 auras,

240 2036 319 2100 Non
335 2047 401 2101 tam
416 2037 487 2100 viva
501 2047 619 2112 tamen,
637 2035 760 2100 calidus
776 2047 876 2119 queat
890 2046 927 2099 ut
941 2036 1013 2101 fieri
1028 2036 1127 2102 Fons.

284 2137 461 2213 Praeterea,
478 2137 627 2221 dispersa
642 2136 729 2200 foras
745 2158 916 2221 erumpere
932 2139 1019 2222 cogit
1101 2201 1102 2204 ,

241 2239 302 2305 Vis
319 2261 378 2324 per
392 2239 524 2322 Aquam
539 2239 658 2315 subito,
676 2259 869 2323 sursumque
885 2261 924 2303 ea
940 2239 1121 2305 conciliari:

173 2355 221 2402 890
237 2341 339 2414 Quod
353 2363 457 2425 genus
473 2340 558 2404 endo
574 2340 654 2402 mari
670 2341 772 2423 spirat
786 2339 886 2418 Fons,
904 2339 1007 2405 dulcis
1023 2344 1120 2425 aquai

240 2444 309 2517 Qui
324 2443 429 2522 scatit,
446 2452 480 2506 et
495 2440 595 2505 salsas
611 2442 732 2506 circum
749 2463 783 2506 se
800 2443 942 2508 dimovet
957 2442 1084 2508 undas:

239 2546 286 2611 Et
300 2545 408 2609 multis
424 2544 493 2610 aliis
508 2545 637 2628 praebet
649 2544 836 2628 regionibus
852 2566 965 2628 aequor
1067 2537 1069 2541 ’

239 2647 422 2713 Utilitatem
437 2656 654 2732 opportunam
668 2646 844 2710 sitientibu’
859 2645 994 2725 Nautis,

239 2751 341 2823 Quod
356 2748 480 2815 dulceis
494 2750 580 2813 inter
594 2746 695 2812 salsas
710 2748 895 2813 intervomit
906 2750 1023 2813 undas.

175 2864 222 2912 895
238 2853 293 2917 Sic
308 2853 407 2938 igitur
422 2875 481 2937 per
496 2874 570 2916 eum
586 2861 725 2937 possunt
739 2873 909 2936 erumpere
925 2850 1074 2930 Fontem,

239 2955 286 3021 Et
301 2966 427 3021 scatere
442 2954 496 3019 illa
510 2953 597 3017 foras
613 2955 647 3018 in
663 2963 792 3038 stupam
807 2953 954 3018 Semina:
978 2976 1044 3038 quo
1059 2976 1131 3020 cum

186 3214 241 3264 878.
254 3216 374 3276 Nodorque
385 3213 489 3277 retreat]
507 3212 620 3262 Gifanius
632 3212 689 3261 alibi
723 3227 768 3275 per
783 3211 876 3261 fontem
888 3228 1024 3277 erumpere,
1036 3227 1109 3275 quam
1121 3227 1190 3274 aquae
1205 3211 1260 3260 dul-

153 3278 379 3335 animumhabebat,
387 3293 442 3325 cum
452 3278 497 3324 hoc
507 3277 560 3325 loco
570 3293 691 3338 nemusque
723 3276 759 3324 cis
780 3277 953 3340 scaturiginem
982 3292 1027 3340 per
1051 3275 1159 3325 medium
1186 3276 1261 3325 maris

153 3341 256 3405 legebat.
269 3345 353 3391 Fater.
385 3341 510 3398 Horatius,
523 3341 564 3389 lib.
579 3341 599 3388 1.
611 3341 690 3405 Epist.
723 3340 796 3397 oriri;
818 3349 843 3389 et
859 3340 993 3404 saepissime
1009 3341 1121 3390 videmus
1138 3341 1206 3390 tedas
1221 3356 1259 3389 re-

154 3409 176 3454 3.
189 3409 325 3468 Hebrusque
335 3408 408 3453 nivali
418 3405 535 3469 compede
546 3409 642 3454 uinctus.
723 3414 808 3453 center
819 3405 940 3453 extinctas
955 3404 1063 3462 accendi,
1075 3414 1205 3466 antequam
1221 3405 1259 3469 ip-

187 3470 242 3521 879.
266 3473 376 3533 Frigidus
398 3478 433 3518 est
455 3474 525 3518 etium
543 3473 611 3526 Fons,
633 3468 691 3532 etc]
724 3485 778 3517 aum
795 3469 885 3533 ignem,
898 3471 929 3518 ad
940 3485 1012 3532 quem
1023 3470 1191 3529 admoventur,
1203 3471 1260 3519 atti·

154 3536 286 3597 Postquam
306 3534 413 3583 ostendit
431 3535 458 3582 in
475 3534 545 3583 lovis
562 3534 692 3582 Ammonis
723 3533 811 3598 gerint.

153 3600 221 3648 fonte
231 3599 293 3647 nihil
302 3599 443 3647 admirabile
452 3614 505 3647 esse
516 3607 559 3646 aut
568 3599 690 3654 divinum3
757 3597 812 3647 890.
825 3600 892 3647 Eudo
900 3597 972 3661 mart]
987 3599 1026 3646 Ita
1033 3615 1117 3648 omnes
1124 3599 1261 3660 ediderunt,

149 3667 209 3728 Jam,
222 3682 244 3713 v.
258 3664 296 3715 27.
309 3664 379 3712 Jovis
392 3664 512 3712 Dodonaei
522 3663 621 3722 sontem,
633 3663 692 3712 Jovi
724 3663 793 3726 qumi
803 3679 877 3712 sanus
888 3663 951 3712 soret
961 3664 1008 3712 iste
1017 3679 1109 3722 versus,
1121 3680 1200 3727 neque
1209 3682 1261 3715 me·

153 3730 243 3793 ubique
261 3729 372 3787 infestus,
390 3729 496 3792 attingit
539 3729 568 3776 ln
588 3729 692 3777 Dodone
724 3728 779 3776 dico
788 3737 886 3792 egeret:
903 3728 1091 3777 ateiendomarr'
1102 3730 1204 3792 legatur,
1213 3746 1262 3794 quo

152 3804 234 3843 autem
244 3795 305 3852 fons,
315 3794 410 3842 sumsit
419 3793 523 3857 gelidus,
532 3802 556 3841 et
565 3793 692 3842 immersas
724 3792 858 3841 referendae
867 3803 925 3842 sunt
933 3793 1072 3851 istrevoces,
1085 3809 1107 3842 v.
1116 3795 1170 3842 892.
1178 3797 1263 3844 Multis

152 3858 691 3922 faeesextinguat,eiextinctaeadmoveantur‚
724 3857 779 3906 aliis
798 3857 951 3920 regionibus?
977 3858 1043 3907 Nam
1063 3867 1088 3906 et
1109 3862 1187 3907 multa
1210 3863 1262 3924 ista

153 3925 271 3974 accendit.
306 3923 409 3981 Plinius,
432 3922 472 3971 lib.
499 3924 534 3971 Il.
558 3938 611 3985 cap.
637 3925 691 3970 103.
723 3923 778 3971 aliae
788 3927 892 3986 regiones
908 3932 966 3971 sunt
980 3926 1037 3971 eudo
1053 3927 1119 3971 mori.
1155 3925 1263 3987 Legitur

154 3990 279 4038 Nimirum
298 3989 412 4052 quoniam
430 3998 488 4036 sunt
505 3988 531 4036 in
550 3988 603 4051 ipsa
621 4003 690 4051 aqua,
724 3987 799 4050 igitur
815 3990 920 4036 Aradiue
937 3991 1004 4046 Fons,
1020 3988 1050 4036 de
1067 4003 1115 4050 quo
1132 3989 1219 4036 Strabo
1235 3989 1262 4037 in

153 4054 192 4102 vel
202 4065 267 4102 terra
282 4054 324 4102 isti
335 4069 404 4115 aquae
413 4053 523 4116 subjecta
533 4051 610 4100 multa
626 4052 692 4115 ignis
724 4052 786 4100 libro
804 4054 893 4116 Georg.
915 4053 987 4101 XVI.
1016 4053 1054 4101 Ita
1074 4052 1139 4100 enim
1165 4052 1263 4116 scripsit

154 4118 255 4177 semina,
262 4134 316 4180 quae
324 4134 356 4166 ex
364 4134 426 4182 aqua
433 4117 587 4182 erumpentia
594 4116 691 4181 corpori
725 4117 860 4175 Lueretius,
880 4127 904 4165 et
921 4133 993 4167 voces
1009 4117 1063 4166 istae
1079 4121 1104 4165 in
1120 4118 1193 4174 Mari,
1210 4117 1263 4166 sive

154 4182 329 4241 inflammabili,
338 4183 384 4232 viz.
396 4192 475 4247 stupae
484 4192 526 4232 aut
534 4183 596 4230 tedae
604 4197 688 4230 recen·
723 4185 779 4231 endo
801 4185 874 4240 Mari,
897 4183 928 4230 ad
950 4182 1084 4245 marginem
1105 4179 1196 4228 codicis
1218 4180 1261 4229 ad-

155 4257 193 4294 ter
209 4247 330 4304 extincta,
347 4249 479 4304 adherent,
497 4257 522 4296 et
539 4247 689 4296 accendunt:
724 4257 813 4296 notetae
825 4247 923 4296 tandem
935 4246 961 4296 in
974 4260 1070 4296 versum
1086 4245 1167 4308 ipsum
1184 4244 1261 4310 irrep·

155 4325 234 4373 neque
254 4312 331 4375 magis
349 4312 492 4362 incredibile
509 4312 603 4362 semina
625 4311 690 4376 ignis
723 4322 815 4361 serunt.
