2872 4852
487 222 656 288 LIBER
684 223 938 288 TERTIUS.
1210 222 1266 286 161

247 380 460 464 Quapropter
475 401 582 464 neque
597 379 697 444 natali
711 381 837 464 privata
852 379 982 443 videtur

247 481 332 546 Esse
348 483 400 547 die
417 493 533 546 natura
547 481 687 560 Animae,
703 504 810 566 neque
826 480 950 546 funeris
966 502 1096 565 expers.

289 585 421 649 Semina
432 595 593 669 praeterea
607 584 808 669 linquuntur,
824 605 939 660 necne,
955 580 1086 647 Animai
1130 576 1136 598 '

245 687 391 773 Corpore
407 689 440 751 in
455 689 626 752 exanimo?
649 689 739 772 quod
755 689 782 751 si
796 687 998 772 linquuntur,
1013 696 1047 751 et
1061 687 1182 762 insunt,

180 799 227 850 715
247 788 349 853 Haud
364 789 437 867 erit,
451 799 489 853 ut
503 791 618 855 merito
634 788 820 853 immortalis
835 790 940 873 possit
954 787 1087 866 haberi;

244 890 399 955 Partibus
414 893 540 956 amissis
556 893 708 976 quoniam
722 891 823 956 libata
837 892 982 957 recessit.

243 992 302 1057 Sin
316 995 362 1058 ita
375 995 509 1059 sinceris
524 995 675 1060 membris
691 994 800 1059 ablata
814 993 971 1078 profugit,

244 1095 293 1160 Ut
307 1095 411 1160 nullas
425 1097 547 1181 parteis
564 1097 597 1160 in
611 1097 759 1179 Corpore
773 1094 905 1180 liquerit
919 1117 1031 1159 exse:

243 1196 342 1262 Unde
358 1200 517 1262 cadavera
531 1199 677 1262 rancenti
686 1199 755 1282 jam
769 1196 892 1261 viscere
907 1197 1043 1261 vermeis

180 1308 227 1358 720
246 1299 435 1384 Expiranti
456 1311 556 1384 atque
571 1302 660 1365 unde
674 1303 871 1364 animantum
885 1299 979 1384 copia
994 1308 1084 1362 tanta

244 1401 350 1480 Exos,
366 1414 400 1468 et
414 1404 590 1488 exsanguis
606 1403 748 1467 tumidos
762 1401 960 1486 perfluctuat
974 1402 1091 1465 artus?

287 1504 389 1578 Quod
404 1507 432 1571 si
447 1505 531 1570 forte
546 1502 681 1569 Animas
698 1504 900 1570 extrinsecus
915 1503 1072 1567 insinuari

243 1605 431 1686 Vermibus,
448 1619 482 1672 et
495 1609 603 1692 privas
619 1608 652 1671 in
667 1628 805 1692 corpora
818 1628 917 1691 posse
933 1606 1042 1671 venire

242 1707 371 1787 Credis,
386 1733 446 1776 nec
462 1721 596 1795 reputas
610 1732 671 1776 cur
685 1708 782 1774 millia
796 1708 897 1774 multa
912 1706 1104 1774 Animarum
1201 1796 1202 1801 γ

176 1821 223 1871 725
243 1811 455 1890 Conveniant,
472 1815 560 1878 unde
575 1836 640 1879 una
655 1813 843 1878 recesserit:
866 1811 930 1876 hoc
946 1817 1053 1876 tamen
1068 1818 1171 1876 estut

238 1913 461 1988 Quaerendum
476 1917 635 1993 videatur,
652 1925 686 1980 et
700 1915 733 1979 br
747 1915 919 1980 discrimen
934 1915 1117 1999 egendum

240 2016 361 2081 Utrum
375 2020 507 2083 tandem
523 2017 651 2083 Animae
662 2022 825 2084 'venentur
841 2019 962 2083 semina
976 2037 1115 2102 quaeque

239 2117 512 2196 Vermiculorum,
526 2121 673 2204 ipsaeque
689 2121 750 2184 sibi
764 2119 965 2184 fabricentur
980 2118 1037 2183 ubi
1052 2118 1128 2194 sint,

241 2218 297 2284 An
307 2221 377 2303 jam
391 2221 583 2304 corporibus
598 2221 754 2304 perfectis
768 2222 984 2285 insinuentur.
1039 2272 1043 2279 ,

179 2331 226 2382 730
244 2320 292 2385 At
304 2343 424 2405 neque,
439 2344 499 2407 cur
513 2322 633 2386 faciant
647 2322 739 2405 ipsae,
754 2326 895 2405 quareve
910 2318 1071 2397 laborent,
1134 2320 1136 2326 ’

244 2422 367 2487 Dicere
382 2424 583 2507 suppeditat,
599 2446 706 2507 neque
720 2423 817 2500 enim,
833 2423 900 2511 sine
917 2443 1054 2507 corpore
1069 2443 1143 2486 cum
1157 2421 1232 2498 sint,

243 2523 396 2589 Sollicitas
411 2524 545 2590 volitant
560 2526 692 2602 morbis,
709 2523 859 2609 aigoque,
875 2523 1036 2608 fameque.

241 2627 372 2712 Corpus
387 2630 473 2693 enim
486 2630 587 2713 magis
603 2629 654 2692 his
669 2628 753 2692 vitiis
769 2627 878 2692 adfine
893 2625 1041 2704 laborat3

240 2729 288 2794 Et
302 2730 385 2794 mala
399 2730 501 2795 multa
515 2729 654 2795 Animus
669 2739 806 2815 contage
821 2729 968 2814 fungitur
981 2728 1065 2814 ejus.

175 2843 223 2894 735
243 2831 310 2897 Sed
325 2843 432 2898 tamen
446 2832 498 2896 his
513 2843 584 2897 esto
599 2833 744 2918 quamvis
759 2831 867 2897 facere
882 2829 960 2895 utile
977 2828 1119 2915 Corpus,

239 2935 323 2999 Cum
338 2936 495 3014 subeant3
518 2946 552 3000 at
565 2958 631 3020 qua
643 2934 781 3020 possint,
798 2934 849 2997 via
863 2930 952 2997 nulla
967 2933 1115 2999 videtur:

240 3036 343 3102 Haud
358 3038 456 3122 igitur
471 3038 595 3102 faciunt
611 3037 738 3103 Animae
755 3037 817 3102 sibi
831 3059 981 3121 corpora,
997 3046 1031 3101 et
1045 3045 1147 3100 artus.

184 3262 241 3313 713.
259 3266 689 3331 Seminapratercatinqeumur,ete.]
722 3272 843 3324 membrisf
864 3269 958 3317 Faber:
982 3266 1116 3316 nonenim
1135 3263 1161 3311 id
1180 3262 1262 3326 egitur

154 3327 283 3376 Decimum
296 3334 477 3388 nonum‚v.28.
504 3333 531 3380 Si
541 3333 689 3382 Animadis-
723 3349 796 3391 nunc,
816 3341 893 3381 unum
913 3349 963 3380 cum
983 3335 1069 3378 Anima
1088 3332 1146 3386 abit,
1169 3331 1262 3391 integre

151 3391 242 3440 cedens
254 3409 267 3439 e
279 3394 388 3456 Corpore
404 3397 520 3458 quasdam
532 3397 570 3444 sui
581 3397 688 3460 porticu·
722 3406 814 3446 manent
823 3401 930 3453 membra,
941 3393 1007 3458 (quis
1016 3394 1082 3442 enim
1091 3409 1121 3442 cs
1131 3394 1162 3441 de
1173 3409 1200 3441 re
1211 3407 1258 3442 un·

153 3455 189 3504 las
199 3455 401 3521 ineoreiinquat,
409 3460 576 3509 dissolubilem
585 3469 691 3523 arguunt
722 3476 796 3523 quam
810 3460 936 3521 dubitetr)
954 3462 996 3508 sed
1009 3467 1086 3506 atron
1100 3461 1193 3516 Arbae,
1208 3475 1260 3507 cum

153 3520 267 3569 delibatae
285 3523 424 3586 particulae:
449 3524 472 3573 si
491 3540 541 3572 non
562 3523 689 3586 relinquat,
722 3529 789 3582 abiit,
797 3528 957 3574 minaturus·
961 3526 1147 3586 portantibus
1158 3526 1260 3572 recedat.

153 3583 223 3632 reddi
244 3600 319 3634 causa
340 3598 446 3650 nequeat
470 3590 629 3652 quamobrem
655 3597 691 3638 tot
756 3589 810 3640 732.
834 3587 950 3652 Algoqae]
976 3589 1016 3637 Ira
1043 3587 1147 3646 Nonius,
1172 3596 1259 3638 contre

152 3665 249 3698 vermes
268 3650 400 3714 gignantur
421 3653 448 3701 in
469 3654 604 3709 cadavere;
632 3669 689 3702 cum
721 3655 794 3717 quem
806 3653 847 3702 alii
858 3669 903 3719 pro
913 3657 970 3716 alge
998 3661 1098 3716 ugnant.

152 3714 233 3763 dicere
244 3715 343 3778 quidem
354 3726 391 3766 tot
402 3718 505 3766 Animas
520 3734 550 3766 eo
566 3717 688 3767 confluere
754 3718 809 3769 733.
825 3722 896 3767 Vits's's
906 3669 997 3781 adfivoei
1004 3717 1097 3774 Cicero,
1109 3716 1188 3766 affinis
1192 3717 1259 3781 saci·

151 3780 304 3829 extrinsecus
316 3782 380 3830 unde
389 3799 439 3831 uns
448 3782 588 3841 excesserit,
600 3783 687 3846 perab·
720 3787 772 3832 nori
779 3792 803 3832 et
810 3786 957 3846 turpitudini.
980 3782 1155 3839 Nosaeaffinis3
1169 3785 1259 3832 Livius.

151 3845 253 3894 surdum
276 3846 318 3904 sit,
341 3863 370 3896 ac
393 3848 471 3911 magis
494 3847 580 3905 adhuc,
607 3847 688 3897 dicere
754 3848 808 3900 731.
831 3846 943 3911 emungo]
965 3848 1014 3896 Seu
1033 3852 1133 3911 contegi,
1153 3847 1257 3912 perinde

151 3925 346 3973 unamquemque
360 3922 402 3961 aut
414 3912 521 3976 deligere
537 3912 638 3970 semina,
656 3929 688 3961 ex
720 3922 764 3962 est
794 3913 834 3962 Sic
847 3913 888 3961 lib.
907 3913 951 3961 IV.
964 3929 986 3961 v.
1001 3913 1055 3960 336.
1087 3916 1144 3965 Qua
1154 3921 1257 3976 contege

151 3975 238 4036 quibus
248 3975 379 4026 fabricetur
387 3977 434 4027 sibi
446 3978 541 4041 Corpus
552 3978 686 4041 proprium,
719 3996 761 4027 sua
771 3981 898 4040 palloribus
909 3982 983 4026 omnia
992 3981 1099 4040 pingunt.

150 4049 178 4087 ut
198 4055 228 4087 ea
249 4039 356 4104 patiatur
376 4043 536 4100 incommoda,
558 4059 612 4105 quae
634 4041 688 4091 sine
753 4042 808 4094 735.
828 4041 1037 4104 Quamvis-utile]
1049 4041 1214 4097 Quantumvis
1228 4057 1257 4090 u·
1362 4068 1365 4071 ·

151 4103 259 4166 Corpore
277 4121 330 4154 esse
348 4117 480 4171 nequeunt,
498 4116 542 4155 aut
559 4107 641 4156 subire
661 4107 687 4154 in
721 4108 771 4157 tile.

151 4167 246 4242 Corpus
254 4170 306 4230 jam
317 4173 473 4230 elaboratum,
491 4188 547 4220 cum
564 4188 612 4235 quo
629 4187 687 4220 con·
753 4172 808 4224 736.
822 4175 879 4222 Cum
890 4171 999 4234 subeant]
1014 4174 1081 4224 Quod
1089 4174 1199 4219 subeant.-
1211 4170 1260 4219 Fa·

151 4239 216 4278 necn
226 4231 319 4293 intime,
332 4247 356 4285 et
367 4236 505 4286 consentire
515 4252 565 4285 non
576 4236 662 4285 valeat
720 4239 780 4294 ber;
806 4246 888 4286 recte:
915 4236 974 4285 olim
994 4236 1060 4284 enim
1080 4235 1116 4283 ita
1133 4233 1259 4298 scriptum,

185 4293 239 4345 717.
268 4299 368 4349 Sinceris
393 4300 511 4363 membris]
539 4305 634 4350 Sincera
659 4319 689 4351 es
721 4303 862 4366 indequora,
875 4302 1077 4350 strandemcum.

853 4379 870 4415 Y
