2872 4852
362 738 458 820 AD
507 740 954 829 LECTOREM.

103 1313 168 1394 Du
184 1329 263 1394 Tito
280 1329 436 1394 Lucretio
451 1331 537 1396 Caro
559 1354 634 1416 quae
650 1333 732 1396 scire
745 1333 858 1412 debes,
876 1334 1009 1414 Lector,
1023 1335 1095 1402 haec
1111 1349 1206 1403 sunt:

103 1449 220 1515 Romae
239 1459 407 1514 natusest
430 1449 498 1515 An.
521 1450 564 1516 V.
591 1451 629 1514 C.
659 1471 774 1516 locmx
796 1452 895 1517 nobili
917 1465 1015 1540 geute
1040 1456 1207 1536 Lucretia,

101 1590 141 1632 ea
162 1567 304 1632 Romani
325 1569 451 1653 imperii
472 1579 579 1647 aetate,
595 1592 670 1655 quae
690 1571 892 1654 ingeniorum
915 1572 1113 1639 feracissima
1127 1576 1208 1640 vidit

104 1685 312 1764 Ciceronem,
326 1686 504 1774 Senemque
513 1689 679 1765 Crassum,
694 1689 860 1768 Catonem,
872 1690 1059 1776 Sulpitium,
1069 1716 1208 1779 meaque

100 1805 250 1884 Brutum,
271 1804 447 1884 Calidium,
468 1807 615 1883 Caluum,
636 1806 782 1884 Coelium,
799 1817 833 1872 et
840 1810 1031 1894 proximum
1055 1812 1207 1877 Ciceroni

103 1924 278 2003 Casuram,
295 1946 467 2011 eorumque
488 1926 576 1990 uelut
597 1925 743 1989 alumnos
762 1925 945 2004 Coruinum,
969 1951 1010 1992 ac
1026 1929 1207 1994 Pollionem

100 2043 260 2120 Asinium,
292 2044 501 2130 cumulumque
534 2043 739 2128 Thucydidis
769 2043 961 2124 Salustium,
993 2055 1208 2133 auctoresque

100 2163 275 2226 carminum
307 2161 494 2237 Varronem,
519 2169 552 2224 et
573 2161 775 2238 Lucretium,
799 2184 902 2246 neque
924 2165 991 2227 ullo
1014 2164 1048 2227 iu
1062 2167 1207 2250 suscepti

98 2281 209 2363 operis
230 2280 282 2343 sui
304 2280 447 2344 carmine
461 2279 614 2342 mu'uorem
636 2277 810 2342 Catullum.
857 2278 933 2344 Hoc
949 2291 1095 2364 tempore
1112 2281 1207 2345 Grae·

97 2419 209 2462 corum
224 2395 409 2481 disciplinas
432 2406 572 2459 tractare
593 2406 765 2480 coeperunt
779 2395 931 2473 Romani,
949 2396 1086 2480 Epicuri
1105 2400 1205 2464 ratio-

96 2538 170 2581 nem
186 2515 360 2580 Lucretius
383 2513 541 2597 sequitur,
558 2511 708 2598 illiusque
724 2512 919 2597 Philosophi
935 2514 1115 2580 doctrinam
1129 2519 1204 2582 sex¹

95 2635 196 2714 libris,
213 2633 415 2718 elegantibus
427 2633 559 2717 quidem
574 2643 608 2697 et
623 2633 745 2697 ornatis
761 2633 924 2718 exposuit.
970 2633 1039 2698 Vix
1054 2634 1205 2701 absoluto

95 2777 195 2838 opere
209 2754 356 2828 moritur,
372 2772 411 2815 eo
425 2752 497 2835 ipso
519 2751 571 2814 die
592 2774 658 2835 quo
674 2763 770 2816 natus
785 2761 836 2816 est
851 2750 1021 2836 Virgilius,
1038 2762 1072 2816 et
1086 2753 1201 2838 aliquis

96 2871 324 2956 Pythagoreus
335 2871 448 2935 credat
458 2869 605 2934 Lucretii
614 2871 750 2934 animam
762 2871 795 2934 in
807 2870 954 2935 Maronis
967 2893 1086 2955 corpus
1097 2882 1202 2937 trans-

95 2989 182 3066 iisse,
198 2989 307 3072 ibique
323 2989 421 3073 longo
436 3011 499 3052 usu
518 2999 551 3054 et
571 2989 672 3054 multo
696 2991 805 3054 studio
827 2991 1048 3067 exercitatam,
1064 2989 1202 3054 Poetam

94 3106 364 3191 perfectissimum
375 3107 535 3172 evasisse:
551 3129 591 3171 an
605 3108 667 3172 sibi
677 3109 740 3193 ipsi
752 3131 865 3172 manus
876 3107 1021 3172 attulerit
1030 3109 1200 3184 incertum,

93 3225 216 3290 interiit
237 3225 338 3290 Anno
359 3225 484 3290 AEtatis
507 3248 575 3289 suae
598 3247 696 3304 xnus,
719 3237 753 3291 et
774 3226 996 3303 miserrimam,
1013 3248 1110 3308 quam
1126 3223 1201 3290 olim

93 3341 235 3407 ludibrio
249 3341 422 3420 habuerat,
437 3343 531 3407 nimis
543 3344 608 3408 cito
620 3354 777 3428 expertus
794 3354 845 3407 est
859 3341 1140 3407 immortalitatem.

138 3459 307 3524 Omnium⁸
323 3460 501 3524 Po'e'tarum
516 3448 708 3525 Latinorum
721 3461 778 3546 qui
789 3460 887 3524 hodie
899 3470 1024 3538 extant,
1040 3471 1074 3525 et
1088 3461 1145 3545 qui
1157 3461 1199 3525 ad

93 3587 237 3643 nostram
259 3588 388 3643 aetatem
405 3589 636 3664 pervenerunt,
659 3579 915 3664 elegantissimus
939 3590 973 3644 et
995 3580 1199 3664 purissimus,

92 3697 244 3782 idemque
259 3697 478 3783 gravissimum
494 3707 592 3783 atque
607 3699 829 3762 ornatissimus
843 3698 1017 3763 Lucretius
1032 3710 1101 3776 est3
1124 3720 1200 3763 eum

92 3838 166 3881 oum
182 3816 324 3882 Librarii
339 3816 527 3901 scriptores,
540 3817 686 3882 nondum
700 3818 830 3882 inventa
846 3827 914 3883 arte
930 3816 1198 3902 Typographica,

91 3935 216 4000 mendis
239 3934 539 4014 innumerabilibus,
562 3936 761 4021 maculisque
782 3935 969 4000 foedissimis
985 3934 1198 4001 contaminate-

91 4215 100 4245 ¹
118 4214 228 4265 Velleius
241 4217 335 4267 Patere.
345 4217 387 4266 lib.
399 4217 436 4265 11.
470 4217 480 4248 ²
492 4216 549 4266 vid„
558 4217 661 4266 Sextum
671 4216 780 4266 Lucretii
788 4216 886 4274 librum,
896 4224 921 4265 et
929 4215 971 4265 lib.
979 4216 1016 4264 11.
1026 4214 1100 4263 Trist.
1108 4211 1199 4262 Ovidii.

396 4298 406 4329 ³
424 4297 480 4347 vid.
495 4298 608 4348 Lambini
619 4297 698 4362 Epist
712 4299 743 4346 ad
754 4298 889 4346 Lectorem.
