2872 4852
217 233 282 301 eoo
597 233 640 299 u.
674 230 979 318 uuouuuur

305 390 471 476 Quicquid
485 390 519 455 id
533 400 599 468 est,
613 386 715 454 nihilo
729 389 834 455 fertur
847 386 972 474 majore
984 388 1104 473 figura,
1209 470 1212 473 .

304 492 677 570 Quam‚nostrisoc1dls
692 511 789 576 quarn
804 493 977 569 cernimus,
989 512 1062 555 esse
1077 489 1220 555 videtur.

303 596 392 659 Nam
406 596 498 680 prius
513 595 630 672 omnia,
645 615 720 679 quae
734 592 830 678 longe
845 604 1002 658 remmota
1016 602 1148 657 tuemur

238 709 288 756 580
301 696 392 762 Adra
407 720 468 782 per
482 696 618 762 multum
633 696 742 781 specie
757 695 894 761 confusa
907 696 1071 773 videntur,

302 799 411 871 Quam
427 799 591 863 minimum
604 798 713 863 iilum:
736 807 938 882 quapropter
953 797 1050 861 Luna
1064 815 1199 861 neeesse
1211 796 1264 874 ἐι,

302 901 578 986 Quandoquidem
592 900 712 966 claram
727 901 879 985 speciem,
895 911 1082 984 certamque
1095 899 1235 984 figuram

302 1003 447 1081 Praebet,
461 1013 499 1067 ut
513 1014 564 1068 est
580 1004 645 1068 oris
659 1002 814 1068 extremis
829 1021 958 1087 cunque
972 1013 1097 1080 notata,

302 1105 437 1178 Quanta
451 1105 524 1170 haec
538 1124 667 1190 cunque
682 1104 764 1182 fuat,
780 1114 872 1168 tanta
883 1104 959 1168 hinc
973 1105 1124 1168 videatur
1138 1103 1172 1166 in
1187 1100 1266 1166 alto.

237 1219 285 1264 ⁵85
344 1199 529 1285 Postremo,-
541 1228 754 1291 quoscunque
768 1206 862 1270 vides
874 1202 952 1270 hinc
967 1201 1098 1269 aetheris
1114 1204 1237 1288 lgneis,

300 1307 602 1395 (Quandoquidem,
617 1327 830 1393 quoscunque
845 1307 989 1371 interris
1004 1302 1164 1371 cernimus
1179 1306 1301 1390 igneis,

300 1410 390 1475 Dum
406 1421 528 1475 tremor
540 1421 591 1474 est
605 1411 724 1487 clarus,
740 1411 818 1474 dum
833 1409 977 1473 cernitur
992 1408 1091 1473 ardor
1105 1431 1231 1485 eorum,

301 1513 503 1597 Perparvum
517 1513 672 1597 quiddam
687 1511 852 1575 interdum
865 1521 991 1574 mutare
1004 1511 1157 1574 videntur

299 1613 500 1679 Alterutrum
515 1615 552 1677 in·
563 1623 689 1698 partem
703 1611 806 1689 filum,
823 1634 895 1676 curn
910 1610 1040 1696 longius
1054 1612 1189 1694 absint,)

234 1728 282 1774 ⁶90
297 1717 388 1779 Scire
402 1715 489 1792 licet,
503 1735 662 1798 perquam
676 1711 822 1798 pauxillo
835 1734 936 1797 posse
949 1714 1091 1804 minores

299 1817 396 1894 Esse,
412 1815 463 1880 vel
478 1817 596 1900 exigua
610 1815 750 1899 majores
765 1827 871 1899 parte,
887 1816 1056 1899 brevique.

340 1916 427 1981 Illud
441 1911 519 1982 item
533 1926 663 1981 nonest
677 1906 870 1994 mirandum,
886 1935 951 2001 qua
966 1915 1092 1982 ratione

298 2019 461 2085 Tantalus
476 2019 532 2084 ille
545 2028 645 2103 queat
660 2029 785 2083 tanturn
800 2018 859 2084 Sol
873 2020 1001 2084 mittere
1016 2018 1137 2098 lumen,

299 2123 399 2196 Quod
415 2123 526 2198 maria,
543 2140 582 2185 ac
595 2132 700 2186 terras
716 2122 840 2185 omneis
855 2119 1039 2204 coelumque
1053 2122 1193 2204 rigando

233 2240 280 2286 595
297 2223 479 2309 Compleat‚
492 2233 526 2288 et
541 2222 649 2288 calido
662 2223 839 2308 perfundat
854 2233 971 2287 cuncta
984 2242 1116 2306 vapore.

296 2327 385 2390 Nam
399 2325 475 2390 licet
488 2325 564 2390 hinc
580 2323 700 2389 Mundi
715 2323 915 2410 patefactum
930 2324 1030 2388 totius
1045 2344 1146 2387 unum

297 2428 500 2512 Largitiuum
515 2426 639 2492 fontem
652 2437 789 2504 scatere,
805 2437 903 2510 atquc
918 2446 1089 2508 erumpere
1104 2425 1227 2489 flumen

297 2531 353 2594 Ex
368 2531 453 2594 omni
468 2529 610 2608 Mundo,
625 2548 693 2614 quo
708 2531 754 2594 sie
770 2528 943 2592 Elementa
957 2528 1087 2612 vaporis

295 2631 451 2716 Undique
465 2633 672 2708 conveniunt,
688 2641 721 2695 et
736 2632 782 2694 sic
797 2631 963 2714 conjectus
979 2652 1093 2694 eorum

166 2771 172 2777 -
206 2757 208 2761 ’
230 2744 278 2791 600
294 2733 450 2807 Confluit,
465 2755 507 2796 ex
521 2756 587 2797 uno
602 2735 708 2818 capite
723 2732 778 2797 hio
792 2744 830 2796 ut
845 2732 988 2817 proiluat
1003 2733 1121 2809 ardon

293 2833 414 2898 Nonne
429 2833 521 2897 vides
535 2835 643 2912 etiam,
658 2857 755 2918 quam
770 2832 835 2897 late
850 2841 971 2918 parvus
987 2835 1084 2918 aquai

294 2936 394 2999 Prata
409 2935 494 3018 riget
508 2934 599 2998 Fons
612 2936 786 3011 interdurn,
802 2936 990 3020 campisque
1005 2937 1191 3000 redundet?

295 3037 362 3101 Est
374 3037 470 3101 etiam
485 3059 627 3120 quoque,
644 3037 692 3100 uti
706 3059 771 3100 non
787 3059 904 3120 magno
919 3036 1005 3102 Solis
1021 3038 1063 3102 ab
1077 3038 1144 3121 igni

293 3137 385 3204 Adra
399 3138 559 3222 percipiat
574 3135 685 3202 calidis
700 3137 882 3202 fervoribus
898 3139 1008 3216 ardor,

229 3254 278 3302 tut
293 3241 510 3326 Opportunus
525 3240 570 3304 ita
585 3240 625 3303 ’st
640 3241 667 3303 si
682 3238 778 3318 forte,
793 3250 828 3305 et
842 3240 979 3304 idoneus
995 3238 1078 3318 Aer,

293 3343 342 3408 Ut
356 3353 456 3429 queat
469 3341 604 3408 accendi
619 3343 727 3427 parvis
743 3343 916 3409 ardoribus
930 3342 1035 3421 ictus,

238 3521 293 3567 588.
322 3521 417 3569 Mutare
443 3520 564 3584 videntur]
598 3519 741 3578 Palmeritm,
776 3519 852 3568 totius
867 3520 953 3568 mundi
970 3520 1053 3569 lumen
1066 3519 1206 3568 etcalorem
1223 3519 1317 3569 sentis-

204 3585 666 3645 metoreotdetunidestmuterifllam.
687 3585 743 3632 Hac
776 3599 838 3632 mur.
881 3584 979 3633 Deinde
997 3584 1131 3648 subjungit,
1148 3600 1171 3632 v.
1194 3584 1231 3632 10.
1252 3583 1319 3633 forte

205 3647 375 3696 observatione
385 3649 510 3712 potuimus
521 3663 611 3696 cerere.
775 3649 856 3696 adrem
865 3648 974 3696 vicinum
983 3649 1029 3696 soli
1038 3650 1069 3696 ab
1080 3649 1123 3696 illo
1132 3648 1240 3706 accendi,
1250 3649 1316 3697 mul·

238 3712 434 3759 eutrandum
445 3730 489 3760 uon
499 3721 541 3770 ert,
553 3710 610 3774 eto]
627 3711 676 3759 Sed
687 3721 742 3759 tan·
775 3715 861 3774 tueque
880 3712 965 3774 igneus
981 3712 1113 3776 particulas
1129 3713 1200 3761 nobis
1216 3712 1318 3776 quidem

205 3783 247 3824 tus
261 3774 303 3822 ille
314 3773 380 3822 calor
396 3784 421 3822 et
436 3775 519 3824 lumen
554 3792 581 3824 er
593 3775 742 3833 universum,
774 3775 946 3839 inconspicuas
962 3777 1028 3825 circa
1044 3778 1120 3826 solem
1138 3793 1199 3836 erse,
1215 3788 1241 3827 et
1256 3777 1318 3826 iude

203 3855 299 3903 quaqua
310 3847 386 3902 patet,
398 3839 490 3887 aethera
518 3840 523 3850 '
544 3840 743 3888 usumetantulo
775 3849 860 3888 tantus
876 3840 948 3899 calor,
970 3841 1103 3905 lumenque
1125 3851 1176 3890 tum
1196 3841 1269 3905 longe
1291 3851 1318 3892 et

204 3913 230 3952 et
238 3903 308 3966 quasi
321 3901 402 3966 pedali
419 3902 470 3950 sole
487 3919 600 3951 emanare
613 3903 655 3951 vix
670 3919 742 3967 posse
774 3905 823 3954 late
835 3904 969 3968 profusum.

203 3967 323 4017 videatur.
345 3963 413 4015 Huic
423 3966 560 4015 difficultati
571 3976 600 4015 ut
610 3967 743 4017 satisfaciat
808 3969 863 4020 597.
881 3973 1008 4033 Erumpere
1025 3970 1125 4033 fiumen]
1146 3970 1207 4028 Alii,
1231 3973 1318 4030 hm,

204 4033 342 4090 Lucretius,
359 4031 438 4089 docet,
455 4047 477 4078 v.
498 4032 535 4078 11.
553 4031 630 4080 solem
646 4032 742 4097 concipi
775 4033 877 4083 sortasse
889 4035 984 4084 melius.
1018 4035 1088 4084 Alius
1099 4037 1130 4084 de
1142 4035 1201 4084 solis
1211 4034 1317 4096 lumine,

202 4112 275 4174 pesse
283 4107 311 4146 ut
322 4097 413 4172 iontem
423 4109 557 4158 perennem
568 4095 630 4144 lucis
639 4105 664 4143 et
675 4097 740 4172 calo-
772 4096 802 4172 de
817 4114 879 4174 quo,
890 4115 920 4173 ¹v.
940 4101 995 4176 tta.
1015 4100 1177 4161 objectionem
1197 4099 1315 4160 instituit,

202 4162 356 4276 iiiiii?
366 4177 375 4209 ¹
390 4161 739 4298 idlslldilllndl‘llffln
772 4163 1315 4298 ⁰¹lll¹ll5⁰qliii⁸il51n.1v.namq„

202 4291 382 4355 scaturiginem,
393 4291 429 4340 itu
439 4299 525 4338 utnon
534 4304 607 4338 unius
618 4289 683 4348 solis,
696 4291 739 4339 sed
771 4290 1003 4355 [resupinatoque.
1015 4295 1261 4356 auumquelacereent.
