2872 4852
464 215 635 290 LIBER.
663 215 923 289 QUINTUS.
1183 213 1250 279 atr

220 371 298 454 Ipse
313 393 391 441 suos
406 368 516 454 Igneis
531 382 623 436 certo
638 371 704 438 t'ert
720 371 842 455 impete
856 370 982 438 labens.

222 471 309 536 Nam
324 472 449 538 modice
464 472 579 551 fluere,
594 482 693 557 atque
708 495 774 538 uno
789 493 887 558 posse
904 471 1048 541 AEtlrera
1063 473 1148 550 nisu,

221 573 392 658 Significat
406 575 506 641 Ponti
519 575 626 653 Mare,
642 586 732 643 certo
748 575 839 660 quod
853 574 926 641 fluit
943 585 1039 654 aestu,

223 675 332 742 Unum
346 677 479 743 labendi
492 700 690 749 conservans
706 701 811 765 usque
826 689 982 745 tenorem.

157 789 206 836 510
265 778 415 846 Motibus
432 779 606 847 Astrorum
620 804 707 848 nunc
722 805 796 866 quae
811 781 855 846 sit
868 803 979 858 causa,
993 801 1159 847 canamus.

222 880 398 967 Principio,
414 905 550 967 maguus
566 882 651 951 coeli
665 884 695 948 si
708 884 846 949 vertitur
859 883 968 951 orbis:

222 983 277 1048 Ex
292 995 431 1068 utraque
447 986 564 1051 Polum
578 987 664 1071 parti
678 1008 827 1071 premere
843 983 935 1049 Aera
949 985 1043 1050 nobis

220 1086 408 1153 Dicendum
422 1087 472 1164 ’st,
489 1098 648 1171 extraque
664 1097 786 1166 tenere,
802 1097 837 1153 et
850 1086 1003 1153 claudere
1017 1085 1181 1169 utrinque3

220 1184 304 1254 Inde
320 1186 430 1253 Alium
446 1210 566 1271 supera
582 1187 696 1265 fluere,
711 1200 810 1273 atque
825 1189 995 1255 intendere
1010 1187 1139 1263 eedem,

156 1299 204 1345 515
224 1287 302 1361 Quo
316 1288 476 1353 volvenda
490 1289 609 1358 micant
624 1291 738 1358 eterni
752 1291 868 1359 Sidera
882 1290 1012 1358 muudi:

222 1387 287 1452 Ast
304 1387 413 1455 Alium
428 1392 554 1468 subter,
569 1400 684 1455 contra
698 1391 755 1475 qui
770 1391 931 1457 subvehat
946 1391 1093 1467 Orbem;

222 1489 271 1557 Ut
285 1491 400 1558 fluvios
416 1514 547 1556 versare
562 1491 680 1568 Rotas,
697 1502 795 1576 atque
812 1492 960 1561 Haustra
974 1493 1131 1558 videmus.

265 1593 330 1658 Est
343 1595 441 1659 etiam
455 1616 585 1679 quoque
601 1595 648 1664 uti
663 1594 768 1678 possit
783 1594 912 1661 Coelum
926 1617 1021 1662 omne
1036 1613 1166 1658 manere

220 1694 259 1758 In
274 1697 424 1773 statione,
442 1707 549 1765 tamen
563 1719 637 1761 cum
651 1695 758 1762 lucida
772 1698 865 1781 signa
879 1697 1044 1763 ferantur:

155 1808 204 1854 520
223 1797 297 1862 Sive
313 1798 403 1883 quod
417 1798 533 1865 inclusi
548 1800 654 1884 rapidi
669 1811 744 1865 sunt
756 1799 907 1865 AEtheris
922 1810 1034 1876 aestus,

220 1898 481 1986 Quaerentesque
496 1903 577 1967 viam
593 1903 897 1980 circumversautun
913 1913 947 1969 et
962 1902 1061 1987 Ignes

219 2000 347 2066 Passim
362 2025 422 2087 per
437 2002 522 2068 Coeli
536 2002 670 2072 volvunt
683 2026 719 2068 se
734 2003 883 2069 immania
897 2003 1039 2089 templa:

221 2101 296 2169 Sive
312 2104 442 2169 aliunde
458 2105 563 2174 fluens
578 2105 728 2172 alicunde
744 2105 948 2173 extrinsecus
964 2104 1037 2172 A'er

218 2205 342 2271 Versat
356 2228 456 2290 agens
471 2208 593 2290 igneis,
617 2207 684 2271 sive
700 2207 771 2291 lpsi
785 2229 918 2291 serpere
933 2218 1083 2292 possunt..

153 2318 201 2365 525
221 2306 298 2380 Quo
313 2308 472 2392 cujusque
488 2309 580 2373 cibus
597 2318 702 2385 vocat,
718 2319 817 2392 atque
832 2309 947 2375 invitat
962 2307 1101 2383 eunteis,

220 2409 385 2478 Flammea
400 2432 460 2494 per
474 2408 593 2476 coelum
607 2411 790 2494 pascenteis
805 2431 945 2494 corpora
958 2411 1090 2495 passim.

219 2511 308 2576 Nam
323 2513 402 2596 quid
417 2513 451 2576 in
465 2511 529 2578 hoc
544 2511 674 2579 Mundo
690 2513 732 2579 sit
745 2534 869 2588 eorum,
885 2533 1008 2597 ponere
1024 2521 1147 2579 eertum

221 2613 363 2681 Difficile
378 2613 436 2678 ’stt
461 2614 520 2680 sed
535 2615 616 2698 quid
630 2614 746 2698 possit,
762 2614 885 2703 fiatque
901 2637 961 2698 per
977 2613 1084 2681 Omne

219 2716 258 2782 In
273 2716 369 2781 variis
384 2716 522 2782 Mundis
537 2717 625 2783 varia
641 2718 766 2781 ratione
779 2717 910 2794 creatis,

165 2862 221 2909 508.
239 2864 309 2910 Ponti
324 2860 406 2925 More]
425 2862 465 2910 Ite
484 2871 551 2911 recte
572 2861 670 2912 Lumbi·
703 2861 811 2925 fringere
833 2861 949 2920 valentes,
967 2861 1197 2919 oimrunrersantur,
1216 2871 1244 2909 et

133 2941 187 2984 nus,
198 2925 239 2988 qui
248 2926 378 2988 aliquando
386 2927 492 2990 scripsit,
500 2935 590 2975 tantam
601 2945 670 2976 more.
704 2943 787 2975 secum
809 2937 875 2976 astra
894 2927 1009 2991 rapiunt3
1037 2927 1076 2975 vel
1094 2929 1135 2975 aer
1155 2926 1243 2989 aliquis

29 2996 30 2999 ’
133 2989 192 3037 Non
208 2999 289 3038 autem
307 2990 388 3040 fluxus
404 2991 561 3054 refluxusqne
578 2992 670 3051 oceani,
704 3001 821 3040 externus
837 2991 909 3040 irruit
925 3001 951 3041 et
966 3001 1063 3048 versam
1087 2991 1127 3040 rel
1144 2992 1242 3039 tandem

130 3054 198 3116 quod
214 3054 316 3104 ridicule
333 3056 414 3119 Fayus
428 3056 579 3106 existimavit
594 3058 672 3119 (unde
704 3056 758 3120 ipsa
769 3066 906 3121 prorepunt
921 3066 994 3115 astra,
1011 3067 1085 3120 prout
1101 3056 1243 3120 corporibus

131 3119 198 3168 enim
214 3118 261 3168 iste
278 3120 363 3168 oceani
379 3130 460 3170 motus
477 3121 565 3168 similis
582 3122 615 3171 sit
631 3126 672 3170 ans·
704 3121 755 3184 igni
768 3138 812 3170 suo
823 3120 911 3170 aiendo
923 3121 1018 3170 idoneis
1032 3137 1077 3186 per
1091 3121 1180 3170 coelum
1196 3121 1242 3171 du·

130 3183 230 3234 athenis
241 3183 334 3245 auoit)
352 3185 396 3233 sed
413 3185 492 3234 Maris
506 3186 600 3234 Euxini
612 3202 671 3236 cur-
702 3195 800 3238 cuntur.

130 3264 174 3299 sus
182 3248 355 3312 intelligendus
362 3259 406 3298 est
431 3249 638 3308 PontnGifanius,
647 3250 673 3299 id
736 3253 793 3298 513.
811 3254 931 3313 astraque
942 3250 1031 3312 teme]
1041 3250 1100 3308 Alii,
1112 3258 1243 3311 aratroque

131 3314 418 3372 esniuPontaabsurder
434 3315 559 3363 sedPonto
567 3313 594 3362 in
602 3315 671 3363 libris
704 3323 788 3363 reama

131 3378 241 3428 invenit:
258 3378 445 3442 itavero,quasi
457 3379 576 3428 Pontsvel
585 3381 673 3428 Pontofi
737 3380 792 3427 515.
816 3378 923 3441 AEtcroi]
940 3380 1037 3428 Coelum
1054 3379 1177 3442 Epicurus
1193 3393 1243 3431 non

89 3502 93 3505 ι
132 3458 178 3506 pro
200 3445 271 3494 Porti
292 3444 390 3493 codices
417 3458 543 3506 nunquam
571 3444 671 3493 exhibe-
705 3442 796 3492 dixerit
806 3452 923 3493 eternam.
953 3444 1032 3493 Faber
1042 3455 1125 3493 autem
1136 3443 1243 3506 legitat-

132 3517 209 3558 rent..
705 3512 782 3561 temtr
798 3509 916 3557 mundum
930 3524 988 3556 vero
1004 3524 1048 3559 seu
1064 3508 1153 3557 coelum
1170 3511 1242 3560 alur-

165 3575 219 3622 610.
238 3575 341 3622 Motibus
348 3571 542 3635 Astrorum,etc.]
554 3573 671 3636 Phpico·
704 3589 758 3620 num
769 3572 839 3631 dixit,
857 3572 922 3635 quod
938 3576 1035 3622 alternis
1051 3573 1147 3622 dierum
1165 3573 1244 3624 nocti·

130 3653 187 3687 rum
198 3654 301 3688 munere
311 3655 338 3687 se
353 3639 429 3713 probe
445 3637 515 3700 fungi
531 3637 673 3687 existimant
705 3653 795 3700 umque
814 3637 909 3688 vicibus
927 3639 999 3687 modo
1019 3638 1056 3686 sol
1075 3638 1148 3687 modo
1166 3638 1244 3691 stelle

132 3703 258 3767 Epicurei,
270 3703 291 3751 si
299 3702 428 3767 possibiles
436 3703 552 3766 quasdam
562 3711 672 3752 motuum
704 3703 831 3766 prodeunt,
844 3711 869 3751 et
880 3702 968 3753 coelum
981 3712 1096 3767 vertatur.

130 3767 269 3817 coelestium
291 3783 378 3817 causas
404 3767 545 3830 assignent:
575 3767 601 3816 id
620 3769 672 3829 Jam
737 3769 793 3819 517.
811 3767 1243 3832 Hausera]Rotarumcadi,abhau-

131 3832 185 3896 agit
200 3832 338 3891 Lucretius,
358 3848 381 3880 v.
403 3834 442 3880 25.
467 3833 533 3880 Nam
552 3832 575 3881 si
594 3841 672 3886 totum
704 3831 804 3888 riendor
823 3836 919 3882 Nonius.

129 3897 220 3947 coelum
236 3906 372 3955 moveatur,
389 3905 442 3945 tum
460 3906 543 3961 potest
562 3912 615 3946 esse
632 3899 673 3945 aer
738 3900 794 3947 522.
810 3895 955 3962 Volvant‘se]
969 3899 1039 3949 Istud
1050 3915 1075 3948 se
1085 3898 1224 3949 delendum.

129 3962 231 4026 duplex,
243 3961 305 4011 alter
321 3962 364 4025 qui
380 3977 486 4025 superne
502 3971 605 4026 premat,
622 3978 672 4010 coe·
739 3963 801 4012 lbid
822 3965 933 4012 Immanis
948 3963 1045 4026 templo]
1058 3962 1186 4026 Virgilius,
1197 3965 1244 4013 Pe·

131 4027 231 4090 lumque
249 4027 276 4075 in
297 4042 409 4076 occasum
430 4036 524 4090 urgeat,
547 4027 610 4076 alter
631 4027 672 4089 qui
704 4031 795 4091 ruitque
804 4027 922 4077 immania
934 4031 1024 4090 torpla.
1051 4027 1102 4076 Alii
1114 4036 1196 4076 tamen
1208 4030 1247 4074 iss

131 4091 228 4141 inferne
245 4093 314 4155 quasi
330 4092 501 4140 subtervchar:
526 4091 547 4140 si
566 4091 676 4154 quiescat
707 4098 769 4141 ania.

131 4156 207 4216 orbis,
217 4166 269 4205 tum
280 4156 373 4221 rapidae
384 4157 495 4219 quaedam
506 4157 605 4206 retheris
617 4172 673 4220 par·
741 4159 796 4207 526.
818 4159 951 4207 Pascentem
968 4173 1063 4219 corporo
1073 4154 1194 4216 flammea]
1213 4154 1249 4203 Ut

132 4220 216 4270 riculae
233 4222 327 4271 exitum
346 4221 373 4270 in
391 4223 465 4270 inane
484 4222 591 4286 spatium
609 4237 674 4284 quae·
708 4222 749 4271 lib.
770 4223 806 4271 11.
831 4222 994 4286 Depascimus
1014 4237 1086 4269 aurea
1103 4222 1174 4268 dtrta.
1196 4218 1250 4269 Alii

133 4295 225 4345 rentes,
243 4302 289 4335 nec
306 4286 387 4335 valida
405 4286 491 4335 mundi
507 4286 599 4336 moenia
618 4302 674 4350 per·
708 4295 798 4345 autem,
808 4295 928 4397 perpendes
939 4302 1034 4347 corpora
1044 4287 1207 4342 retuderam.

820 4365 835 4397 a
