2872 4852
220 233 287 301 318
602 226 647 291 Τ.
677 223 948 291 LUCRETII

308 385 356 452 Ut
370 407 426 451 vas
441 385 475 449 in
490 392 577 448 terra
591 404 657 446 non
670 381 742 466 quit
756 391 917 457 constare,
932 379 995 444 nisi
1009 377 1126 447 humor

243 502 290 549 555
308 488 446 554 Destitit
459 486 493 549 in
507 485 608 550 dubio
622 483 726 549 fluctu
736 483 891 569 jactarier
904 483 1003 549 intus.

351 590 528 665 Praeterea,
546 587 674 652 Ventus
690 609 764 651 curn
778 608 838 670 per
852 583 924 650 loca
939 584 1081 649 subcava
1096 594 1193 653 terrae

310 690 485 756 Conlectus
500 689 587 774 parti
602 711 643 752 ex
658 711 723 752 una
738 688 932 772 procumbit,
948 695 981 750 et
995 697 1092 770 urget

310 792 464 857 Obnixus
479 790 604 874 magnis
621 787 791 874 speluncas
806 789 928 853 viribus
943 786 1044 865 altas;

233 929 236 936 ·
309 893 471 958 Incumbit
486 891 581 957 tellus
596 914 662 976 quo
677 891 779 958 Venti
793 913 896 976 prona
910 891 1028 977 premit
1041 889 1107 953 vis:

245 1009 293 1057 550
310 995 409 1072 Tum,
426 1016 545 1078 supera
560 1004 679 1058 terram
692 1016 767 1078 quae
782 1004 857 1058 sunt
872 1002 1040 1057 exstructa
1055 992 1236 1069 domorum,

310 1097 367 1163 Ad
383 1096 564 1181 coelumque
579 1097 680 1181 magis
697 1106 818 1181 quanto
834 1104 909 1159 sunt
924 1095 1012 1159 edita
1027 1115 1176 1178 quaeque,

310 1198 467 1264 Inclinata
481 1198 603 1262 minent
617 1199 649 1260 in
665 1198 801 1262 eandem
813 1197 944 1281 prodita
957 1205 1101 1281 partem;

310 1300 556 1384 Protractaeque
571 1300 681 1363 trabes
696 1299 884 1383 impendent
899 1299 946 1362 ire
959 1306 1100 1381 paratae:

311 1403 358 1467 Et
371 1413 521 1468 metuunt
536 1402 643 1485 magni
657 1401 820 1466 Naturam
835 1401 969 1466 credere
986 1398 1107 1463 Mundi

246 1518 295 1565 565
313 1504 455 1569 Exitiale
471 1503 602 1589 aliquod
618 1513 758 1588 tempus,
775 1502 964 1586 clademque
979 1523 1120 1578 manere,

312 1607 395 1671 Cum
410 1607 541 1670 videant
555 1616 677 1670 tantam
692 1604 870 1670 Terrarum
884 1605 1071 1669 incumbere
1086 1601 1213 1669 molem.
1261 1626 1264 1634 ¹

313 1707 415 1782 Quod
429 1708 491 1770 nisi
505 1707 666 1791 respirent
681 1705 793 1784 Venti,
809 1729 874 1770 non
889 1705 954 1770 ulla
969 1704 1122 1769 refraenet

313 1809 396 1885 Rea,
412 1830 517 1891 neque
531 1809 573 1872 ab
589 1809 688 1872 exitio
703 1808 809 1892 possit
822 1807 1020 1892 reprendere
1034 1806 1178 1871 eunteis:

311 1911 412 1974 Nunc
427 1910 504 1993 quia
518 1909 680 1993 respirant
693 1907 837 1986 alternis,
852 1910 950 1994 inque
965 1919 1172 1994 gravescunt,

247 2022 295 2074 575
315 2012 362 2075 Et
376 2012 470 2096 quasi
484 2010 621 2075 conlecti
635 2011 785 2088 redeunt,
800 2011 986 2096 ceduntque
1001 2010 1142 2096 repulsi3

312 2114 440 2197 Saepius
455 2112 540 2177 hanc
555 2113 598 2176 ob
613 2134 682 2176 rem
696 2113 863 2177 minitatur
877 2113 984 2176 Terra
1000 2113 1122 2189 ruinas,

312 2215 422 2289 Quam
436 2214 529 2278 facit:
552 2213 724 2297 inclinatur
738 2214 834 2291 enim,
849 2225 1003 2298 retroque
1017 2213 1151 2290 recellit,

312 2317 360 2380 Et
374 2316 490 2400 recipit
504 2315 657 2400 prolapsa
673 2338 748 2378 suas
766 2337 800 2380 se
815 2316 848 2379 in
862 2315 1008 2400 pondere
1025 2315 1142 2380 sedeis.

311 2419 387 2483 Hac
401 2418 500 2502 igitur
514 2419 638 2483 ratione
653 2416 802 2482 vacillant
817 2419 923 2482 omnia
939 2426 1035 2494 tecta,

246 2530 295 2581 575
313 2522 445 2584 Summa
458 2519 560 2602 magis
576 2519 702 2595 mediis,
718 2518 824 2582 media
838 2519 921 2595 imis,
937 2519 1001 2583 ima
1015 2517 1186 2603 perhilum.

356 2622 420 2685 Est
434 2620 506 2686 haec
521 2620 668 2705 ejusdem
683 2641 813 2704 quoque
829 2620 937 2704 magni
953 2642 1051 2684 causa
1066 2621 1226 2698 tremoris,

226 2804 302 2854 fluctu
311 2820 397 2867 quoque
409 2811 473 2851 terra
480 2803 609 2853 vacillans:
627 2803 694 2852 nullo
704 2818 762 2852 vero
794 2803 904 2866 sequitur
916 2812 1034 2852 tectorum
1044 2801 1179 2861 dissolutio,
1191 2810 1216 2850 et
1226 2802 1309 2852 ruina.

226 2869 299 2916 modo
311 2867 368 2916 ferri
379 2876 460 2930 potest
470 2866 536 2916 istud
548 2868 649 2926 Gisanii,
661 2868 697 2915 Ut
709 2870 761 2930 jac·
827 2868 882 2915 562.
901 2867 1004 2930 Miscent]
1015 2868 1086 2916 Unde
1096 2877 1180 2916 natum
1192 2867 1337 2926 imminent,

227 2941 300 2989 tetur,
312 2949 377 2994 aqua
383 2934 459 2992 fluctu
470 2948 555 2994 quoque
566 2940 630 2981 terra
641 2935 739 2982 vacillet.
793 2931 941 2995 prominent,
953 2942 999 2981 etc.

260 2997 316 3044 554.
338 2999 369 3044 Ut
380 3012 420 3044 uas
429 2998 454 3043 in
466 2995 542 3059 terra]
555 2997 657 3047 Vossius
669 2996 700 3045 ad
714 2996 761 3044 Ca·
827 2996 882 3044 566.
906 3001 1078 3059 Protractaequc
1098 2995 1186 3059 nabes]
1206 2996 1273 3044 Nam
1292 2995 1335 3046 in-

226 3060 322 3118 tullum,
331 3076 355 3124 p.
366 3061 421 3108 3³1.
461 3063 492 3109 Ut
503 3077 543 3109 vas
554 3060 640 3123 inserti.
669 3061 762 3109 Vinum
795 3060 884 3109 clinata
894 3061 988 3120 tellure,
998 3061 1167 3110 trabesesuis
1177 3061 1277 3110 sedibus
1288 3077 1336 3110 ex·

227 3135 309 3175 autem
325 3123 433 3188 insertum
449 3135 487 3173 est
503 3126 587 3174 vinum
606 3141 698 3174 novum
715 3125 761 3189 (vi-
794 3141 871 3174 cussae
881 3126 990 3189 protrahi
1002 3126 1123 3174 videntur.

226 3208 279 3239 num
290 3189 405 3254 inferiunt,
417 3193 443 3238 id
453 3194 512 3252 quod
523 3194 547 3239 in
561 3193 709 3252 sacrificando
724 3195 760 3239 r'n·
828 3191 883 3238 565.
900 3193 933 3239 Et
943 3189 1184 3253 metuunt-eredere]
1201 3190 1235 3238 Et
1250 3189 1335 3239 homi·

218 3254 264 3319 sra
283 3263 372 3317 patera
396 3259 485 3303 labrum
503 3258 638 3317 portebatur,
659 3256 762 3318 Festus),
794 3270 839 3303 nes
848 3264 961 3303 metuunt
970 3271 1047 3318 uque
1058 3256 1126 3314 adeo,
1136 3265 1164 3304 ut
1174 3255 1277 3303 credant
1287 3269 1335 3304 ex·

225 3321 281 3384 quis
289 3337 347 3370 vero
358 3320 437 3370 nescit
445 3321 530 3369 vinum
541 3335 631 3369 novum
642 3335 692 3368 non
703 3337 761 3369 con·
795 3319 866 3368 itium
878 3319 983 3382 aliquod,
994 3320 1135 3384 clademque
1146 3320 1238 3368 mundo
1249 3318 1335 3368 immi·

226 3385 300 3434 tineri
316 3387 342 3434 in
359 3385 424 3436 vasis
439 3394 483 3434 aut
501 3384 580 3443 doliis,
597 3383 619 3433 si
636 3400 686 3432 non
703 3386 763 3434 satis
795 3400 861 3442 nere,
876 3387 1018 3440 Lambinusf
1035 3394 1060 3433 st
1075 3385 1157 3434 forsan
1173 3385 1225 3432 haec
1241 3393 1336 3433 estve·

226 3450 391 3499 deferbuerit?
417 3452 452 3497 At
468 3465 522 3498 rem
537 3450 615 3513 ipsam
634 3464 684 3497 non
704 3450 763 3498 satis
795 3448 846 3497 rior
856 3449 1033 3513 interpretatio.

226 3514 332 3562 attendit
343 3515 381 3563 vir
391 3514 433 3562 ille
448 3514 540 3571 doctus,
553 3513 607 3576 quis
624 3513 690 3562 enim
701 3514 764 3562 vidit
828 3514 883 3563 568.
900 3517 1046 3576 Reprendcre
1056 3512 1157 3576 maleit]
1174 3515 1271 3571 Eunter,
1284 3512 1336 3562 im·

225 3577 291 3625 dolia
302 3580 333 3627 ab
344 3578 391 3626 isto
407 3593 470 3626 novo
483 3578 539 3626 vino
556 3578 621 3640 quod
638 3593 686 3626 non
703 3578 762 3627 satis
794 3586 879 3641 petum
888 3578 1013 3637 facientes,
1020 3578 1107 3627 melius
1118 3586 1208 3628 cuntem
1213 3597 1223 3633 ,-
1240 3586 1336 3627 terram

226 3641 347 3690 deferbuit
355 3644 463 3704 jactatat
482 3650 506 3690 et
518 3658 572 3704 quae
586 3645 637 3690 novi
654 3647 701 3690 vini
717 3657 761 3690 ne·
794 3641 840 3690 viz.
854 3643 1002 3707 perituram:
1020 3642 1078 3692 alibi
1095 3647 1130 3693 irc
1145 3658 1191 3708 pro
1207 3642 1278 3702 mori,
1289 3653 1337 3694 aut

226 3705 335 3762 cessitas,
352 3705 489 3753 cumidem
506 3707 614 3755 efficeret
629 3705 709 3768 liquor
725 3707 761 3755 vi·
793 3706 882 3770 perire.

225 3769 349 3818 lissimusl
368 3769 445 3817 Recte
456 3769 531 3833 igitur
542 3774 640 3820 interra
652 3770 739 3819 editur.
827 3770 882 3824 572.
897 3773 1012 3834 Retroquc
1018 3771 1119 3835 recellit]
1128 3770 1256 3828 Reclinat;
1272 3773 1333 3821 Fes-

259 3833 314 3880 556.
339 3832 464 3890 Praeterea,
485 3836 577 3893 Ventus,
594 3833 651 3897 etc]
669 3835 761 3893 Tertio,
794 3842 837 3884 tus.

226 3913 249 3947 r.
263 3899 301 3945 20.
314 3896 387 3945 tellus
397 3905 471 3945 vento
482 3898 595 3971 agitatur,
608 3913 761 3948 namvenrus
826 3899 881 3951 575.
899 3902 950 3948 Ima
963 3901 1089 3965 perlitum]
1106 3900 1237 3950 Paululum
1251 3899 1335 3959 modo,

226 3961 252 4011 iu
262 3961 390 4026 speluncas
399 3960 493 4009 telluris
502 3976 604 4019 irruens,
615 3962 673 4010 facit
683 3972 711 4012 ut
722 3963 761 4013 in·
794 3964 845 4012 fere
855 3963 924 4024 nihil,
935 3964 985 4015 imo
997 3967 1057 4015 nihil
1074 3964 1180 4025 omnino,
1192 3977 1336 4028 quanquam

225 4027 302 4076 clinet
317 4025 396 4082 tellus,
414 4024 457 4073 sed
473 4040 528 4073 cunr
545 4025 617 4074 flatus
628 4028 695 4074 venti
712 4043 761 4077 non
794 4042 879 4077 verum
891 4041 1002 4080 nonest:
1020 4034 1104 4080 Faber.

225 4092 259 4141 sit
274 4089 412 4147 continuus,
429 4104 484 4136 cum
502 4088 632 4152 aliquando
648 4092 762 4155 repulsus
827 4092 881 4142 576.
900 4096 945 4141 Est
957 4097 1005 4142 haec
1021 4096 1121 4157 ejusdem
1137 4092 1235 4158 quoquc]
1256 4092 1334 4143 lacli-

225 4157 303 4214 cedat,
311 4171 337 4203 se
344 4169 387 4202 sua
392 4152 513 4217 gravitate
523 4153 548 4200 in
558 4155 674 4228 pristinas
683 4157 760 4216 sedes,
794 4155 918 4205 nationem
930 4169 1107 4221 tremoremque
1120 4169 1192 4208 terras
1203 4157 1290 4223 pulsus
1307 4168 1336 4208 et

225 4220 275 4270 imo
287 4219 312 4268 in
324 4219 424 4268 alteram
435 4225 530 4281 partem
541 4219 615 4267 nrmis
626 4220 762 4283 prolabitur
793 4220 918 4270 succussio
929 4237 994 4285 saepe
1006 4221 1150 4279 comitatum
1168 4223 1258 4271 namsi
1270 4237 1334 4273 ven·

226 4295 304 4342 terrm
321 4284 393 4333 istam
402 4293 483 4333 autem
496 4291 567 4331 terrae
578 4282 760 4358 fluctuationem
794 4295 834 4334 tus
856 4300 973 4335 cavernas
999 4297 1149 4351 perrumpat,
1172 4286 1334 4350 diffindatque
