2872 4852
439 192 611 257 LIBER
641 193 903 266 QUINTUS.
1160 196 1225 260 239

155 359 186 405 20
205 346 260 410 Ex
274 369 341 431 quo
359 369 444 411 nunc
460 349 555 411 etiam
570 370 630 431 per
645 371 778 432 magnas
795 350 898 413 didita
914 351 1039 434 genteis

203 449 323 513 Dulcia
338 449 538 533 permulcent
554 451 677 514 animos
694 450 808 514 solatia
823 453 908 515 vitae.

246 551 398 616 Herculis
416 553 570 616 antistare
587 554 695 616 autem
711 553 738 616 si
753 552 839 616 facta
854 555 996 637 putabis,

202 653 349 736 Longius
365 676 384 716 a
399 674 475 716 vera
489 653 590 717 multo
605 655 730 717 ratione
747 653 870 732 ferere;

202 754 293 826 Quid
309 754 484 819 Nemeaeus
500 756 585 819 enim
601 756 695 818 nobis
711 777 796 819 nunc
812 778 948 840 magnus
963 755 1072 819 hiatus

153 867 184 913 25
203 853 261 918 Ille
278 855 398 919 Leonis
415 857 557 932 obesset,
573 866 607 919 et
621 855 758 920 horrens
775 854 938 919 Arcadius
954 855 1042 920 Sus?

201 956 353 1039 Denique
369 957 448 1039 quid
464 955 572 1020 Cretae
587 967 712 1033 tauruS,
730 956 933 1040 Lernaeaque
949 958 1051 1040 pestis

201 1057 320 1141 Hydra
333 1058 499 1121 venenatis
515 1069 629 1141 posset
643 1056 760 1120 vallata
776 1055 941 1121 colubris?

203 1158 334 1230 Quidve
350 1159 526 1241 tripectora
541 1159 710 1241 tergemini
725 1158 772 1221 vis
788 1157 978 1242 Geryonai?

203 1259 250 1322 Et
266 1259 436 1322 Diomedis
451 1261 527 1343 equi
543 1261 702 1342 spirantes
718 1259 851 1322 naribus
867 1260 975 1342 ignem

154 1373 185 1418 3⁰
202 1360 368 1437 Thracen,
386 1361 615 1444 Bistoniasque
631 1359 755 1444 plagae,
771 1370 870 1443 atque
886 1359 1010 1424 Ismara
1024 1371 1169 1446 propter,

202 1462 392 1547 Tantopere
408 1463 574 1527 officerent
588 1462 704 1526 nobis?
728 1462 885 1544 uncisque
901 1463 1051 1527 timendae

202 1563 377 1648 Unguibus
394 1563 547 1628 Arcadiae
561 1563 708 1628 volucres
726 1562 918 1647 Stymphala
933 1564 1099 1629 colentes?

200 1665 378 1750 Aureaque
393 1665 617 1749 Hesperidum
632 1686 764 1728 servans
780 1663 938 1748 fulgentia
954 1664 1037 1729 mala

200 1767 321 1851 Asper,
338 1769 457 1832 acerba
472 1778 578 1844 tuens,
594 1767 723 1830 immani
739 1789 874 1851 corpore
892 1767 1047 1852 Serpens,

152 1882 183 1928 ³⁵
201 1869 340 1933 Arboris
356 1869 524 1953 amplexus
541 1870 693 1953 stirpem;
717 1868 796 1953 quid
813 1870 953 1952 denique
970 1871 1112 1947 obesset,

198 1972 341 2056 Propter
355 1970 556 2037 Atlantaeum
569 1971 674 2048 littus,
692 1970 872 2055 pelageque
890 1994 1013 2048 severa,

201 2075 278 2147 Quo
288 2096 394 2157 neque
406 2084 517 2138 noster
527 2074 596 2138 adit
607 2073 790 2156 quisquam,
801 2095 907 2157 neque
921 2073 1089 2137 Barbarus
1102 2075 1220 2139 audet?

201 2176 329 2240 Caetera
344 2175 386 2240 de
400 2197 520 2259 genere
535 2174 598 2238 hoc
613 2197 687 2258 quae
703 2185 778 2238 sunt
793 2185 945 2258 portenta
959 2186 1115 2258 peremta,

199 2277 235 2341 Si
250 2300 314 2341 non
329 2278 414 2342 victa
430 2276 548 2352 forent,
565 2276 644 2359 quid
660 2275 791 2338 tandem
806 2276 878 2339 viva
893 2279 1070 2339 nocerent?

151 2391 183 2438 4⁰
201 2379 270 2457 Nil,
286 2389 324 2443 ut
339 2380 473 2463 opinor:
496 2379 542 2441 ita
558 2377 600 2441 ad
616 2378 763 2441 satiatem
778 2386 866 2441 terra
880 2376 1036 2441 Ferarum

197 2481 297 2546 Nunc
312 2483 408 2545 etiam
426 2482 531 2558 scatit,
548 2492 581 2545 et
597 2481 726 2565 trepido
741 2489 865 2544 terrore
881 2478 1006 2563 repleta
1022 2479 1062 2542 ’st

198 2583 265 2647 Per
278 2605 410 2646 nemora
424 2606 461 2647 ac
475 2584 612 2647 monteis
627 2604 772 2666 magnos,
790 2581 961 2665 sylvasque
975 2580 1174 2665 profundas3

199 2685 284 2757 Quae
299 2682 371 2748 loca
384 2686 508 2749 vitandi
522 2683 714 2769 plerumque
730 2694 781 2748 est
794 2693 906 2747 nostra
920 2694 1077 2768 potestas.

241 2785 289 2850 At
302 2786 364 2849 nisi
379 2797 554 2870 purgatum
569 2787 609 2849 'st
624 2797 750 2870 pectus,
767 2809 841 2870 quae
855 2786 971 2871 proelia
986 2788 1090 2863 nobis,

149 2901 181 2946 45
199 2886 311 2971 Atque
327 2887 472 2971 pericula
487 2897 564 2951 tunc
578 2887 713 2972 ingratis
728 2889 978 2953 insinuandum?

198 2990 340 3063 Quantae
356 2990 571 3054 conscindunt
585 2989 746 3053 hominem
763 2990 965 3075 Cuppedinis
981 3013 1072 3056 acres

198 3091 377 3156 Sollicitum
392 3095 501 3157 curae?
524 3093 702 3176 quantique
717 3094 853 3176 perinde
869 3095 1022 3156 timores?

198 3195 329 3268 Quidve
346 3194 518 3278 Superbia,
535 3192 727 3276 Spurcities,
744 3192 940 3270 Petulantia,
956 3203 1094 3277 quantas

198 3296 354 3361 Efficiunt
371 3296 514 3360 cladeisl
537 3295 614 3378 quid
633 3294 760 3372 Luxus,
777 3295 1018 3377 Desidiesquel

144 3523 182 3569 28.
209 3520 354 3583 Tripeetora]
374 3519 494 3584 Virgilius
516 3529 542 3568 et
564 3521 646 3568 Hora·
680 3519 762 3584 κόρονι
787 3520 813 3570 id
833 3530 878 3579 est,
897 3519 967 3568 valde
988 3529 1031 3568 aut
1052 3520 1161 3575 abunde;
1191 3528 1217 3567 et

110 3584 159 3633 tius
168 3585 253 3636 dicunt
263 3587 402 3650 Geryonem
415 3589 563 3648 tergeminum
575 3594 600 3634 et
612 3593 647 3634 ter
679 3601 750 3634 versu
767 3586 879 3648 sequenti
895 3589 972 3633 scatit.
1007 3584 1048 3632 Sic
1064 3585 1134 3646 infra,
1152 3587 1214 3632 Lar-

110 3653 215 3710 umplum.
676 3654 772 3713 gistuum
785 3651 874 3713 fustem
892 3657 992 3706 scatere,
1011 3658 1078 3712 etque
1099 3665 1215 3710 erumpere

143 3715 181 3763 36.
212 3715 340 3778 Pelageque
362 3714 453 3777 severa]
478 3713 531 3762 Lib.
552 3713 598 3762 Vl.
622 3730 644 3762 v.
673 3719 766 3776 flumen.

109 3779 645 3842 619.·AtPelagemoua,etzateserenata
710 3782 749 3827 45.
774 3783 849 3841 Atque
869 3781 974 3841 periculo
997 3776 1063 3841 tune]
1087 3777 1214 3832 Gifunius;

107 3846 216 3892 videmus.
245 3844 339 3892 Eadem
351 3859 411 3891 voce
424 3843 501 3892 utitur
518 3843 645 3901 Manilius,
677 3848 897 3907 etqueperieulaert.
918 3845 1213 3892 Preliaiasa‘nuandumao·

108 3907 150 3956 lib.
165 3908 200 3956 11.
212 3925 235 3955 v.
249 3910 287 3957 90.
317 3912 393 3970 Atque
403 3911 451 3956 hee
462 3911 544 3956 reditio
556 3908 645 3970 Pelage
680 3912 729 3957 bia:
746 3909 772 3957 id
782 3919 825 3966 est,
836 3908 923 3957 Praelia
933 3917 991 3956 sunt
1000 3908 1069 3956 nobis
1080 3906 1215 3955 subeunda.

108 3976 251 4021 humaldere
262 3975 321 4021 luae
332 3975 399 4021 Mota
411 3981 479 4021 tenet.
508 3975 645 4020 Seoeraau-
712 3975 751 4023 48.
769 3972 908 4036 spurcities]
927 3973 1041 4036 Spurcus,
1054 3969 1154 4034 ὰσυρήςι
1173 3969 1214 4031 qui

109 4045 159 4085 tem
176 4037 270 4101 pelage,
282 4053 332 4085 non
348 4036 502 4100 navigabilia,
518 4046 561 4084 aut
577 4037 646 4084 navi·
679 4045 708 4085 ut
729 4038 903 4102 interpretatur
926 4037 1041 4100 Polybius
1064 4036 1105 4084 lib.
1126 4033 1214 4082 XVII.

108 4101 223 4164 gantibus
246 4102 341 4150 infesta.
380 4102 420 4149 Sic
441 4101 568 4164 Virgilius,
590 4105 646 4148 Am·
681 4104 818 4166 ὁλοσχερῶς
830 4101 863 4152 εἰς
873 4099 1005 4161 ἆσέλγειαν
1013 4101 1130 4161 ἐξώκειλε.
1156 4096 1214 4144 vid.

108 4183 202 4227 nemque
213 4181 325 4215 severum
339 4169 418 4229 Cocyti
429 4173 519 4215 metuet.
681 4167 850 4215 casaubonum
873 4167 904 4216 ad
926 4163 1089 4227 Theophrasti
1116 4162 1215 4210 charac-

139 4232 179 4277 40.
187 4230 386 4293 Itaedreta‘atem]
395 4228 648 4292 Adsatietatenr,apls
682 4240 753 4290 teres,
765 4248 788 4295 p.
804 4233 856 4279 180.
