2872 4852
442 214 611 279 LIBER
642 212 918 286 QUARTUS.
1165 214 1234 276 1105

215 373 269 437 Sic
284 373 383 457 igitur
397 369 497 435 Ratio
512 371 571 434 tibi
584 392 693 433 rerum
708 391 809 453 prava
822 390 956 432 necesse
971 368 1022 441 ’st,

213 474 375 559 Falsaque
390 475 442 552 sit,
459 472 549 537 falsis
565 493 769 556 quaecunque
786 471 828 535 ab
843 471 1002 534 Sensibus
1017 480 1090 533 orta
1103 471 1154 534 'st.

121 566 123 569 ’
150 573 198 619 ⁵²⁵
255 576 355 642 Nunc
371 576 425 640 alii
440 576 563 640 Sensus
579 596 645 660 quo
659 585 756 658 pacto
771 575 909 658 quisque
925 595 1016 636 suam
1031 594 1099 636 rem

214 679 352 756 Sentiat,
368 677 458 742 haud
473 699 635 761 quaquam
650 677 732 740 ratio
749 696 905 758 scruposa
919 673 1032 737 relicta
1046 674 1097 736 ’st.

258 780 436 865 Principio,
452 779 584 844 auditur
599 779 719 855 SonuS,
736 789 769 842 et
783 777 862 842 Vox
877 776 990 852 omnis,
1006 776 1040 838 in
1054 772 1174 839 Aureis

216 883 385 947 lnsinuata
400 904 459 946 suo
473 881 629 966 pepulere
644 882 702 945 ubi
716 901 853 964 corpore
870 900 1019 942 sensum:

215 983 415 1068 Corpoream
429 1005 560 1068 quoque
576 983 661 1047 enim
676 981 802 1047 Vocem
817 990 966 1045 constare
980 978 1148 1043 fatendum
1165 979 1214 1053 'st,

150 1099 199 1146 530
214 1086 261 1149 Et
277 1080 437 1163 Sonitum,
454 1086 607 1169 quoniam
620 1094 760 1168 possunt
774 1081 939 1166 impellere
955 1081 1089 1145 Sensus.

215 1188 430 1253 Praeterradit
444 1187 528 1250 enim
543 1185 621 1250 Vox
636 1183 758 1248 fauceis
775 1205 873 1267 saepe,
889 1182 1029 1266 facitque
1113 1179 1116 1185 ’

215 1289 395 1374 Asperiora
409 1288 496 1352 foras
511 1287 663 1372 gradiens
679 1286 797 1349 arteria
814 1284 954 1348 Clamor.

217 1392 362 1476 Quippe,
378 1414 438 1475 per
454 1400 628 1475 angustum
641 1390 739 1453 turba
752 1388 873 1472 majore
887 1397 998 1452 coorta

216 1494 269 1558 Ire
284 1493 371 1557 foras
387 1493 445 1556 ubi
459 1502 631 1576 coeperunt
644 1490 821 1575 primordia
836 1488 976 1565 Vocum,

152 1607 199 1653 5³5
215 1594 345 1659 Scilicet
360 1594 499 1678 expletis
515 1616 645 1679 quoque
656 1594 758 1679 janua
772 1592 898 1656 raditur
913 1591 977 1654 oris

216 1694 332 1761 Rauca
346 1698 416 1773 viis,
434 1706 467 1760 et
481 1698 544 1760 iter
558 1693 648 1759 laedit
662 1717 728 1778 qua
743 1694 821 1759 Vox
835 1696 861 1758 it
875 1695 908 1757 in
925 1715 1031 1757 auras.

217 1797 319 1861 Haud
334 1799 432 1882 igitur
442 1798 578 1862 dubium
592 1808 654 1874 est,
667 1797 745 1880 quin
759 1796 881 1872 Voces,
897 1794 1074 1878 Verbaque
1087 1804 1236 1858 constent

217 1899 391 1984 Corporeis
407 1922 426 1963 e
441 1900 618 1983 principiis,
635 1908 672 1962 ut
686 1896 807 1962 laedere
822 1898 959 1982 possint.

259 2001 334 2065 Nec
349 2012 382 2064 te
396 1999 478 2064 fallit
492 2002 579 2077 item,
595 2001 674 2083 quid
688 2000 833 2083 corporis
848 1999 986 2075 auferat,
1002 2008 1035 2061 et
1050 1997 1130 2081 quid

154 2117 202 2162 oso
218 2101 383 2166 Detrahat
399 2123 440 2164 ex
456 2101 633 2164 Hominum
648 2101 766 2177 nervia,
782 2122 820 2163 ac
835 2100 956 2164 viribus
971 2099 1050 2182 ipsis

219 2203 402 2285 Perpetuus
420 2201 532 2263 Sermo
546 2201 650 2283 nigrai
664 2201 768 2264 noctis
784 2200 827 2262 ad
843 2201 999 2275 umbram,

219 2302 360 2365 Aurorae
374 2301 553 2385 perductus
568 2301 610 2364 ab
625 2302 792 2364 exoriente
807 2301 930 2376 nitore3

220 2403 408 2468 Praesertim
423 2403 450 2465 si
466 2424 539 2466 cum
554 2423 677 2464 summo
692 2401 732 2464 ’st
747 2399 886 2464 clamore
902 2399 1073 2485 profusus:

220 2508 315 2591 Ergo
329 2527 518 2589 corpoream
532 2503 658 2568 Vocerir
672 2514 822 2568 constare
838 2524 971 2567 necesse
987 2502 1038 2578 ’st,

156 2622 203 2668 545
219 2607 328 2674 Multa
342 2607 478 2691 loquens
494 2607 646 2690 quoniam
660 2607 777 2669 amittit
790 2606 831 2669 de
847 2626 983 2687 corpore
999 2614 1136 2688 partem.

262 2708 434 2793 Asperitas
451 2719 559 2773 autem
575 2707 676 2773 Vocis
691 2705 730 2771 fit
743 2707 785 2770 ab
801 2707 977 2789 asperitate

166 2980 221 3026 525.
233 2979 303 3026 Nunc
314 2980 357 3025 5111
367 2980 458 3035 Sensus,
470 2975 526 3039 eta]
541 2976 669 3025 Hactenus
701 2975 727 3025 id
744 2985 781 3024 est
797 2979 859 3034 15515,
877 2975 1018 3034 Lambinus,
1030 2975 1072 3038 qui
1083 2991 1180 3025 versum
1198 2991 1237 3024 se-

132 3043 163 3090 de
178 3045 444 3097 11555111155515515515,Ι
457 3045 509 3104 jam
519 3056 594 3103 usque
606 3041 638 3089 ad
646 3056 667 3089 v.
702 3050 816 3103 quentem
827 3040 921 3103 rejicit:
939 3040 1040 3089 retineri
1052 3049 1134 3089 autem
1149 3049 1238 3104 potest,

133 3108 187 3154 618.
199 3108 228 3155 de
241 3108 308 3155 Voce
320 3115 345 3154 et
355 3106 456 3155 Auditu.
486 3104 569 3154 Primo
578 3115 668 3164 autem,
702 3108 760 3154 dum
772 3106 867 3154 adrem
878 3105 943 3163 facit,
956 3116 981 3154 et
992 3107 1143 3153 commodam
1159 3105 1236 3152 inter·

133 3177 155 3219 t.
176 3172 213 3219 14.
229 3172 301 3220 docet
317 3171 375 3233 quid
392 3170 425 3219 sit
438 3173 537 3219 audire:
556 3170 669 3219 audimus
701 3170 862 3234 pretationem
874 3170 973 3233 patitur.

133 3251 191 3283 vero
211 3252 267 3284 cum
289 3251 338 3283 vox
360 3251 431 3283 aures
451 3234 557 3297 attingit,
576 3250 668 3296 suoque
735 3237 789 3283 539.
807 3237 858 3283 Nec
872 3243 893 3282 te
903 3232 1051 3296 sallita'tem]
1069 3233 1148 3280 Priori
1165 3248 1237 3296 argu-

132 3315 233 3364 corpore
244 3308 327 3349 movet
338 3309 363 3347 et
378 3299 484 3374 impellit
498 3315 597 3347 sensum
608 3298 670 3346 Voci
701 3308 784 3347 mento
795 3298 878 3355 alium,
890 3315 912 3347 v.
926 3297 948 3349 7.
960 3297 1086 3360 subjungit
1096 3298 1126 3346 ab
1140 3297 1237 3360 experi·

132 3363 175 3412 isti
185 3364 349 3428 percipiendas
361 3364 516 3412 destinatum.
541 3363 615 3418 Quod
625 3378 669 3410 au·
702 3363 768 3410 entia
788 3362 901 3410 ductum:
925 3362 1013 3425 aliquis
1030 3376 1119 3424 magna
1136 3371 1237 3409 conten·

133 3434 183 3476 tem
195 3444 243 3478 vox
253 3443 370 3491 corporea
382 3427 415 3476 sit
430 3427 456 3475 id
467 3442 526 3476 vero
541 3440 579 3474 est
590 3427 668 3474 mani·
702 3427 768 3474 tione
777 3426 898 3488 loquatur,
907 3427 999 3475 debelis
1010 3426 1054 3473 fiet
1065 3436 1089 3474 et
1100 3425 1237 3488 languidus.

132 3493 234 3548 festum
251 3493 316 3541 radit
327 3492 393 3540 enim
404 3492 494 3548 lauces,
504 3491 562 3539 facit
571 3506 670 3554 asperas
703 3492 761 3538 Non
772 3499 853 3538 autem
865 3490 986 3538 dubitabit
996 3505 1080 3539 vocem
1097 3505 1238 3554 corpoream

133 3566 159 3605 et
174 3557 248 3615 ladit,
265 3556 368 3619 ideoque
383 3565 468 3619 tangat
479 3571 577 3604 necesse
589 3565 633 3612 est,
644 3565 670 3603 at
702 3570 762 3612 esse,
773 3571 829 3602 cum
838 3570 951 3618 magnam
962 3554 1071 3618 corporis
1085 3555 1124 3602 sui
1135 3563 1238 3618 partem,

133 3622 197 3683 quod
221 3622 300 3684 tangit
316 3631 359 3670 aut
380 3621 494 3733 ωηῖἱωῐ,
516 3629 555 3669 est
573 3635 668 3732 corpus.
702 3621 759 3668 dum
770 3619 885 3681 loquitur,
897 3620 1030 3667 detractam
1042 3619 1152 3668 senserit

133 3685 212 3735 Ἀλλὰ
227 3684 271 3746 μὲν
282 3686 321 3735 real
332 3684 361 3734 rb
373 3685 417 3734 dno
433 3704 467 3733 ειν
477 3684 570 3747 γίνεται
583 3686 609 3747 pe
623 3703 668 3744 μοι·
734 3685 789 3732 546.
808 3687 929 3745 Asperitas
939 3692 1015 3732 cutem
1029 3687 1101 3742 Vocis,
1112 3683 1168 3747 etc]
1180 3685 1238 3733 Jam

132 3749 174 3800 τός
190 3768 254 3800 τινος
270 3748 400 3813 φερομένου
414 3749 461 3798 ἀπὸ
476 3751 520 3798 τοῦ
536 3750 670 3812 φωνοῦντος
701 3748 767 3798 aliud
779 3764 875 3812 quoque
883 3758 1053 3812 argumentum
1063 3766 1085 3797 v.
1097 3748 1118 3800 7.
1130 3749 1237 3798 desumi-

134 3814 285 3876 ἣὴχοῦντος,
297 3815 314 3873 ἦ
324 3817 464 3877 ψοφοῦντος,
476 3814 491 3872 ἢ
503 3813 565 3864 ὅπως
582 3813 670 3871 δήποτε
703 3822 743 3863 tur
759 3829 791 3862 ex
806 3812 860 3877 ipsa
876 3814 1001 3877 voluptate
1019 3824 1044 3863 et
1059 3814 1239 3876 molestiaque

134 3878 276 3928 ἀκουστικὸν
282 3877 355 3928 πάθος
363 3876 589 3942 παρασκευάζοντος.
607 3878 669 3942 Epi·
703 3894 748 3926 nos
764 3894 846 3937 sonus,
863 3888 936 3942 prout
952 3879 1093 3936 concinnus,
1110 3877 1237 3927 inconcin-

133 3959 206 3992 curus
218 3944 249 3993 ad
262 3944 423 3992 Herodotum.
703 3958 797 4005 nusque
804 3952 849 4002 est,
856 3943 943 3992 afficit:
958 3943 1077 4006 siquidem
1085 3953 1168 3991 censet
1175 3942 1237 4007 Epi·

167 4009 222 4057 526.
235 4007 360 4070 Scruposa]
370 4011 453 4070 Serapi
463 4007 577 4056 dicumm
586 4023 671 4072 aspera
705 4023 785 4066 curus,
796 4024 852 4071 quas
863 4009 1007 4072 corpuscula
1023 4005 1240 4070 subingrediuntur

133 4088 200 4132 saxa,
217 4083 243 4122 et
258 4072 367 4122 difficilia
382 4081 519 4130 attrectatu,
536 4073 602 4121 unde
618 4088 671 4122 rem
703 4088 795 4131 aurem,
807 4088 973 4136 organumque
984 4073 1100 4130 afficiunt,
1117 4080 1183 4119 certa
1199 4085 1239 4118 ra·

133 4137 239 4200 aliquam
251 4140 404 4200 scrupulosam
415 4137 526 4196 dicimus,
539 4153 593 4200 quae
606 4137 632 4186 in
644 4153 671 4186 se
704 4136 770 4186 tione
782 4137 936 4200 configurari,
949 4147 973 4185 et
984 4153 1086 4186 omnem*
1094 4134 1239 4184 suavitatem

134 4203 207 4252 habet
218 4201 310 4265 aliquid
321 4202 416 4268 asperi:
434 4206 524 4252 Festus.
703 4211 746 4251 aut
757 4202 914 4251 acerbitatem
930 4202 984 4252 soni
1002 4217 1051 4250 non
1062 4199 1160 4248 aliunde
1178 4213 1239 4255 esse,

169 4269 223 4317 535.
246 4270 339 4318 Scilicet
358 4268 466 4332 expletis]
488 4271 596 4331 Erplctia
616 4271 670 4327 oris,
703 4283 776 4329 quam
788 4283 819 4316 ex
830 4283 860 4316 eo
871 4267 936 4329 quod
947 4264 1085 4329 hujusmodi
1096 4261 1240 4326 corpuscula
