2872 4852
458 197 627 282 alans
655 213 917 289 Qururus
1149 292 1155 303 Ι
1182 218 1246 282 era

226 372 315 456 Ignis
331 372 415 436 enim
432 393 587 455 superare
602 382 722 456 potest,
739 372 797 435 ubi
811 370 966 436 Materiai

156 521 159 527 -
178 497 180 501 ’
225 473 281 538 Ex
295 472 420 537 infinito
436 484 512 537 sunt
527 495 665 557 corpora
679 472 774 557 plura
789 485 920 551 coorta3

122 650 124 653 Ι
161 586 209 632 410
224 575 304 640 Inde
320 576 441 640 cadunt
456 577 540 640 vires
556 575 664 660 aliqua
679 576 803 640 ratione
818 577 960 652 revictae,

144 678 146 682 ’
225 676 301 771 Aut·
310 690 450 762 pereunt
464 699 517 741 res
532 689 659 742 exustae
674 679 873 742 torrentibus
889 677 987 741 auris

223 778 352 866 Humor
366 781 443 844 item
458 781 621 864 quondam
637 781 737 864 coepit
753 802 908 864 superare
924 789 1068 855 coortus,

224 881 273 947 Ut
287 882 372 946 fama
387 883 427 946 ’st
440 882 616 961 hominum,
632 871 748 947 multas
764 884 896 967 quando
912 883 1021 946 obruit
1035 882 1162 959 urbeis3

222 983 304 1048 Inde
319 985 377 1048 ubi
392 985 439 1047 vis
454 984 561 1068 aliqua
577 986 701 1048 ratione
717 1007 831 1048 aversa
846 985 991 1061 recessit,

157 1096 205 1142 415
222 1085 278 1149 Ex
293 1084 426 1149 Infinito
441 1085 547 1149 fuerat
562 1107 766 1170 quaecunque
782 1096 904 1162 coorta,

151 1231 156 1238 -
224 1186 449 1250 Constiterunt
464 1187 601 1263 Imbres,
617 1198 650 1250 et
665 1185 813 1249 Flumina
827 1187 890 1248 vim
906 1186 1100 1249 minuerunt.

267 1287 334 1350 Sed
350 1288 468 1371 quibus
481 1287 534 1352 ille
549 1289 653 1351 modis
670 1288 835 1371 conjectus
853 1287 1007 1351 Materiai

223 1387 384 1452 Fundtrit
398 1389 526 1453 Coelum
541 1411 579 1454 ac
595 1389 744 1465 Terram,
762 1389 924 1472 Pontique
939 1387 1113 1472 profunda,

225 1489 375 1573 Solisque
390 1500 423 1555 et
438 1491 543 1554 Lunae
559 1514 686 1568 cursuS,
702 1513 744 1554 ex
760 1490 873 1554 ordine
887 1512 1017 1574 ponam.

159 1604 207 1649 420
222 1591 310 1655 Nam
325 1602 413 1657 certe
429 1615 535 1676 neque
550 1592 684 1656 consilio
699 1592 882 1657 Primordia
897 1613 1006 1655 rerum

223 1688 350 1757 Ordine
366 1716 401 1758 se
414 1716 563 1782 qnaeque,
581 1705 679 1779 atque
694 1695 803 1778 sagaci
818 1705 925 1759 mente
940 1693 1108 1772 loedrunt;

222 1794 297 1858 Nec
310 1817 391 1878 quos
407 1817 547 1879 quaeque
563 1795 679 1859 darent
693 1807 799 1860 motus
814 1797 970 1881 pepigere
986 1794 1154 1880 profecto:

221 1895 290 1959 Sed
304 1897 381 1980 quia
395 1896 496 1962 multa
509 1898 613 1962 modis
628 1899 736 1963 multis
753 1898 936 1963 Primordia
950 1920 1059 1962 rerum

222 1997 278 2060 Ex
292 1997 418 2062 infinito
429 1999 499 2083 jam
511 2010 657 2083 tempore
672 2002 796 2085 percita
811 2001 929 2085 plagis,

156 2110 203 2155 425
220 2100 491 2187 Ponderibusque
506 2102 572 2164 suis
588 2112 787 2165 consuerunt
803 2103 928 2166 concita
943 2101 1032 2177 ferri,

220 2200 489 2285 Omnimodisque
505 2203 603 2278 coire,
621 2212 719 2285 atque
735 2195 840 2266 omnia
856 2213 1055 2287 pertentare,

222 2303 438 2387 Quaecunque
452 2304 536 2368 inter
552 2326 586 2366 se
601 2315 737 2387 possent
751 2326 926 2388 congressa
940 2325 1070 2382 creare;

220 2404 405 2497 Bropterea
419 2406 468 2478 fit,
485 2406 533 2469 uti
548 2428 699 2490 magnum
715 2404 844 2490 volgata
859 2428 918 2490 per
932 2429 1037 2470 aevum

222 2505 423 2591 Omnigenos
439 2518 556 2584 coetus,
572 2517 606 2570 et
620 2517 727 2571 motus
743 2507 957 2591 experiundo,

157 2618 206 2666 43⁰
220 2605 370 2671 Tandem
384 2630 424 2672 ea
438 2609 642 2686 conveniant,
660 2631 733 2692 quae
748 2619 785 2673 ut
800 2607 980 2673 convenere
997 2618 1132 2692 repente

222 2708 419 2793 Magnarum
432 2732 541 2775 rerum
556 2709 638 2774 fiant
653 2711 788 2774 exordia
805 2732 903 2794 saepe,

222 2808 350 2888 Terrai,
365 2810 481 2888 Maris,
497 2822 530 2876 et
547 2811 642 2888 Coeli,
659 2811 853 2896 generisque
870 2809 1089 2875 Animantum.

265 2913 331 2977 Hic
345 2936 451 2998 neque
467 2923 535 2977 tum
551 2912 636 2978 Solis
651 2923 723 2977 rota
738 2914 828 2978 cerni
841 2912 959 2978 lumine
975 2912 1068 2998 largo

168 3098 224 3145 413.
241 3100 273 3145 Ut
277 3095 346 3158 sama
357 3099 387 3146 ’st
399 3101 518 3156 bominum,
531 3096 587 3160 etc]
600 3097 668 3145 Gifa-
704 3097 819 3162 Epicuro,
832 3099 862 3146 de
880 3097 964 3146 Placit.
982 3097 1046 3145 Phil.
1064 3096 1105 3145 lib.
1121 3097 1141 3145 Ι.
1151 3113 1204 3162 cap
1216 3099 1241 3146 4.

136 3161 199 3220 nius,
227 3165 258 3210 Ut
273 3160 343 3223 sama
364 3170 400 3210 ert
426 3162 552 3210 hominum
580 3162 670 3210 multos
702 3161 730 3210 ‘0
741 3161 821 3210 τοίνυν
832 3160 920 3221 κόσμος
931 3159 1037 3219 συνέστη
1051 3161 1240 3224 περικεκλασμέ-

135 3226 231 3288 quando
243 3226 324 3274 obruit
334 3230 409 3274 andis.
436 3227 670 3284 Vossius,bomr'aum
703 3243 734 3286 νῳ
749 3225 858 3288 σχήματι
874 3223 1081 3287 ἐσχηματισμένος
1092 3225 1138 3274 τὸν
1152 3223 1243 3288 τρόπον

133 3293 225 3348 multas,
245 3289 271 3340 id
290 3303 327 3339 est
343 3290 446 3338 crimina
463 3291 597 3348 hominum,
618 3290 670 3338 sive
702 3291 796 3347 τοῦτον,
808 3286 973 3350 τῶνἈτόμων
985 3287 1107 3349 σωμάτων,
1124 3289 1239 3352 ἀπρονοή-

134 3354 223 3417 impios
234 3355 356 3402 hominesr
375 3363 400 3402 at
408 3355 465 3417 quid
475 3355 514 3402 hic
521 3354 569 3402 loci
578 3355 669 3402 Lucre·
703 3372 758 3411 των,
773 3355 812 3402 καὶ
825 3355 930 3415 συχσθαν
940 3351 1047 3415 ἐχόντων
1057 3356 1156 3412 κίνησιν,
1169 3370 1238 3402 συνε-

135 3418 184 3467 tius
192 3435 248 3467 cum
254 3419 397 3468 criminibus
403 3419 546 3467 hominum?
561 3419 671 3482 prolecto
703 3421 754 3480 χῶς
768 3437 803 3476 τε,
820 3418 859 3466 καὶ
874 3419 983 3479 τάχιστα
997 3415 1196 3478 κινουμένων,·ε1ς
1210 3419 1242 3468 rb

134 3484 157 3532 E
175 3484 271 3532 icureus
281 3500 405 3546 nunquam
415 3483 519 3532 credidit
528 3485 588 3532 istas
597 3499 671 3546 aquas
705 3482 762 3530 αὐτὸ
773 3482 856 3531 πολλὰ
866 3483 967 3542 σώματα
977 3481 1140 3546 συνηθροίσθη,
1151 3484 1191 3532 aul
1202 3483 1242 3533 tat

134 3499 174 3597 ad)
190 3549 294 3598 eluenda
321 3549 447 3596 hominum
474 3556 575 3613 peccata
596 3548 671 3597 fuisse
702 3549 776 3596 roim
794 3545 915 3596 rotrardum
934 3546 1025 3610 ἔχοντα
1043 3547 1083 3596 nal
1100 3545 1241 3611 σχημάτων,

133 3624 253 3662 terrarum
266 3613 319 3662 orbi
330 3613 459 3661 immissas.
703 3611 743 3660 aul
753 3615 866 3672 μεγεθῶν.

166 3678 221 3730 417.
229 3681 275 3727 Sed
285 3682 367 3741 quibus
378 3681 418 3726 ille
429 3681 507 3736 modis,
515 3676 572 3739 etc]
585 3676 671 3726 Nativi
736 3678 790 3725 419.
798 3679 899 3738 Solisque
906 3676 1020 3740 etLuaae]
1028 3676 1086 3735 Alii,
1095 3681 1156 3737 solis,
1166 3680 1240 3727 lunai.

133 3743 206 3804 liujus
233 3743 320 3791 muudi
342 3742 469 3791 exordium
497 3742 669 3816 explicaturus,
736 3743 790 3789 430.
815 3744 915 3789 Tandem
934 3745 1120 3800 reconventum,
1140 3760 1191 3805 qua
1213 3751 1240 3791 ut

133 3807 208 3865 Deos,
229 3823 376 3869 omnemque
397 3807 579 3856 Providentiam
598 3807 670 3869 louge
703 3810 822 3854 conventre
837 3805 942 3868 repente]
957 3805 1015 3864 Alii,
1032 3809 1123 3855 tandem
1134 3811 1238 3856 couveni-

133 3881 255 3928 removet;
274 3882 299 3920 et
316 3881 394 3920 totum
411 3887 472 3935 opus
489 3872 597 3919 materiae
613 3886 668 3934 per·
703 3879 745 3918 unt
765 3887 793 3918 ea
812 3888 862 3933 qua
880 3874 1017 3933 conjuncta,
1036 3880 1081 3919 etc.
1101 3881 1126 3920 et
1143 3871 1239 3920 melius.

130 3936 216 3994 mittit,
229 3953 250 3985 v.
266 3938 302 3984 16.
338 3937 400 3985 lnde
417 3940 497 3993 Chaos,
509 3936 577 3984 rudis
590 3946 614 3983 et
630 3936 668 3983 in·
704 3936 735 3983 In
746 3935 858 3999 sequenti
869 3952 941 3983 versu
953 3952 998 3999 pro
1008 3953 1068 3996 sape
1085 3935 1165 3984 Faber
1180 3935 1241 3998 legit

132 3999 227 4063 digesta
254 4000 427 4064 particularum
454 4001 588 4063 congeries,
617 4017 670 4063 quae
702 4017 794 4062 nempe;
811 4010 838 4048 ut
850 4010 875 4047 et
885 4000 926 4048 lib.
941 4001 977 4048 11.
990 4016 1011 4048 v.
1027 4000 1096 4047 1060.
1131 4002 1166 4047 At
1180 4015 1238 4062 pro-

132 4065 180 4112 huc
192 4074 217 4124 et
228 4064 285 4113 illuc
296 4066 400 4128 agitata,
416 4067 514 4113 tandem
531 4081 602 4128 pares
613 4081 669 4113 cum
701 4064 764 4112 lecto
780 4081 829 4112 vox
845 4073 937 4126 repente
953 4064 1052 4112 modum
1070 4072 1164 4112 tantum
1181 4079 1239 4110 con-

131 4129 232 4191 paribus
238 4138 412 4187 convenerunt,
423 4131 480 4178 inde
489 4146 562 4186 mare,
572 4129 669 4188 coelum,
698 4129 833 4190 junctionis
850 4129 973 4193 exprimit,
986 4129 1089 4191 ideoque
1105 4128 1154 4184 illa,
1167 4142 1240 4188 quam

132 4203 204 4251 terra,
228 4195 271 4251 sol,
295 4195 382 4252 sidera,
406 4205 431 4243 et
452 4210 602 4257 quaecunque
630 4195 669 4242 hic
698 4197 775 4256 jactat
792 4194 878 4251 Faber,
891 4194 1029 4244 emendatio
1046 4192 1168 4241 nullaest.
1181 4190 1239 4239 Vid.

132 4259 238 4307 mundus
250 4259 367 4316 continet,
377 4275 399 4307 v.
415 4262 451 4310 17.
481 4260 626 4308 Plutarchus
639 4275 669 4307 ex
701 4259 742 4307 lib.
757 4259 828 4306 11.v.
844 4258 913 4306 1060.
