2872 4852
451 219 621 286 LIBER
651 218 910 284 TERTIUS.

145 363 148 378 ⁸
213 378 388 462 Temporis
401 377 518 441 aeterni
531 375 640 453 fiterit,
657 397 754 459 quam
768 375 930 440 nascimur
943 385 1031 441 ante.

214 481 290 546 Ηο0
304 481 402 565 igitur
418 478 585 563 speculum
601 479 695 544 nobis
711 478 842 543 Natura
856 477 960 543 futuri

212 582 385 667 Temporis
401 581 535 664 exponit
550 590 777 664 postmortem
793 580 932 664 denique
948 590 1106 644 nostram:

212 684 303 749 Num
318 685 397 768 quid
413 684 458 748 ibi
472 681 628 747 horribile
644 684 806 766 appareti
829 703 907 746 num
921 681 1014 746 triste
1029 683 1157 747 videtur

148 800 195 848 090
211 787 417 870 Quicquaml
439 806 546 849 nonne
561 784 648 850 omni
664 805 776 850 somno
792 784 938 849 securius
953 787 1083 849 exstat?

254 889 367 973 Atque
383 909 422 951 ea
436 886 595 963 nimirum,
612 907 815 970 quaecuuque
830 883 1023 951 Acherunte
1038 886 1203 971 profturdo

212 991 349 1056 Prodita
364 1001 441 1055 sunt
456 1012 540 1066 esse,
555 988 589 1053 in
602 989 668 1053 rita
683 999 760 1053 sunt
775 988 881 1053 omnia
896 988 1001 1052 nobie.

210 1092 285 1158 Nec
299 1093 396 1158 miser
410 1091 603 1175 impendens
617 1112 769 1176 magnum
784 1090 876 1153 timet
890 1093 967 1153 abre
982 1112 1096 1155 saxum

211 1193 384 1270 Tantalus,
401 1205 437 1258 ut
452 1193 537 1257 fama
553 1193 604 1268 ’st‚
619 1214 713 1258 cassa
727 1191 898 1257 formidine
913 1202 1063 1276 torpens:

147 1310 195 1357 995
211 1295 279 1361 Sed
294 1296 395 1380 magis
412 1296 445 1358 in
460 1296 526 1358 vita
540 1293 664 1359 Divrim
678 1306 783 1359 metus
799 1305 895 1378 urget
903 1295 1014 1370 inanis

213 1398 395 1474 Mortaleis,
412 1419 587 1482 casumque
603 1397 726 1473 timent,
742 1417 967 1480 quemcunque
982 1395 1066 1461 ferat
1081 1395 1175 1461 Fors.

214 1586 216 1588 Ι
254 1500 329 1567 Νο0
343 1499 467 1584 Tityon
483 1498 645 1563 Volucres
660 1499 774 1563 ineunt
789 1497 979 1564 Acherunte
990 1500 1164 1585 jacentem,

211 1603 286 1668 Nec
302 1603 391 1687 quod
407 1603 469 1666 sub
484 1623 602 1685 magno
616 1611 803 1665 scrutentur
818 1611 963 1685 pectore,
980 1603 1158 1688 quidquam
1212 1623 1216 1627 ·

212 1704 409 1790 Perpetuam
424 1715 553 1769 aetatem
567 1713 723 1788 poterunt
737 1705 881 1789 reperire
895 1705 1055 1789 profecte,

138 1821 200 1869 1000
213 1807 401 1882 Quamlibet
414 1808 543 1872 immani
559 1809 709 1893 projectu
725 1808 881 1892 Corporis
898 1818 1017 1885 exstet,

211 1912 279 1984 Qui
293 1935 359 1976 non
375 1911 444 1975 sola
457 1934 573 1975 novem
588 1912 750 1997 dispensis
761 1912 881 1997 jugera
894 1913 1047 1977 membris

210 2014 379 2091 Obtineat‚
396 2014 454 2077 sed
470 2015 526 2097 qui
540 2013 659 2078 Terrai
673 2014 773 2078 totius
789 2015 920 2078 orbem:

163 2149 170 2159 ›
211 2115 288 2179 Non
303 2126 410 2180 tamen
425 2126 584 2179 aeternum
599 2116 720 2198 poterit
733 2115 880 2198 perferre
895 2115 1051 2192 dolorem,

210 2217 284 2283 Nec
298 2219 447 2301 praebere
463 2219 570 2282 cibum
585 2218 719 2300 proprio
734 2218 776 2280 de
792 2239 929 2299 corpore
945 2240 1092 2302 semper:

138 2331 199 2380 1005
212 2319 279 2382 Sed
294 2319 412 2402 Tityos
427 2320 520 2382 nobis
536 2318 602 2382 Hic
617 2328 679 2394 est,
694 2319 728 2380 in
742 2339 851 2382 amore
862 2318 1026 2400 jacentem

213 2421 320 2494 Quem
334 2419 482 2484 volucres
497 2419 651 2496 lacerant,
667 2429 765 2503 atque
781 2428 875 2484 exest
890 2421 1005 2484 anxius
1021 2443 1141 2504 angor3

213 2523 285 2587 Aut
299 2522 360 2586 alia
375 2523 487 2606 quavis
504 2523 656 2586 scindunt
672 2522 855 2606 cuppedine
870 2544 968 2588 curae.

160 2742 215 2790 989.
244 2739 295 2805 Iti]
325 2743 356 2790 In
384 2750 493 2806 tempore
523 2741 661 2805 praeterit03
695 2741 805 2799 ποτᾶται,
816 2739 856 2791 ital
866 2739 927 2791 τίνει
937 2740 1029 2799 ταύτην
1039 2738 1113 2798 δίκην.

126 2805 268 2855 Lambinus.
302 2807 361 2866 Alii,
373 2807 399 2854 in
412 2817 520 2872 ternpore
532 2816 587 2871 post
596 2823 661 2856 mor·
728 2807 783 2856 996.
813 2804 949 2868 casumque]
980 2807 1059 2854 Lusus
1082 2805 1180 2868 quidem
1208 2814 1234 2852 et

127 2880 176 2919 tem
187 2871 276 2920 futuro.
695 2887 801 2920 scomma
821 2871 848 2918 in
867 2870 916 2919 ista
933 2887 1000 2929 voce,
1019 2880 1044 2918 et
1063 2887 1129 2919 casas
1146 2886 1232 2918 saxum

159 2938 214 2984 991.
235 2941 311 2998 Atque
333 2955 361 2986 00
382 2939 496 2994 nimirum,
517 2953 662 2998 0000000000,
695 2936 840 2999 impendens
863 2946 888 2984 et
910 2952 1023 2984 casurum
1045 2935 1160 2999 respicit:
1186 2935 1236 2982 iste

126 2999 183 3062 ete]
204 3001 238 3049 Ut
257 3001 341 3050 mortis
359 3012 451 3050 metum
467 3002 594 3049 hominum
609 3001 662 3048 ani·
695 3002 762 3049 lusus
780 3002 860 3050 forsan
877 3001 987 3064 puerilis,
1006 3001 1049 3048 sed
1067 2999 1168 3048 maximi
1185 2999 1233 3048 viri

126 3066 173 3113 mis
184 3066 282 3130 penitus
293 3067 416 3125 evelleret,
428 3082 450 3114 v.
463 3068 502 3114 46.
533 3067 662 3114 Poetarum
695 3065 794 3127 ingenio
806 3081 982 3128 nonnunquam
993 3067 1136 3114 abutuntur.

126 3131 226 3187 fabulas,
244 3131 274 3178 de
290 3132 399 3190 Tantalo,
413 3148 435 3179 v.
453 3132 475 3178 6.
493 3132 524 3179 de
541 3131 621 3194 Tityo,
639 3147 661 3179 v.
729 3133 798 3179 1000.
812 3128 1234 3192 Ρο00000]Α(11000000101’1001-

128 3197 165 3243 11.
176 3196 206 3243 de
219 3196 330 3259 Sisypho,
342 3213 365 3245 v.
379 3200 400 3245 8.
417 3196 447 3244 de
460 3196 555 3244 liliabus
572 3196 661 3253 Danai,
694 3195 729 3253 lii,
747 3197 907 3258 Projectaque
923 3213 981 3244 sara
997 3198 1098 3244 Partiri
1112 3197 1234 3243 &dimna

126 3275 148 3307 v.
160 3262 181 3308 8.
194 3262 224 3308 de
236 3261 349 3318 Cerbero,
363 3261 451 3317 Furiis,
457 3270 486 3308 et
494 3261 549 3308 lacu
560 3260 662 3322 sulphu·
694 3261 809 3322 Projecto,
830 3260 852 3308 si
874 3261 1008 3307 secundum
1031 3258 1234 3310 consuetudinem

126 3324 168 3382 ris,
180 3341 202 3372 v.
216 3327 252 3373 13.
262 3325 388 3373 commode
396 3325 502 3387 explicat
510 3334 535 3372 et
541 3325 660 3372 illustrat:
694 3325 795 3381 dicatm,
813 3323 960 3386 intelligitur
975 3324 1084 3386 abjectu:
1107 3323 1128 3370 si
1144 3337 1233 3370 secun·

126 3389 217 3453 quippe
233 3389 287 3436 istas
300 3389 387 3436 fabulae
403 3398 533 3436 narrantur
544 3390 575 3436 de
592 3388 663 3436 vivis.
695 3389 753 3436 dum
776 3399 879 3446 veteres,
898 3389 1003 3450 projecta
1024 3403 1098 3451 porro
1114 3389 1188 3449 jacta,
1206 3396 1236 3438 ut

127 3453 316 3516 Superstitiosus
344 3461 381 3500 est
409 3453 548 3508 Tantalus}
576 3453 663 3516 Tityus
695 3453 806 3510 alibiait,
824 3455 999 3515 Projectodam
1014 3456 1072 3514 pede
1090 3455 1144 3500 loevo
1158 3455 1234 3514 Aptae

126 3531 185 3566 vero
203 3518 244 3566 ille
263 3517 304 3580 qui
322 3517 386 3566 feda
403 3517 504 3565 libidine
524 3527 617 3581 captus,
638 3527 663 3566 et
695 3535 718 3566 se
728 3535 819 3580 pugne.
853 3517 1002 3575 Macrobius,
1016 3518 1113 3566 Saturn.
1130 3517 1172 3566 lib.
1185 3517 1233 3566 vl.

126 3582 205 3630 victus
228 3583 341 3630 ducitur:
370 3582 488 3645 Sisyphus
505 3591 665 3646 repraeseutat
696 3599 741 3646 cap
754 3585 776 3630 4.
790 3583 891 3631 Frustra
902 3598 960 3631 vero
972 3583 1030 3641 haec,
1041 3598 1086 3631 uec
1097 3583 1128 3631 ad
1137 3592 1235 3632 veteres

126 3647 195 3696 illum
207 3648 249 3710 qui
259 3647 363 3711 imperia
375 3657 401 3696 et
411 3647 567 3710 magistratus
583 3647 662 3711 impo-
695 3647 845 3711 fugiendum.
880 3647 972 3705 Livius,
987 3647 1030 3697 lib.
1047 3647 1137 3696 XXlI.
1154 3665 1174 3696 c.
1192 3649 1234 3697 20.

126 3722 207 3761 tenter
232 3713 316 3770 ambit,
344 3728 390 3760 nec
412 3728 519 3775 unquam
547 3722 585 3760 est
612 3713 662 3761 voti
696 3715 746 3761 Nec
757 3716 893 3762 continentis
903 3716 966 3761 modo
977 3716 1097 3776 projectas
1109 3729 1161 3764 oros
1168 3731 1232 3776 prta·

125 3794 232 3842 compos.
266 3777 337 3826 Filiae
355 3778 436 3826 Danai
453 3787 510 3826 sunt
527 3777 617 3841 cupidi,
638 3788 664 3826 et
695 3786 801 3827 maesta.

125 3842 297 3892 insatiabiliter
313 3842 388 3891 avari.
422 3844 555 3891 Cerberum
572 3853 662 3901 autem,
730 3845 798 3890 1001.
819 3846 978 3895 0010000010
993 3859 1076 3899 novem,
1092 3842 1149 3905 eta]
1168 3844 1234 3893 Nota
1328 3881 1331 3885 .

127 3909 221 3967 Furias,
234 3918 260 3959 et
269 3908 296 3956 id
307 3924 385 3972 genus
397 3907 490 3970 reliqua
506 3907 571 3955 inter
582 3908 661 3956 carni·
696 3908 762 3972 Tityi
783 3908 867 3967 moles,
893 3911 987 3958 Viscera
1007 3910 1126 3970 prebebat
1151 3910 1236 3970 Tityus

126 3973 184 4022 toa
194 3973 319 4036 requiram
337 3989 382 4023 seu
392 3973 474 4037 potius
484 3973 510 4020 in
520 3973 580 4036 ipsa,
593 3989 663 4021 max·
696 3976 814 4031 boanda,
831 3990 949 4036 nouemque
967 3976 1092 4036 Iugeribm
1108 3976 1236 4023 distraetus

125 4037 232 4087 imolato
243 4047 342 4096 tortora,
353 4037 484 4102 impiorum
496 4037 654 4086 conscientia.
696 4047 753 4088 erat.
775 4038 887 4087 Ovidius.
909 4042 968 4088 ePer
984 4047 1033 4087 tota
1049 4055 1125 4087 novem
1141 4041 1179 4085 cai
1190 4037 1234 4099 ja·

159 4102 550 4165 993.1mpendsns-siraaarum]
566 4103 664 4160 1000,οῑ
694 4120 842 4166 geracorpus
853 4107 995 4167 Porrigitnr.
1028 4103 1151 4165 Virgilius

127 4165 269 4227 quibusdam
281 4168 362 4216 Poetis
373 4168 473 4232 placuit,
485 4168 551 4231 apud
569 4167 664 4216 lnferos
730 4168 792 4217 lbid.
810 4168 943 4232 Dispemis]
961 4168 1021 4227 Alii,
1038 4170 1163 4228 dispersim
1187 4165 1233 4213 irn-

128 4229 225 4278 Tantali
236 4248 323 4294 poenar
341 4233 426 4296 Eurip.
440 4234 467 4281 in
480 4235 575 4290 Oreste,
588 4239 662 4295 Kopv-
696 4233 782 4297 perite.

127 4295 175 4355 φῆς
185 4293 363 4356 ὑπερτέλλοντα
371 4297 493 4358 deludunt
504 4296 591 4361 πέτρον
601 4296 664 4360 Ἀέρι
731 4298 800 4352 1007.
820 4297 963 4362 Cappediae]
982 4295 1103 4352 Giianius‚
1118 4295 1236 4354 torpedine
