2872 4852
223 230 265 292 42
607 226 649 291 T.
680 226 949 291 LUCRETII

311 383 357 449 Et
372 383 511 468 primum
525 383 648 448 faciunt
663 383 776 467 Ignem
793 406 828 449 se
843 394 970 448 vertere
984 383 1018 446 in
1032 382 1143 447 Auras

310 483 428 550 Aeris:
452 485 528 551 hinc
543 485 686 550 Imbrem
700 487 801 570 gigni,
817 485 1020 570 Terramque
1037 486 1142 550 creari
1208 550 1211 555 ,

247 598 293 649 785
313 585 369 652 Ex
383 588 495 664 Imbri,
510 598 663 672 retroque
679 611 698 651 a
714 588 821 652 Terra
837 597 954 653 cuncta
967 587 1098 662 reverti,

205 688 207 690 ’
311 691 493 756 Humorem
507 692 655 776 primum,
671 702 748 776 post
761 689 864 769 Adra,
881 691 1000 755 deinde
1017 687 1186 765 Calorem3

310 792 385 858 Nec
400 815 528 858 cessare
542 793 614 859 haec
629 795 715 859 inter
730 816 765 858 se
780 803 916 869 mutare,
932 813 1040 855 meare

311 894 365 959 De
381 894 475 960 Coelo
490 897 532 960 ad
548 895 697 974 Terram,
713 896 755 960 de
771 894 877 959 Terra
892 895 935 958 ad
952 893 1069 958 Sidera
1083 891 1222 957 Mundi:

311 996 411 1068 Quod
427 996 534 1062 facere
550 998 639 1062 haud
654 997 719 1063 ullo
735 999 857 1062 debent
872 995 1048 1081 primordia
1062 1005 1179 1079 pact0;

247 1107 294 1157 790
314 1097 517 1164 immutabile
533 1102 618 1165 enim
632 1102 788 1185 quiddam
803 1121 959 1184 superare
975 1119 1108 1163 necesse
1124 1098 1183 1175 ’st3

310 1199 366 1263 Ne
380 1222 433 1263 res
449 1201 491 1264 ad
506 1200 656 1265 Nihilum
670 1202 861 1285 redigantur
876 1200 1023 1263 funditus
1039 1221 1166 1267 omnes..

310 1300 399 1364 Nam
413 1303 630 1388 quodcunque
647 1303 713 1366 suis
729 1312 889 1367 mutatum
902 1301 1023 1365 finibus
1039 1302 1120 1378 exit,

312 1401 475 1468 Continuo
489 1404 553 1470 hoc
568 1428 654 1469 mors
669 1415 720 1469 est
734 1404 830 1481 illius,
847 1404 936 1488 quod
952 1403 1013 1467 fuit
1028 1413 1114 1467 ante.

312 1505 537 1591 Quapropter,
552 1508 703 1592 quoniam
718 1530 792 1591 quae
806 1505 916 1589 paullo
932 1505 1071 1569 diximus
1087 1513 1174 1580 ante,

247 1615 294 1666 796
313 1608 353 1671 In
367 1619 599 1673 commutatum
613 1610 757 1685 veniunt,
773 1618 922 1672 constare
938 1629 1073 1672 necesse
1088 1607 1128 1670 ’st

310 1709 367 1773 Ex
382 1710 451 1775 aliis
467 1734 518 1787 ea,
533 1734 608 1795 quae
622 1720 785 1795 nequeant
801 1712 984 1776 convertier
999 1731 1159 1793 unquam:

311 1811 366 1874 Ne
379 1813 441 1875 -tibi
454 1834 507 1876 res
522 1813 658 1877 redeant
673 1813 716 1876 ad
730 1810 880 1875 Nihilum
894 1811 1042 1876 funditus
1056 1833 1178 1875 omnes.

313 1911 404 1984 Quin
418 1915 527 1997 potius
543 1913 600 1977 tali
612 1923 729 1977 natura
742 1913 881 1997 praedita
894 1913 1046 1997 quaedam

312 2012 461 2097 Corpora
476 2015 674 2092 constituas;
698 2014 812 2098 Ignem
828 2015 856 2078 si
869 2014 954 2078 forte
969 2012 1121 2090 crebrint,

247 2125 295 2172 800
314 2115 417 2180 Posse
433 2118 558 2194 eadem,
574 2117 715 2201 demptis
730 2116 854 2200 paucis,
870 2117 1050 2201 paucisque
1066 2114 1207 2191 tributis,

312 2218 439 2283 Ordine
454 2229 590 2296 mutato,
606 2229 639 2283 et
654 2228 755 2294 motu,
772 2217 879 2282 facere
892 2215 992 2281 Aeris
1009 2239 1122 2281 auras:

312 2319 367 2385 Sic
382 2321 460 2386 alias
476 2321 545 2386 aliis
561 2323 660 2386 rebus
675 2320 830 2384 mutarier
844 2320 978 2383 omneis.

354 2421 402 2487 At
416 2425 586 2489 manifesta
600 2422 707 2508 palam
720 2445 773 2487 res
788 2422 922 2498 indicat,
938 2420 1057 2504 inquis,
1073 2421 1108 2483 in
1121 2441 1217 2484 auras

225 2687 296 2751 cipis,
314 2686 381 2734 etin
397 2685 509 2733 Nihilum
525 2684 643 2742 recident,
661 2684 764 2748 ideoque
830 2682 884 2735 788.
908 2686 950 2731 Aa
968 2686 1051 2732 Sidera
1073 2681 1171 2744 Mundi]
1193 2684 1234 2730 Aa
1253 2683 1338 2731 Sidere

225 2767 281 2800 cum
298 2750 418 2799 elementa
434 2749 524 2797 mutari
544 2765 628 2798 omnes
649 2749 763 2807 fatentur,
798 2750 864 2806 Coeli,
890 2747 989 2811 quidam
1013 2748 1127 2796 codices:
1156 2755 1264 2796 mutatur
1288 2745 1335 2796 viz.

224 2816 273 2864 ista
282 2830 331 2863 non
341 2822 489 2862 suutrerum
498 2812 644 2877 primordia:
662 2817 765 2862 eNr'bilo
796 2813 836 2861 hic
849 2828 932 2861 versus
943 2815 974 2861 ab
989 2813 1021 2860 iis
1038 2816 1080 2874 qui
1096 2815 1203 2860 mundum
1218 2827 1264 2876 pro
1280 2814 1338 2860 coele

226 2879 292 2928 enim
300 2881 375 2927 Nihil.
404 2878 522 2932 Quaedam
530 2877 606 2940 igitur
614 2888 652 2927 est
663 2878 765 2927 materia
797 2893 830 2926 sre
847 2877 930 2926 issime
941 2877 1001 2940 poni
1012 2877 1163 2940 ignorarunt

224 2942 383 2992 immutabilis
395 2958 408 2990 e
420 2958 468 3004 qua
479 2942 641 2990 diversimode
657 2952 724 2991 mota
740 2951 765 2991 et
830 2894 884 2993 ist.
899 2944 927 2989 Ia
938 2949 1097 2990 commutatam
1108 2940 1214 3005 veniam]
1225 2941 1242 2988 i.
1252 2956 1272 2988 e.
1285 2957 1336 2988 ma-

225 3007 344 3072 disposita
361 3007 434 3055 modo
451 3009 499 3064 aer,
518 3007 590 3055 modo
609 3023 677 3070 aqua,
692 3008 764 3056 modo
797 3014 892 3055 tantur.-
909 3007 1048 3069 hujusmodi
1060 3006 1167 3055 verbalia
1182 3006 1209 3054 iu
1225 3023 1252 3053 us
1268 3021 1336 3054 ama·

225 3073 297 3137 ignis,
310 3071 383 3120 modo
395 3080 459 3119 terra
470 3072 605 3120 conficitur.
796 3073 856 3119 baut
882 3079 992 3127 veteres;
1021 3074 1162 3128 condiretur,
1191 3069 1336 3119 Lucretius:

258 3137 313 3189 783.
330 3139 410 3199 Ignem
421 3153 445 3184 ee
456 3135 556 3198 vertere]
570 3135 710 3199 Hesychius
726 3146 763 3184 ta-
790 3135 879 3198 saetus,
892 3136 967 3185 Cato:
985 3153 1077 3184 meatus
1088 3151 1134 3199 pro
1150 3139 1270 3193 occuitum,
1283 3135 1336 3182 Eu-

226 3218 283 3252 men
301 3199 441 3262 Ἀγέννητα,
462 3202 574 3262 στοιχεῖα
595 3200 659 3262 παρὰ
677 3201 764 3259 Ἐμπε-
797 3200 866 3249 nius:
885 3211 910 3249 et
921 3201 1048 3264 Virgilius,
1063 3203 1207 3263 Oaaaqeam
1215 3199 1339 3264 frustrate
1401 3225 1404 3230 ·

226 3268 315 3316 δοκλεῖ.
343 3266 416 3321 Quod
428 3266 449 3314 si
466 3281 515 3313 non
533 3264 624 3313 fallitur
635 3265 762 3312 Gramma·
796 3267 1054 3314 vocaturHastameoa
1084 3265 1169 3313 Faber.

225 3330 528 3395 ticus,fn1stradisputat
547 3329 689 3378 Lucretius:
714 3329 765 3376 falli
831 3332 885 3377 802.
903 3333 942 3378 Sic
952 3333 1012 3378 alios
1024 3334 1078 3378 aliie
1088 3333 1156 3379 rebus
1167 3333 1279 3377 mutarier
1289 3346 1338 3376 om·

224 3405 307 3444 sutem
316 3411 365 3444 non
374 3395 466 3459 patitur
476 3395 628 3452 Plutarchus,
638 3392 680 3457 qui
693 3394 765 3445 toties
797 3393 858 3456 nete]
871 3395 950 3443 Faber
960 3395 1028 3458 legit,
1040 3411 1086 3444 nec
1097 3394 1209 3453 absurde,
1222 3396 1261 3442 Sic
1277 3397 1338 3442 altar

225 3460 330 3508 affirmat
349 3460 525 3524 Empedoclem
547 3474 679 3523 agnoscere
697 3475 763 3508 στοι-
797 3461 851 3508 aliis
861 3463 929 3508 rebus
939 3476 979 3508 res
992 3459 1082 3508 vertier
1093 3476 1173 3508 amares.
1207 3492 1210 3496 ι
1238 3494 1240 3499 ,

226 3525 284 3585 χεῖα
294 3526 343 3571 τῶν
356 3524 490 3585 στοιχείων,
503 3524 629 3589 Principia
646 3524 763 3573 Elemen-
829 3527 885 3573 808.
907 3528 941 3573 At
956 3522 1078 3587 manifesta
1092 3528 1177 3586 polum,
1195 3522 1252 3586 eta]
1269 3523 1337 3570 Ten-

225 3596 313 3643 torum,
324 3587 388 3635 etde
397 3589 436 3636 his
447 3588 533 3651 primis
546 3588 678 3653 Principiis
689 3588 762 3637 intel·
797 3589 860 3648 dem,
870 3606 892 3637 v.
904 3592 942 3637 20.
952 3589 1113 3650 objectionem
1125 3588 1240 3654 proponit
1251 3596 1277 3636 et
1288 3587 1338 3636 sol-

224 3651 338 3714 ligendus
354 3661 392 3698 est
409 3651 463 3700 Hes
479 3653 555 3700 obius
586 3653 656 3701 Inter
673 3653 765 3716 Empe·
798 3652 846 3701 vit:
865 3653 967 3710 Plantae,
979 3663 1114 3715 caeteraque
1126 3651 1241 3702 animalia
1257 3651 1336 3700 nutri·

225 3715 319 3763 doclem
332 3713 408 3776 igitur
420 3724 445 3763 et
461 3669 597 3778 ilpicurum
613 3717 689 3780 probe
706 3732 764 3764 con·
798 3717 890 3765 tionem
907 3726 933 3765 et
947 3717 1126 3765 incrementum
1142 3733 1214 3766 suum
1234 3728 1339 3780 quatuor

225 3779 301 3837 venir,
320 3778 367 3826 nisi
387 3780 451 3841 quod
469 3779 626 3855 Empedoclis
643 3781 766 3829 sententie
798 3781 935 3829 Elementis
947 3781 1049 3829 debent:
1068 3782 1150 3830 omnia
1162 3783 1255 3830 enimc
1272 3790 1339 3830 terra

225 3843 259 3893 sit
274 3842 406 3908 operosior,
423 3844 557 3907 simplicror
569 3843 685 3906 Epicuri:
705 3844 765 3892 Em·
798 3853 918 3903 crescunt,
930 3845 994 3906 quod
1006 3859 1079 3892 nemo
1091 3856 1176 3910 neget3
1194 3847 1238 3896 sed
1256 3857 1339 3895 temen

224 3907 339 3972 pedorles
351 3907 416 3955 enim
428 3907 557 3972 exprimis
569 3908 620 3956 suis
636 3907 765 3972 principiis
797 3909 845 3957 nisi
862 3909 982 3972 benignus
1000 3909 1071 3958 Aeris
1088 3920 1164 3975 tepor,
1183 3911 1248 3960 calor
1265 3911 1339 3969 Solis,

227 3973 356 4021 Elementa
365 3973 497 4036 componit,
508 3981 533 4020 et
543 3988 575 4020 ex
585 3972 616 4020 iis
628 3971 765 4021 Elementis
797 3983 823 4021 et
845 3973 976 4037 opportuni
1006 3974 1101 4023 Imbres
1128 3977 1252 4033 accedant,
1275 3975 1339 4024 nibil

226 4035 353 4086 constituit
367 4050 407 4085 res
422 4053 520 4093 ornnes;
542 4037 665 4101 Epicurus
683 4046 765 4086 autem
797 4037 929 4101 quidquam
936 4039 1262 4104 Terraexseseprogignetr
1278 4055 1338 4105 ergo

226 4118 240 4150 e
254 4101 340 4166 primis
357 4101 490 4166 Principiis
504 4117 544 4150 res
561 4109 661 4150 cunctas
677 4101 763 4151 imme·
798 4103 923 4152 fatendum
940 4112 978 4152 est
996 4104 1098 4167 Aquam,
1112 4105 1208 4168 ignem,
1220 4113 1265 4154 etc.
1284 4121 1339 4154 esse

225 4166 291 4215 diste
302 4165 423 4214 conficit..
798 4166 929 4233 Principia.
958 4168 1108 4233 Respondet,
1118 4186 1140 4218 v.
1154 4172 1208 4219 809.
1239 4171 1341 4219 Eenou

259 4231 314 4283 787.
337 4233 439 4290 Mutare,
461 4230 548 4293 meare]
572 4230 677 4287 Quidam
699 4230 763 4290 libri,
797 4232 875 4294 magis
887 4232 1012 4297 Principia
1024 4249 1076 4282 esse
1088 4249 1161 4296 quam
1170 4235 1262 4294 riuum,
1272 4234 1338 4284 triri-

225 4298 333 4344 mutando
345 4312 425 4345 meare.
797 4311 861 4354 cum,
874 4305 899 4346 et
909 4297 956 4345 alia
973 4298 1060 4360 quibus
1072 4297 1147 4348 vitam
1164 4308 1338 4349 sustentemus
