2872 4852
482 255 652 320 LIBER
683 254 905 319 PRIMUS.
1205 259 1244 322 31

159 418 206 470 570
224 408 410 474 Admistum
427 413 579 494 quoniam
595 411 689 476 simul
703 421 755 476 est
770 413 802 474 in
817 413 915 474 rebus
932 409 1043 475 Inane.

223 511 271 576 At
287 525 409 590 contra,
427 515 453 576 si
469 512 584 576 Mollia
598 515 662 577 sint
677 513 859 577 Primordia
875 534 994 588 rerum,

224 613 322 679 Unde
340 626 461 699 queant
476 615 573 678 validi
589 615 705 692 silices,
722 614 908 700 ferrumque
924 615 1038 690 creari,

223 716 301 780 Non
317 719 437 801 poterit
452 718 534 782 ratio
550 719 655 782 reddi.
694 717 782 782 Nam
796 717 943 781 funditus
960 718 1062 780 omnis

223 818 388 903 Principio
403 819 604 884 fundamenti
619 819 751 883 Natura
768 820 901 884 carebit.

158 929 206 982 575
225 921 309 985 Sunt
326 923 424 1007 igitur
440 923 552 987 Solida
566 922 721 1007 pollentia
736 921 951 1007 simplicitate,

223 1023 373 1097 Quorum
389 1026 554 1089 condenso
569 1025 670 1109 magis
688 1025 794 1090 omnia
809 1024 981 1088 conciliatu

222 1125 354 1191 Arctari
368 1138 517 1214 possunt,
533 1126 721 1210 validasque
737 1127 910 1191 ostendere
926 1127 1033 1190 vireis'.
1061 1133 1064 1137 ’

264 1229 429 1314 Denique,
441 1231 509 1314 jam
523 1231 675 1313 quoniam
690 1230 869 1313 generatim
884 1229 1014 1292 reddita
1029 1227 1103 1291 finis

222 1331 400 1396 Crescendi
416 1333 515 1395 rebus
530 1341 669 1408 constat,
686 1332 846 1415 vitamque
862 1331 986 1406 tuendi,

158 1444 206 1490 580
225 1432 272 1496 Et
287 1434 367 1516 quid
381 1455 520 1516 quaeque
535 1443 657 1516 queant
673 1455 733 1517 per
749 1433 875 1497 foedera
889 1432 1043 1507 Naturai‚

222 1533 313 1606 Quid
328 1555 427 1618 porro
442 1543 606 1618 nequeant
623 1535 780 1599 sancitum
795 1534 1060 1619 quandoquidem
1074 1543 1200 1612 exstat3

220 1635 295 1702 Nec
310 1646 526 1701 commutatur
541 1637 724 1720 quicquam,
743 1637 821 1720 quin
837 1637 943 1700 omnia
957 1647 1107 1700 constant

222 1739 336 1824 Usque
352 1741 447 1817 adeo,
462 1740 560 1803 variae
576 1739 723 1805 volucres
738 1750 774 1804 ut
790 1741 823 1803 in
839 1740 952 1804 ordine
968 1748 1094 1824 cunctae

220 1842 407 1907 Ostendant
422 1842 564 1908 maculas
580 1843 760 1927 generaleis
777 1843 906 1927 corpori
921 1843 1045 1906 inesse:

157 1956 203 2002 585
222 1945 426 2011 Immutabile
441 1946 585 2010 materiae
601 1968 731 2030 quoque
748 1967 867 2029 corpus
882 1945 1005 2008 habere

220 2048 354 2112 Debent
369 2049 528 2112 nimirum.
568 2048 657 2112 Nam
673 2049 700 2111 si
716 2047 898 2111 Primordia
914 2069 1022 2110 rerum

220 2151 420 2214 Commutari
434 2149 542 2235 aliqua
557 2159 692 2234 possent
708 2150 833 2213 ratione
848 2149 981 2225 revicta,

220 2253 385 2317 Incertum
398 2274 529 2335 quoque
541 2252 609 2334 jam
625 2260 763 2327 constet,
780 2251 858 2334 quid
873 2251 978 2333 possit
993 2250 1080 2325 oriri,

166 2383 169 2386 ⁴
223 2354 315 2427 Quid
330 2363 489 2437 nequeat3
512 2351 605 2415 finita
619 2361 765 2435 potestas
782 2351 924 2434 denique
940 2353 1082 2434 quoique

158 2468 205 2515 590
223 2454 374 2527 Quanam
390 2456 431 2517 sit
446 2454 583 2530 ratione,
599 2463 697 2536 atque
712 2452 776 2516 alte
792 2453 946 2516 terminus
963 2451 1104 2529 haereat3

221 2558 296 2622 Nec
312 2557 408 2620 toties
423 2566 559 2641 possent
574 2555 753 2640 generatim
769 2553 865 2618 saecla
878 2553 1002 2619 referre

220 2658 394 2736 Naturam,
411 2668 532 2734 motus,
548 2657 679 2732 victum,
695 2678 866 2739 moresque
881 2665 1063 2740 parentum.

263 2761 351 2824 Tum
366 2783 476 2845 porro,
493 2761 644 2844 quoniam
659 2769 840 2824 extremum
855 2761 1014 2845 cujusque
1030 2782 1183 2824 cacumen

134 2962 204 3009 abeat
212 2971 349 3012 contentus.
379 2963 515 3012 Haecenim
528 2963 576 3010 ille.
604 2964 671 3017 Quo·
704 2972 742 3011 ret
752 2963 841 3011 forma:
860 2964 970 3026 quadam
982 2960 1108 3010 immensis
1117 2958 1210 3008 viribus
1219 2968 1245 3007 et

134 3042 229 3089 cunque
251 3029 323 3076 modo
346 3029 413 3087 liant,
437 3039 462 3076 et
484 3043 627 3091 quacunque
647 3028 672 3076 vi
704 3028 859 3090 longevitate
875 3028 1022 3084 fruerentur,
1039 3027 1097 3074 dum
1114 3025 1162 3073 alia
1179 3027 1243 3086 ejus-

133 3091 265 3154 gignantur
280 3093 330 3150 illa,
342 3109 430 3157 nempe
448 3096 495 3150 air,
512 3109 581 3155 aqua,
599 3102 671 3150 terra,
704 3091 759 3140 dem
782 3092 881 3154 generis
902 3091 992 3157 pusilla
1012 3091 1086 3138 nimis
1108 3097 1197 3146 essent,
1219 3097 1245 3136 et

135 3171 249 3219 vapores;
270 3158 374 3221 proinde
390 3159 459 3220 quasi
478 3159 550 3216 dicat,
568 3173 617 3205 non
635 3170 672 3205 est
704 3157 854 3206 brevissima
882 3157 975 3205 aetatis:
1009 3156 1150 3217 frequenter
1176 3153 1244 3202 albos

134 3221 199 3268 enim
219 3223 291 3283 hujus
313 3222 360 3271 loci
383 3223 477 3280 docere,
498 3223 618 3285 quomodo
641 3237 673 3269 ex
705 3238 797 3280 corvos,
807 3230 832 3269 et
841 3221 971 3284 aliquando
979 3221 1063 3284 nigros
1074 3235 1165 3282 cygnos
1175 3218 1242 3266 vide-

133 3285 273 3348 primordiis
292 3291 435 3336 solidissimis
455 3287 516 3336 fiant
535 3290 583 3345 air,
602 3302 671 3349 aqua,
705 3302 794 3334 remus.

134 3359 160 3396 et
170 3360 258 3399 caetera
268 3356 352 3399 mollia.
739 3350 768 3402 57
772 3353 793 3398 9.
814 3349 915 3410 Tuendi]
928 3348 1033 3404 Quidam
1045 3346 1109 3405 libri,
1122 3349 1220 3394 tenendi.

166 3415 221 3465 573.
242 3415 331 3477 Omnis]
347 3419 420 3472 Onerat,
433 3416 463 3463 G.
477 3415 504 3462 P.
517 3423 589 3462 recte.
737 3417 791 3462 582.
812 3413 886 3475 Quin]
901 3413 959 3470 Alii,
971 3415 1076 3474 quando:
1094 3427 1142 3459 non
1154 3413 1238 3474 probo.

166 3479 221 3529 578.
234 3482 345 3540 Denique,
356 3481 409 3541 jam
426 3482 537 3541 quoniam,
550 3477 606 3538 eta]
622 3479 671 3527 His
736 3480 792 3525 584.
808 3476 953 3540 Generalais]
970 3477 1076 3532 Quidam
1092 3476 1142 3539 legi
1158 3475 1244 3524 volunt

133 3559 155 3590 v.
168 3545 204 3590 15.
217 3543 290 3591 aliam
301 3543 399 3605 subjicit
409 3543 530 3591 rationem
542 3543 672 3591 Lucretius
701 3546 831 3606 genitalem.

133 3606 231 3655 ductam
239 3624 271 3655 ex
280 3607 410 3672 multiplici
422 3617 515 3655 naturae
526 3607 670 3666 constantia,
738 3607 800 3655 Ibid.
821 3609 916 3668 Corpori
923 3605 1008 3669 inesse]
1023 3607 1121 3668 Corpore
1132 3622 1186 3663 esse,
1197 3604 1242 3653 Gi·

133 3681 161 3720 ut
177 3673 203 3720 in
219 3673 383 3736 provehendis
399 3687 496 3736 semper
507 3671 671 3722 animantibus
704 3671 790 3720 sanius.
820 3672 868 3719 Sed
880 3671 926 3719 iste
937 3671 1018 3720 hiatus
1030 3670 1103 3719 nimis
1114 3669 1217 3734 deperit.

132 3736 163 3783 ad
180 3748 259 3786 certas
276 3754 353 3801 usque
366 3738 456 3786 virium
472 3736 625 3795 incrementi,
643 3753 671 3786 ac
737 3739 792 3786 592.
814 3736 916 3800 Victum]
930 3736 969 3785 Sic
982 3736 1098 3792 Codices;
1116 3744 1142 3784 at
1156 3738 1243 3784 uultum

132 3801 189 3850 vitae
200 3813 285 3860 metas,
297 3803 323 3850 in
334 3802 504 3868 imprimendis
519 3817 616 3865 semper
627 3802 669 3851 iis·
704 3817 753 3850 non
765 3802 919 3850 incommode
930 3802 1098 3851 substituatur.

132 3866 187 3914 dem
199 3867 350 3929 singulorum
361 3883 479 3931 generum
491 3866 671 3915 discriminibus
737 3869 792 3915 593.
813 3869 870 3914 Tum
878 3884 954 3929 porro,
966 3866 1023 3930 etc]
1036 3866 1093 3914 Alio
1105 3883 1127 3913 v.
1142 3864 1179 3913 16,
1192 3863 1240 3912 uti·

131 3940 157 3979 et
165 3931 243 3986 notis3
261 3948 315 3994 quae
322 3933 460 3996 prestitum
468 3947 527 3980 sane
537 3948 586 3980 non
599 3941 670 3990 esset,
704 3941 743 3980 tur
755 3942 905 3995 argumento,
918 3932 1001 3980 subtili
1011 3931 1132 3994 equidem,
1141 3939 1167 3978 et
1177 3929 1242 3992 quod

131 3996 179 4045 nisi
197 3996 325 4061 principiis
342 4007 451 4046 uteretur
469 3996 550 4053 certis,
569 4006 594 4045 et
610 4013 668 4045 con·
702 3997 775 4061 pauci
798 3997 966 4061 perceperint3
995 4001 1081 4045 semina
1108 3994 1243 4043 secundum

131 4061 259 4119 stantibus,
278 4072 351 4124 atque
367 4063 427 4110 adeo
444 4061 598 4110 dissolutioni
615 4077 668 4110 mu·
704 4063 839 4126 Epicurum
857 4069 915 4110 sunt
929 4061 1010 4124 aliqua
1026 4059 1162 4124 quantitate
1179 4073 1241 4121 prae·

130 4127 265 4189 tationique
285 4143 335 4175 non
355 4127 473 4176 obnoxiis
510 4126 583 4174 Unde
604 4127 670 4174 enim
703 4127 761 4184 dita,
774 4127 839 4190 quod
850 4142 909 4175 vero
920 4136 1036 4188 quantum
1051 4136 1095 4184 est,
1108 4127 1243 4172 Extremum

131 4191 264 4240 seminibus
286 4191 395 4254 quotidie
417 4191 517 4240 mutatis
544 4192 591 4239 ista
619 4200 669 4239 tam
701 4193 788 4247 habet;
812 4192 838 4239 id
856 4200 938 4239 autem
957 4190 1103 4238 Extremum
1120 4189 1243 4234 Minimum

130 4255 244 4317 pertinax
252 4257 396 4314 constantia,
405 4257 514 4320 profecto
523 4271 572 4304 non
585 4256 670 4304 eadem
703 4267 741 4306 est
752 4257 817 4321 quod
828 4265 909 4320 potest
918 4254 1027 4318 concipi;
1044 4267 1123 4314 neque
1135 4265 1242 4311 unquam

131 4318 270 4369 hominibus
291 4321 393 4385 aliisque
410 4321 556 4370 animalibus
574 4331 669 4369 consta·
704 4322 788 4370 existit
806 4322 836 4369 ab
855 4320 909 4370 aliis
929 4319 1040 4382 partibus
1059 4319 1196 4377 sejunctum
1217 4322 1243 4361 et
