2872 4852
225 214 292 306 ero
570 192 576 224 ²
608 211 651 276 r.
684 208 986 276 uncnurn,

310 368 504 433 Concutitur
519 365 603 432 Coeli
617 369 733 434 domus
749 368 904 452 undique,
920 372 1054 452 totaque
1069 365 1204 446 Tellus;

311 470 447 535 Etcum
462 480 610 554 tempora
624 469 773 537 seVeris
788 470 938 535 florentia
953 469 1120 554 pandunt:

310 571 447 656 Frigore
464 573 549 636 enim
565 573 684 638 desunt
699 573 810 657 Ignes,
826 569 993 657 Ventique
1009 571 1126 637 Calore

248 685 297 733 360
314 673 494 752 Deficiunt,
509 692 615 760 neque
632 686 709 739 sunt
725 684 790 739 tam
805 675 908 738 denso
923 696 1061 758 corpore
1075 673 1206 738 Nubes.

311 775 402 840 Inter
417 787 592 861 utrumque
608 778 707 862 igitur
722 799 794 842 cum
810 775 895 841 Coeli
908 786 1056 860 tempora
1071 783 1235 854 constant,

312 878 401 943 Tum
416 880 513 943 variae
528 901 635 944 causae
650 888 847 944 concurrunt
862 876 1018 942 Fulminis
1034 900 1156 944 omnes.

311 980 400 1044 Nam
415 979 518 1046 fretus
534 981 605 1066 ipse
620 981 697 1046 anni
711 982 883 1066 permiscet
897 979 1028 1065 FriguS,
1044 991 1079 1045 et
1091 979 1244 1045 AEstum.:

313 1083 463 1156 Quorum
472 1094 645 1170 utrumque
657 1107 740 1170 opus
753 1094 803 1149 est
816 1082 1005 1148 fabricanda
1016 1083 1059 1147 ad
1071 1082 1220 1148 Fulmina
1229 1083 1342 1161 nobis,

248 1197 296 1245 365
314 1185 363 1251 Ut
378 1186 542 1251 discordia
557 1188 599 1252 sit
611 1210 731 1264 rerum,
746 1208 929 1271 magnoque
945 1184 1086 1250 tumultu

313 1289 461 1374 Ignibus,
478 1301 511 1353 et
526 1287 644 1354 Ventis
660 1288 857 1353 furibundus
872 1288 1010 1353 fluctuet
1024 1285 1106 1352 Aer.

312 1391 422 1455 Prima
438 1390 562 1458 Caloris
577 1392 662 1455 enim
677 1414 765 1476 pars,
782 1402 816 1456 et
830 1400 996 1475 postrema
1011 1389 1156 1474 Rigoris,

309 1493 456 1578 Tempus
472 1493 507 1558 id
520 1504 572 1566 est
585 1492 753 1572 Vernum;
777 1514 878 1578 quare
893 1514 1040 1578 pugnare
1055 1514 1190 1558 necesse
1205 1493 1247 1557 ’st

310 1595 494 1661 Dissimiles
508 1597 592 1661 inter
608 1618 643 1661 se
658 1617 722 1673 res,
739 1596 937 1679 turbareque
952 1595 1075 1658 mistas.

248 1709 297 1764 370
316 1699 363 1763 Et
379 1698 477 1763 Calor
491 1710 655 1763 extremus
670 1699 775 1783 primo
790 1720 864 1762 cum
878 1696 1014 1782 Frigore
1028 1699 1144 1762 mistus

315 1799 479 1877 Volvitur,
496 1798 656 1864 Autumni
670 1799 760 1885 quod
775 1798 879 1864 fertur
894 1800 1022 1864 nomine
1038 1809 1183 1884 tempus:
1269 1827 1271 1831 ·

312 1901 380 1967 Hic
396 1924 526 1987 quoqne
542 1902 721 1986 confligunt
736 1900 872 1966 Hiemes
889 1901 1076 1966 AEstatibus
1092 1924 1193 1967 acres.
1219 1911 1222 1918 '

312 2004 494 2088 Propterea
510 2013 585 2068 sunt
597 2003 669 2068 haec
685 2000 778 2067 Bella
793 2002 869 2092 anni
883 2004 1121 2069 nominitanda:

311 2107 387 2172 Nec
401 2107 517 2170 mirum
532 2105 572 2170 'st
585 2105 618 2169 in
634 2128 673 2170 eo
690 2105 718 2169 si
732 2115 878 2189 ternpore
893 2104 1030 2190 plurima
1044 2105 1130 2170 fiunt

245 2220 293 2274 875
311 2209 469 2286 Fulmina,
485 2218 728 2294 tempestasque
744 2209 848 2273 cietur
862 2209 994 2273 turbida
1008 2207 1105 2286 coelo,

312 2311 459 2397 Ancipiti
473 2312 624 2396 quoniam
639 2310 724 2376 bello
740 2312 892 2376 turbatur
908 2313 1070 2395 utrinque,

311 2416 400 2480 Hinc
415 2413 578 2491 Flammis,
594 2412 680 2478 illinc
695 2412 825 2491 Ventis,
842 2412 1056 2497 Humoreque
1071 2412 1177 2478 misto.

356 2517 432 2581 Hoc
447 2526 499 2581 est
513 2515 641 2600 i'gnileri
655 2526 803 2580 naturam
818 2515 958 2580 fulminis
973 2515 1078 2599 ipsam

312 2619 517 2702 Perspicere,
533 2628 647 2702 etqua
661 2618 693 2681 vi
707 2616 804 2682 faciat
817 2639 885 2682 rem
900 2639 1062 2701 quamque
1076 2616 1205 2682 videre:
1221 2625 1223 2629 ’

246 2736 294 2784 380
312 2721 392 2786 Non
407 2719 581 2804 Tyrrhena
595 2729 684 2785 retro
699 2718 879 2784 volventem
894 2720 1035 2784 carmina
1050 2719 1172 2784 frustra

225 2992 346 3059 gendum)
363 2993 492 3042 fulminet't
510 2992 574 3050 Quia
585 2993 630 3043 viz.
642 3008 699 3043 cunr
715 2993 763 3043 ful·
796 2995 862 3044 calor
873 3005 899 3044 et
914 2996 991 3060 frigus
1008 2997 1173 3050 contendunt;
1190 3001 1275 3043 aestate
1291 3008 1334 3042 ca-

226 3074 284 3107 men
300 3059 334 3108 sit
349 3059 427 3122 igneae
444 3068 544 3117 naturae,
561 3068 633 3122 atque
651 3075 664 3107 e
681 3059 764 3108 densis
795 3059 839 3118 lor,
851 3061 939 3124 hyeme
950 3062 1027 3125 frigus
1038 3061 1184 3110 dominatur.

227 3123 333 3172 nubibus
358 3124 472 3189 erumpit,
496 3133 548 3173 tum
576 3124 679 3172 fulmina
706 3132 764 3172 sunt
829 3125 884 3177 378.
908 3129 959 3174 Hoc
979 3135 1013 3175 est
1032 3125 1134 3190 igniferi,
1154 3123 1211 3187 eta]
1232 3123 1289 3172 Ver.
1310 3125 1334 3171 8.

223 3189 332 3246 ,maxime
348 3190 506 3254 expectanda,
519 3190 615 3252 qnando
631 3189 710 3238 calida
725 3197 764 3238 est
796 3189 993 3240 sacrificulorum
1007 3205 1175 3254 augurumque
1191 3187 1277 3252 generi
1288 3186 1333 3236 in-

226 3262 366 3318 tempestus,
382 3264 407 3303 et
423 3254 520 3318 frigoris
536 3269 586 3303 non
603 3253 703 3303 omnino
719 3269 762 3302 ex·
796 3255 883 3304 sultat:
901 3255 973 3313 istuc,
985 3255 1072 3318 inquit,
1084 3263 1123 3304 est
1138 3255 1201 3303 scire
1218 3269 1272 3316 quae
1288 3268 1333 3300 na·

223 3334 289 3382 pers,
303 3335 360 3368 nam
377 3319 419 3368 ubi
436 3319 518 3368 nullus
534 3320 607 3378 calor,
623 3319 657 3367 ibi
674 3319 764 3367 frustra
796 3329 851 3369 turs
862 3320 895 3368 sit
905 3320 1022 3377 fulminis,
1036 3330 1080 3368 etc.
1093 3320 1158 3382 quod
1169 3333 1294 3380 nunquam
1306 3316 1334 3364 in

224 3384 336 3447 requiras
356 3385 453 3448 igneum
480 3383 571 3433 nimius
594 3394 676 3433 autem
698 3384 764 3432 calor
795 3385 883 3434 vestris
894 3384 963 3434 libris
973 3385 1187 3433 deliramentorum
1198 3382 1279 3447 plenis
1292 3397 1332 3430 re-

225 3462 275 3495 non
287 3449 379 3511 patitur
391 3459 419 3498 ut
433 3450 567 3498 densentur
578 3451 662 3498 nubes.
691 3449 727 3497 At
736 3449 763 3497 in
795 3449 904 3514 perietis.
932 3453 1004 3499 Retro
1019 3452 1147 3507 aubenton,
1159 3448 1186 3497 id
1202 3457 1247 3506 est,
1261 3463 1276 3496 a
1292 3463 1334 3495 ca·

223 3527 283 3560 rere
293 3522 318 3561 et
329 3525 447 3563 autumno
458 3515 524 3562 calor
534 3530 590 3563 curn
602 3513 692 3578 frigore
703 3514 762 3562 mis·
795 3514 846 3579 pite
863 3515 894 3563 ad
910 3515 1009 3572 calcem,
1026 3530 1041 3562 s
1057 3514 1122 3563 calce
1140 3513 1171 3562 ad
1188 3521 1263 3577 caput
1278 3511 1332 3560 vol·

225 3585 302 3634 cetur,
313 3577 371 3626 inde
383 3580 467 3636 nubes,
478 3578 634 3642 ventrignis,
645 3579 763 3627 tumultus
795 3579 883 3637 vendo,
906 3579 1054 3628 revolvendo
1076 3578 1153 3627 aniles
1175 3577 1235 3626 istos
1257 3576 1334 3635 libros

223 3641 324 3689 tandem
342 3642 368 3689 in
385 3645 447 3701 aire,
462 3659 476 3691 e
493 3643 581 3707 quibus
598 3642 698 3701 tonitru,
715 3643 762 3691 ful-
795 3659 856 3706 quos
872 3643 993 3709 Tyrrheni
1009 3659 1054 3693 seu
1070 3643 1145 3692 Tusci
1161 3641 1332 3691 condiderunt.

223 3719 279 3767 gur,
292 3704 392 3753 fulmen.
795 3711 880 3758 Faber.
915 3707 985 3756 Nihil
1002 3708 1051 3757 dici
1068 3707 1149 3772 potuit
1166 3707 1272 3766 brevius,
1290 3714 1334 3755 aut

244 3768 313 3815 .363.
332 3767 478 3831 Namfretar
489 3776 538 3834 ipse
553 3770 622 3834 anni]
641 3772 681 3820 lta
691 3780 762 3820 vocat
794 3773 937 3836 elegantius.

225 3847 267 3881 eas
279 3841 436 3896 tempestates
452 3850 506 3897 quae
522 3836 598 3899 frigus
615 3846 641 3884 et
656 3836 761 3884 calorem
826 3839 881 3886 380.
902 3836 1034 3900 Tyrrhena]
1046 3837 1126 3900 Tages
1135 3836 1202 3885 enim
1214 3835 1288 3898 (utin
1300 3834 1332 3883 li·

224 3896 378 3959 interjacent,
400 3907 428 3946 ut
449 3898 539 3947 fretum
562 3899 674 3950 dividens
701 3900 761 3951 duas
794 3901 844 3950 bris
864 3910 902 3950 est
926 3900 1117 3964 Hetruscorum)
1139 3901 1166 3948 in
1188 3916 1247 3964 agro
1269 3899 1332 3949 Tar·

224 3961 391 4012 continentes:
422 3962 536 4012 dicebant
563 3973 644 4012 autem
667 3973 761 4014 veteres
794 3965 916 4030 quiniensi
928 3983 983 4015 cum
997 3976 1063 4016 terra
1079 3974 1196 4024 araretur,
1208 3974 1234 4013 et
1249 3963 1334 4016 sulcus

218 4025 298 4090 fretus
314 4035 339 4075 et
348 4025 445 4090 fretam.
464 4028 549 4076 Faber.
584 4029 684 4085 Seneca,
702 4030 759 4079 Nat.
794 4041 859 4080 esset
869 4031 942 4082 altius
954 4032 987 4079 im
1005 4047 1094 4089 resrus,
1107 4030 1218 4079 extitisse
1229 4039 1333 4093 repente

224 4092 316 4147 Quaest.
328 4090 369 4140 lib.
383 4091 445 4140 Vll.
457 4108 510 4156 cap.
523 4095 562 4141 28.
590 4095 761 4154 AEqainoctium
793 4095 896 4151 dicitur;
931 4105 956 4144 et
1017 4095 1163 4160 aruspicinae
1195 4093 1333 4158 disciplina

224 4160 250 4206 in
265 4159 362 4206 calorem
371 4154 496 4221 frigusque
507 4160 623 4218 flectentis
637 4161 695 4206 unsri
711 4163 759 4223 sig·
793 4170 915 4272 praecepta
943 4160 1078 4209 tradidisse.
1119 4159 1176 4208 viu
1205 4158 1333 4221 Ciceronis

225 4239 286 4270 nam.
802 4225 834 4273 ib.
848 4225 884 4273 ll.
897 4224 928 4272 de
944 4224 1053 4273 Divinat.
1066 4234 1090 4273 et
1109 4222 1202 4273 Lucani
1217 4223 1259 4273 lib.
1275 4223 1294 4272 l.
1308 4239 1331 4272 v.

257 4286 312 4338 3⁷6.
327 4285 634 4350 Ancipiti-bello]Vereet
643 4295 759 4337 autumno
793 4291 848 4337 530.
861 4290 916 4342 587.
930 4289 985 4338 606.
1323 4282 1327 4287 ’
