<?xml version="1.0" encoding="UTF-8"?>
<!DOCTYPE html PUBLIC "-//W3C//DTD XHTML 1.0 Transitional//EN"
    "http://www.w3.org/TR/xhtml1/DTD/xhtml1-transitional.dtd">
<html xmlns="http://www.w3.org/1999/xhtml" xml:lang="en" lang="en">
 <head>
  <title>
</title>
<meta http-equiv="Content-Type" content="text/html;charset=utf-8" />
  <meta name='ocr-system' content='tesseract 3.04.00' />
  <meta name='ocr-capabilities' content='ocr_page ocr_carea ocr_par ocr_line ocrx_word'/>
</head>
<body>
  <div class='ocr_page' id='page_1' title='image "./titilucretiicar04carugoog_0015.png"; bbox 0 0 2872 4852; ppageno 0'>
   <div class='ocr_carea' id='block_1_1' title="bbox 35 218 1209 3090">
    <p class='ocr_par' dir='ltr' id='par_1_1' title="bbox 35 218 1209 3090">
     <span class='ocr_line' id='line_1_1' title="bbox 624 218 671 292; baseline -0.043 0"><span class='ocrx_word' id='word_1_1' title='bbox 624 218 671 292; x_wconf 93' lang='lat' dir='ltr'><strong>vii</strong></span> 
     </span>
     <span class='ocr_line' id='line_1_2' title="bbox 114 388 1204 476; baseline 0.002 -22"><span class='ocrx_word' id='word_1_2' title='bbox 114 430 124 439; x_wconf 47' lang='grc' dir='ltr'><strong><em>ι</em></strong></span> <span class='ocrx_word' id='word_1_3' title='bbox 140 388 180 455; x_wconf 94' lang='lat' dir='ltr'><strong>ld</strong></span> <span class='ocrx_word' id='word_1_4' title='bbox 196 390 326 455; x_wconf 90' lang='lat' dir='ltr'><strong>tandem</strong></span> <span class='ocrx_word' id='word_1_5' title='bbox 341 402 476 455; x_wconf 89' lang='lat' dir='ltr'><strong>conatus</strong></span> <span class='ocrx_word' id='word_1_6' title='bbox 487 401 541 455; x_wconf 88' lang='lat' dir='ltr'><strong>est</strong></span> <span class='ocrx_word' id='word_1_7' title='bbox 556 389 691 474; x_wconf 86' lang='lat' dir='ltr'><strong>Fayus⁴,</strong></span> <span class='ocrx_word' id='word_1_8' title='bbox 709 391 809 474; x_wconf 87' lang='lat' dir='ltr'><strong>siquis</strong></span> <span class='ocrx_word' id='word_1_9' title='bbox 822 389 903 454; x_wconf 88' lang='lat' dir='ltr'><strong>alius</strong></span> <span class='ocrx_word' id='word_1_10' title='bbox 917 388 993 455; x_wconf 92' lang='lat' dir='ltr'><strong>huic</strong></span> <span class='ocrx_word' id='word_1_11' title='bbox 1003 392 1095 476; x_wconf 88' lang='lat' dir='ltr'><strong>operi</strong></span> <span class='ocrx_word' id='word_1_12' title='bbox 1107 414 1204 475; x_wconf 91' lang='lat' dir='ltr'><strong>quam</strong></span> 
     </span>
     <span class='ocr_line' id='line_1_3' title="bbox 96 509 1202 595; baseline -0.001 -20"><span class='ocrx_word' id='word_1_13' title='bbox 96 511 232 575; x_wconf 83' lang='lat' dir='ltr'><strong>maxime</strong></span> <span class='ocrx_word' id='word_1_14' title='bbox 248 511 437 589; x_wconf 81' lang='lat' dir='ltr'><strong>inidoneus3</strong></span> <span class='ocrx_word' id='word_1_15' title='bbox 461 521 559 595; x_wconf 90' lang='lat' dir='ltr'><strong>atque</strong></span> <span class='ocrx_word' id='word_1_16' title='bbox 575 512 620 574; x_wconf 90' lang='lat' dir='ltr'><strong>ita</strong></span> <span class='ocrx_word' id='word_1_17' title='bbox 634 509 782 595; x_wconf 85' lang='lat' dir='ltr'><strong>perfecit,</strong></span> <span class='ocrx_word' id='word_1_18' title='bbox 800 520 836 574; x_wconf 92' lang='lat' dir='ltr'><strong>ut</strong></span> <span class='ocrx_word' id='word_1_19' title='bbox 852 533 886 574; x_wconf 91' lang='lat' dir='ltr'><strong>se</strong></span> <span class='ocrx_word' id='word_1_20' title='bbox 903 509 1054 574; x_wconf 86' lang='lat' dir='ltr'><strong>Lambini</strong></span> <span class='ocrx_word' id='word_1_21' title='bbox 1068 521 1102 575; x_wconf 93' lang='lat' dir='ltr'><strong>et</strong></span> <span class='ocrx_word' id='word_1_22' title='bbox 1117 511 1202 575; x_wconf 88' lang='lat' dir='ltr'><strong>Gas-</strong></span> 
     </span>
     <span class='ocr_line' id='line_1_4' title="bbox 97 628 1204 713; baseline 0 -19"><span class='ocrx_word' id='word_1_23' title='bbox 97 630 189 694; x_wconf 91' lang='lat' dir='ltr'><strong>sendi</strong></span> <span class='ocrx_word' id='word_1_24' title='bbox 206 629 328 713; x_wconf 88' lang='lat' dir='ltr'><strong>scripta</strong></span> <span class='ocrx_word' id='word_1_25' title='bbox 342 651 506 713; x_wconf 88' lang='lat' dir='ltr'><strong>nunquam</strong></span> <span class='ocrx_word' id='word_1_26' title='bbox 517 628 646 713; x_wconf 80' lang='lat' dir='ltr'><strong>legisse</strong></span> <span class='ocrx_word' id='word_1_27' title='bbox 662 628 793 693; x_wconf 80' lang='lat' dir='ltr'>abunde</span> <span class='ocrx_word' id='word_1_28' title='bbox 809 628 1089 693; x_wconf 84' lang='lat' dir='ltr'><strong>demonstraverit.</strong></span> <span class='ocrx_word' id='word_1_29' title='bbox 1142 629 1204 694; x_wconf 87' lang='lat' dir='ltr'><strong>Va·</strong></span> 
     </span>
     <span class='ocr_line' id='line_1_5' title="bbox 95 746 1205 826; baseline 0 -14"><span class='ocrx_word' id='word_1_30' title='bbox 95 749 218 822; x_wconf 77' lang='lat' dir='ltr'><strong>riorum</strong></span> <span class='ocrx_word' id='word_1_31' title='bbox 245 746 399 811; x_wconf 81' lang='lat' dir='ltr'><strong>Codicum</strong></span> <span class='ocrx_word' id='word_1_32' title='bbox 412 748 584 826; x_wconf 79' lang='lat' dir='ltr'><strong>auxilium,</strong></span> <span class='ocrx_word' id='word_1_33' title='bbox 600 757 634 811; x_wconf 85' lang='lat' dir='ltr'><strong>et</strong></span> <span class='ocrx_word' id='word_1_34' title='bbox 658 747 797 812; x_wconf 82' lang='lat' dir='ltr'><strong>Carmen</strong></span> <span class='ocrx_word' id='word_1_35' title='bbox 812 747 938 811; x_wconf 82' lang='lat' dir='ltr'><strong>omn-iao</strong></span> <span class='ocrx_word' id='word_1_36' title='bbox 953 770 974 811; x_wconf 86' lang='lat' dir='ltr'><strong>a</strong></span> <span class='ocrx_word' id='word_1_37' title='bbox 996 748 1122 811; x_wconf 80' lang='lat' dir='ltr'><strong>mendis</strong></span> <span class='ocrx_word' id='word_1_38' title='bbox 1136 748 1205 812; x_wconf 82' lang='lat' dir='ltr'><strong>oin·</strong></span> 
     </span>
     <span class='ocr_line' id='line_1_6' title="bbox 97 865 1204 951; baseline -0.001 -21"><span class='ocrx_word' id='word_1_39' title='bbox 97 865 255 930; x_wconf 79' lang='lat' dir='ltr'><strong>dicatam⁵</strong></span> <span class='ocrx_word' id='word_1_40' title='bbox 273 867 389 951; x_wconf 87' lang='lat' dir='ltr'><strong>jactat,</strong></span> <span class='ocrx_word' id='word_1_41' title='bbox 405 889 478 932; x_wconf 89' lang='lat' dir='ltr'><strong>cum</strong></span> <span class='ocrx_word' id='word_1_42' title='bbox 501 869 663 932; x_wconf 86' lang='lat' dir='ltr'><strong>sexcentis</strong></span> <span class='ocrx_word' id='word_1_43' title='bbox 680 866 836 951; x_wconf 85' lang='lat' dir='ltr'><strong>exemplis</strong></span> <span class='ocrx_word' id='word_1_44' title='bbox 856 866 1047 931; x_wconf 88' lang='lat' dir='ltr'><strong>confirmare</strong></span> <span class='ocrx_word' id='word_1_45' title='bbox 1070 888 1204 949; x_wconf 91' lang='lat' dir='ltr'><strong>possum</strong></span> 
     </span>
     <span class='ocr_line' id='line_1_7' title="bbox 97 984 1204 1063; baseline -0.002 -13"><span class='ocrx_word' id='word_1_46' title='bbox 97 985 201 1051; x_wconf 89' lang='lat' dir='ltr'><strong>Istum</strong></span> <span class='ocrx_word' id='word_1_47' title='bbox 224 987 280 1050; x_wconf 89' lang='lat' dir='ltr'><strong>uni</strong></span> <span class='ocrx_word' id='word_1_48' title='bbox 302 985 420 1063; x_wconf 87' lang='lat' dir='ltr'><strong>Pareo,</strong></span> <span class='ocrx_word' id='word_1_49' title='bbox 443 984 566 1050; x_wconf 89' lang='lat' dir='ltr'><strong>homini</strong></span> <span class='ocrx_word' id='word_1_50' title='bbox 580 985 777 1063; x_wconf 82' lang='lat' dir='ltr'><strong>furfuraceo,</strong></span> <span class='ocrx_word' id='word_1_51' title='bbox 793 985 916 1049; x_wconf 89' lang='lat' dir='ltr'><strong>fidere:</strong></span> <span class='ocrx_word' id='word_1_52' title='bbox 942 986 1084 1049; x_wconf 89' lang='lat' dir='ltr'><strong>barbara</strong></span> <span class='ocrx_word' id='word_1_53' title='bbox 1105 985 1204 1050; x_wconf 86' lang='lat' dir='ltr'><strong>inter-</strong></span> 
     </span>
     <span class='ocr_line' id='line_1_8' title="bbox 96 1102 1203 1188; baseline 0 -20"><span class='ocrx_word' id='word_1_54' title='bbox 96 1104 279 1188; x_wconf 83' lang='lat' dir='ltr'><strong>pretatione</strong></span> <span class='ocrx_word' id='word_1_55' title='bbox 308 1104 479 1168; x_wconf 87' lang='lat' dir='ltr'><strong>incestavit</strong></span> <span class='ocrx_word' id='word_1_56' title='bbox 510 1104 752 1168; x_wconf 89' lang='lat' dir='ltr'><strong>Latinissimum</strong></span> <span class='ocrx_word' id='word_1_57' title='bbox 782 1102 930 1179; x_wconf 72' lang='lat' dir='ltr'><strong>Poetam,</strong></span> <span class='ocrx_word' id='word_1_58' title='bbox 957 1124 1078 1187; x_wconf 88' lang='lat' dir='ltr'><strong>easque</strong></span> <span class='ocrx_word' id='word_1_59' title='bbox 1095 1113 1203 1168; x_wconf 80' lang='lat' dir='ltr'><strong>‚notas</strong></span> 
     </span>
     <span class='ocr_line' id='line_1_9' title="bbox 97 1221 1204 1309; baseline -0.001 -23"><span class='ocrx_word' id='word_1_60' title='bbox 97 1223 228 1308; x_wconf 90' lang='lat' dir='ltr'><strong>adjecit,</strong></span> <span class='ocrx_word' id='word_1_61' title='bbox 245 1245 318 1307; x_wconf 89' lang='lat' dir='ltr'><strong>quae</strong></span> <span class='ocrx_word' id='word_1_62' title='bbox 342 1223 579 1309; x_wconf 89' lang='lat' dir='ltr'><strong>Philosophum</strong></span> <span class='ocrx_word' id='word_1_63' title='bbox 601 1223 723 1288; x_wconf 86' lang='lat' dir='ltr'><strong>faciunt</strong></span> <span class='ocrx_word' id='word_1_64' title='bbox 747 1244 834 1307; x_wconf 88' lang='lat' dir='ltr'><strong>saepe</strong></span> <span class='ocrx_word' id='word_1_65' title='bbox 851 1222 1041 1298; x_wconf 86' lang='lat' dir='ltr'><strong>absurdum,</strong></span> <span class='ocrx_word' id='word_1_66' title='bbox 1061 1221 1204 1304; x_wconf 86' lang='lat' dir='ltr'><strong>seipsum</strong></span> 
     </span>
     <span class='ocr_line' id='line_1_10' title="bbox 98 1339 1205 1427; baseline -0.003 -21"><span class='ocrx_word' id='word_1_67' title='bbox 98 1363 227 1427; x_wconf 80' lang='lat' dir='ltr'><strong>semper</strong></span> <span class='ocrx_word' id='word_1_68' title='bbox 250 1341 431 1407; x_wconf 88' lang='lat' dir='ltr'><strong>ridiculum.</strong></span> <span class='ocrx_word' id='word_1_69' title='bbox 478 1342 546 1406; x_wconf 85' lang='lat' dir='ltr'><strong>Sed</strong></span> <span class='ocrx_word' id='word_1_70' title='bbox 568 1343 630 1406; x_wconf 87' lang='lat' dir='ltr'><strong>iste</strong></span> <span class='ocrx_word' id='word_1_71' title='bbox 651 1342 747 1425; x_wconf 89' lang='lat' dir='ltr'><strong>bipes</strong></span> <span class='ocrx_word' id='word_1_72' title='bbox 762 1350 814 1405; x_wconf 86' lang='lat' dir='ltr'><strong>est</strong></span> <span class='ocrx_word' id='word_1_73' title='bbox 829 1363 871 1404; x_wconf 85' lang='lat' dir='ltr'><strong>ex</strong></span> <span class='ocrx_word' id='word_1_74' title='bbox 892 1339 946 1403; x_wconf 93' lang='lat' dir='ltr'><strong>illo</strong></span> <span class='ocrx_word' id='word_1_75' title='bbox 969 1339 1134 1404; x_wconf 88' lang='lat' dir='ltr'><strong>hominurn</strong></span> <span class='ocrx_word' id='word_1_76' title='bbox 1148 1361 1205 1424; x_wconf 86' lang='lat' dir='ltr'><strong>ge.-</strong></span> 
     </span>
     <span class='ocr_line' id='line_1_11' title="bbox 96 1459 1204 1546; baseline -0.002 -22"><span class='ocrx_word' id='word_1_77' title='bbox 96 1482 187 1537; x_wconf 89' lang='lat' dir='ltr'><strong>nere,</strong></span> <span class='ocrx_word' id='word_1_78' title='bbox 212 1462 268 1545; x_wconf 91' lang='lat' dir='ltr'><strong>qui</strong></span> <span class='ocrx_word' id='word_1_79' title='bbox 289 1470 366 1545; x_wconf 89' lang='lat' dir='ltr'><strong>post</strong></span> <span class='ocrx_word' id='word_1_80' title='bbox 389 1461 598 1546; x_wconf 87' lang='lat' dir='ltr'><strong>depravatam</strong></span> <span class='ocrx_word' id='word_1_81' title='bbox 621 1459 837 1544; x_wconf 84' lang='lat' dir='ltr'><strong>Religionem,</strong></span> <span class='ocrx_word' id='word_1_82' title='bbox 853 1470 888 1524; x_wconf 90' lang='lat' dir='ltr'><strong>et</strong></span> <span class='ocrx_word' id='word_1_83' title='bbox 905 1468 1077 1544; x_wconf 91' lang='lat' dir='ltr'><strong>corruptos</strong></span> <span class='ocrx_word' id='word_1_84' title='bbox 1100 1461 1204 1523; x_wconf 89' lang='lat' dir='ltr'><strong>bonos</strong></span> 
     </span>
     <span class='ocr_line' id='line_1_12' title="bbox 98 1578 1206 1662; baseline -0.004 -18"><span class='ocrx_word' id='word_1_85' title='bbox 98 1578 225 1657; x_wconf 88' lang='lat' dir='ltr'><strong>Mores,</strong></span> <span class='ocrx_word' id='word_1_86' title='bbox 245 1581 279 1642; x_wconf 92' lang='lat' dir='ltr'><strong>in</strong></span> <span class='ocrx_word' id='word_1_87' title='bbox 295 1578 424 1644; x_wconf 88' lang='lat' dir='ltr'><strong>Literas</strong></span> <span class='ocrx_word' id='word_1_88' title='bbox 446 1578 654 1643; x_wconf 87' lang='lat' dir='ltr'><strong>humaniores</strong></span> <span class='ocrx_word' id='word_1_89' title='bbox 669 1578 822 1656; x_wconf 86' lang='lat' dir='ltr'><strong>involant,</strong></span> <span class='ocrx_word' id='word_1_90' title='bbox 839 1588 873 1641; x_wconf 91' lang='lat' dir='ltr'><strong>et</strong></span> <span class='ocrx_word' id='word_1_91' title='bbox 885 1578 1023 1642; x_wconf 87' lang='lat' dir='ltr'><strong>maxime</strong></span> <span class='ocrx_word' id='word_1_92' title='bbox 1039 1587 1151 1662; x_wconf 87' lang='lat' dir='ltr'><strong>agunt,</strong></span> <span class='ocrx_word' id='word_1_93' title='bbox 1169 1587 1206 1641; x_wconf 94' lang='lat' dir='ltr'><strong>ut</strong></span> 
     </span>
     <span class='ocr_line' id='line_1_13' title="bbox 97 1696 1207 1782; baseline 0 -22"><span class='ocrx_word' id='word_1_94' title='bbox 97 1717 158 1762; x_wconf 88' lang='lat' dir='ltr'><strong>nec</strong></span> <span class='ocrx_word' id='word_1_95' title='bbox 180 1698 236 1782; x_wconf 90' lang='lat' dir='ltr'><strong>pii,</strong></span> <span class='ocrx_word' id='word_1_96' title='bbox 260 1719 320 1762; x_wconf 89' lang='lat' dir='ltr'><strong>nec</strong></span> <span class='ocrx_word' id='word_1_97' title='bbox 342 1698 431 1775; x_wconf 91' lang='lat' dir='ltr'><strong>boni,</strong></span> <span class='ocrx_word' id='word_1_98' title='bbox 446 1720 505 1762; x_wconf 89' lang='lat' dir='ltr'><strong>nec</strong></span> <span class='ocrx_word' id='word_1_99' title='bbox 527 1696 648 1762; x_wconf 88' lang='lat' dir='ltr'><strong>literati</strong></span> <span class='ocrx_word' id='word_1_100' title='bbox 673 1697 834 1782; x_wconf 88' lang='lat' dir='ltr'><strong>possimus</strong></span> <span class='ocrx_word' id='word_1_101' title='bbox 850 1720 934 1762; x_wconf 87' lang='lat' dir='ltr'><strong>esse.</strong></span> <span class='ocrx_word' id='word_1_102' title='bbox 981 1696 1097 1781; x_wconf 88' lang='lat' dir='ltr'><strong>Siquid</strong></span> <span class='ocrx_word' id='word_1_103' title='bbox 1112 1717 1207 1780; x_wconf 84' lang='lat' dir='ltr'><strong>aspe-</strong></span> 
     </span>
     <span class='ocr_line' id='line_1_14' title="bbox 96 1813 1205 1893; baseline 0.002 -15"><span class='ocrx_word' id='word_1_104' title='bbox 96 1815 165 1880; x_wconf 91' lang='lat' dir='ltr'><strong>rius</strong></span> <span class='ocrx_word' id='word_1_105' title='bbox 189 1815 336 1893; x_wconf 86' lang='lat' dir='ltr'><strong>dixerim,</strong></span> <span class='ocrx_word' id='word_1_106' title='bbox 359 1816 392 1879; x_wconf 95' lang='lat' dir='ltr'><strong>id</strong></span> <span class='ocrx_word' id='word_1_107' title='bbox 415 1839 480 1880; x_wconf 90' lang='lat' dir='ltr'><strong>non</strong></span> <span class='ocrx_word' id='word_1_108' title='bbox 502 1817 582 1880; x_wconf 87' lang='lat' dir='ltr'><strong>meis</strong></span> <span class='ocrx_word' id='word_1_109' title='bbox 604 1817 760 1893; x_wconf 68' lang='lat' dir='ltr'><strong>moribus</strong></span> <span class='ocrx_word' id='word_1_110' title='bbox 784 1818 842 1881; x_wconf 87' lang='lat' dir='ltr'><strong>sed</strong></span> <span class='ocrx_word' id='word_1_111' title='bbox 866 1814 992 1880; x_wconf 90' lang='lat' dir='ltr'><strong>illorum</strong></span> <span class='ocrx_word' id='word_1_112' title='bbox 1014 1813 1205 1892; x_wconf 70' lang='lat' dir='ltr'><strong>insolentiae,</strong></span> 
     </span>
     <span class='ocr_line' id='line_1_15' title="bbox 97 1932 1207 2016; baseline -0.002 -18"><span class='ocrx_word' id='word_1_113' title='bbox 97 1935 154 2016; x_wconf 92' lang='lat' dir='ltr'><strong>qui</strong></span> <span class='ocrx_word' id='word_1_114' title='bbox 167 1934 270 1998; x_wconf 91' lang='lat' dir='ltr'><strong>bonos</strong></span> <span class='ocrx_word' id='word_1_115' title='bbox 287 1944 418 2000; x_wconf 86' lang='lat' dir='ltr'><strong>autores</strong></span> <span class='ocrx_word' id='word_1_116' title='bbox 433 1935 555 2000; x_wconf 90' lang='lat' dir='ltr'><strong>violant</strong></span> <span class='ocrx_word' id='word_1_117' title='bbox 573 1937 716 2000; x_wconf 88' lang='lat' dir='ltr'><strong>ascribas</strong></span> <span class='ocrx_word' id='word_1_118' title='bbox 729 1961 737 2014; x_wconf 82' lang='lat'><em>3</em></span> <span class='ocrx_word' id='word_1_119' title='bbox 764 1935 852 2000; x_wconf 82' lang='lat' dir='ltr'><strong>nbsti</strong></span> <span class='ocrx_word' id='word_1_120' title='bbox 865 1934 1042 2012; x_wconf 91' lang='lat' dir='ltr'><strong>lenitatem,</strong></span> <span class='ocrx_word' id='word_1_121' title='bbox 1058 1946 1093 1998; x_wconf 89' lang='lat' dir='ltr'><strong>at</strong></span> <span class='ocrx_word' id='word_1_122' title='bbox 1107 1932 1207 1998; x_wconf 87' lang='lat' dir='ltr'><strong>stulta</strong></span> 
     </span>
     <span class='ocr_line' id='line_1_16' title="bbox 97 2052 1208 2139; baseline 0.003 -24"><span class='ocrx_word' id='word_1_123' title='bbox 97 2063 149 2116; x_wconf 89' lang='lat' dir='ltr'><strong>est</strong></span> <span class='ocrx_word' id='word_1_124' title='bbox 163 2052 332 2118; x_wconf 90' lang='lat' dir='ltr'><strong>clementia</strong></span> <span class='ocrx_word' id='word_1_125' title='bbox 346 2055 438 2120; x_wconf 88' lang='lat' dir='ltr'><strong>duris</strong></span> <span class='ocrx_word' id='word_1_126' title='bbox 454 2055 562 2119; x_wconf 90' lang='lat' dir='ltr'><strong>verbis</strong></span> <span class='ocrx_word' id='word_1_127' title='bbox 577 2076 725 2139; x_wconf 88' lang='lat' dir='ltr'><strong>parcere,</strong></span> <span class='ocrx_word' id='word_1_128' title='bbox 742 2056 816 2118; x_wconf 88' lang='lat' dir='ltr'><strong>cum</strong></span> <span class='ocrx_word' id='word_1_129' title='bbox 830 2055 884 2118; x_wconf 90' lang='lat' dir='ltr'><strong>isti</strong></span> <span class='ocrx_word' id='word_1_130' title='bbox 907 2055 971 2118; x_wconf 91' lang='lat' dir='ltr'><strong>sint</strong></span> <span class='ocrx_word' id='word_1_131' title='bbox 992 2054 1098 2118; x_wconf 91' lang='lat' dir='ltr'><strong>meriti</strong></span> <span class='ocrx_word' id='word_1_132' title='bbox 1119 2053 1208 2118; x_wconf 87' lang='lat' dir='ltr'><strong>duri.-</strong></span> 
     </span>
     <span class='ocr_line' id='line_1_17' title="bbox 99 2170 1207 2257; baseline -0.001 -21"><span class='ocrx_word' id='word_1_133' title='bbox 99 2193 173 2236; x_wconf 89' lang='lat' dir='ltr'><strong>0ra:</strong></span> <span class='ocrx_word' id='word_1_134' title='bbox 196 2194 258 2256; x_wconf 91' lang='lat' dir='ltr'><strong>ego</strong></span> <span class='ocrx_word' id='word_1_135' title='bbox 273 2173 404 2256; x_wconf 92' lang='lat' dir='ltr'><strong>quidem</strong></span> <span class='ocrx_word' id='word_1_136' title='bbox 420 2195 503 2257; x_wconf 86' lang='lat' dir='ltr'><strong>opus</strong></span> <span class='ocrx_word' id='word_1_137' title='bbox 518 2195 538 2237; x_wconf 89' lang='lat' dir='ltr'><strong>a</strong></span> <span class='ocrx_word' id='word_1_138' title='bbox 553 2171 643 2256; x_wconf 90' lang='lat' dir='ltr'><strong>Fayo</strong></span> <span class='ocrx_word' id='word_1_139' title='bbox 666 2172 860 2250; x_wconf 88' lang='lat' dir='ltr'><strong>institutum,</strong></span> <span class='ocrx_word' id='word_1_140' title='bbox 875 2172 989 2237; x_wconf 91' lang='lat' dir='ltr'><strong>melius</strong></span> <span class='ocrx_word' id='word_1_141' title='bbox 1010 2195 1108 2257; x_wconf 89' lang='lat' dir='ltr'><strong>quam</strong></span> <span class='ocrx_word' id='word_1_142' title='bbox 1129 2170 1207 2255; x_wconf 93' lang='lat' dir='ltr'><strong>Ipse</strong></span> 
     </span>
     <span class='ocr_line' id='line_1_18' title="bbox 98 2290 1207 2377; baseline 0.001 -23"><span class='ocrx_word' id='word_1_143' title='bbox 98 2292 207 2377; x_wconf 91' lang='lat' dir='ltr'><strong>potuit</strong></span> <span class='ocrx_word' id='word_1_144' title='bbox 221 2290 367 2375; x_wconf 84' lang='lat' dir='ltr'><strong>(indulge</strong></span> <span class='ocrx_word' id='word_1_145' title='bbox 390 2290 468 2354; x_wconf 92' lang='lat' dir='ltr'><strong>mihi</strong></span> <span class='ocrx_word' id='word_1_146' title='bbox 490 2293 586 2354; x_wconf 90' lang='lat' dir='ltr'><strong>istam</strong></span> <span class='ocrx_word' id='word_1_147' title='bbox 600 2292 828 2374; x_wconf 87' lang='lat' dir='ltr'><strong>arrogantiam,</strong></span> <span class='ocrx_word' id='word_1_148' title='bbox 852 2290 931 2354; x_wconf 92' lang='lat' dir='ltr'><strong>nihil</strong></span> <span class='ocrx_word' id='word_1_149' title='bbox 949 2292 1032 2355; x_wconf 85' lang='lat' dir='ltr'><strong>eninr</strong></span> <span class='ocrx_word' id='word_1_150' title='bbox 1056 2290 1207 2355; x_wconf 89' lang='lat' dir='ltr'><strong>humilius</strong></span> 
     </span>
     <span class='ocr_line' id='line_1_19' title="bbox 99 2408 1209 2494; baseline -0.002 -18"><span class='ocrx_word' id='word_1_151' title='bbox 99 2412 163 2478; x_wconf 89' lang='lat' dir='ltr'><strong>dici</strong></span> <span class='ocrx_word' id='word_1_152' title='bbox 177 2412 299 2494; x_wconf 88' lang='lat' dir='ltr'><strong>potest)</strong></span> <span class='ocrx_word' id='word_1_153' title='bbox 315 2409 456 2488; x_wconf 88' lang='lat' dir='ltr'><strong>absolvi;</strong></span> <span class='ocrx_word' id='word_1_154' title='bbox 482 2410 644 2487; x_wconf 90' lang='lat' dir='ltr'><strong>Lambini,</strong></span> <span class='ocrx_word' id='word_1_155' title='bbox 658 2410 792 2488; x_wconf 89' lang='lat' dir='ltr'><strong>Gifanii,</strong></span> <span class='ocrx_word' id='word_1_156' title='bbox 805 2409 930 2486; x_wconf 86' lang='lat' dir='ltr'><strong>Vossii,</strong></span> <span class='ocrx_word' id='word_1_157' title='bbox 947 2409 1105 2486; x_wconf 88' lang='lat' dir='ltr'><strong>Salmasii,</strong></span> <span class='ocrx_word' id='word_1_158' title='bbox 1122 2408 1209 2474; x_wconf 89' lang='lat' dir='ltr'><strong>Gro-</strong></span> 
     </span>
     <span class='ocr_line' id='line_1_20' title="bbox 98 2527 1208 2613; baseline -0.002 -18"><span class='ocrx_word' id='word_1_159' title='bbox 98 2530 195 2608; x_wconf 90' lang='lat' dir='ltr'><strong>novii,</strong></span> <span class='ocrx_word' id='word_1_160' title='bbox 219 2529 330 2606; x_wconf 87' lang='lat' dir='ltr'><strong>Fabri,</strong></span> <span class='ocrx_word' id='word_1_161' title='bbox 347 2528 482 2593; x_wconf 89' lang='lat' dir='ltr'><strong>aliorum</strong></span> <span class='ocrx_word' id='word_1_162' title='bbox 501 2529 756 2605; x_wconf 59' lang='lat' dir='ltr'><strong>observationes</strong></span> <span class='ocrx_word' id='word_1_163' title='bbox 776 2527 992 2613; x_wconf 88' lang='lat' dir='ltr'><strong>conjecturas,</strong></span> <span class='ocrx_word' id='word_1_164' title='bbox 1015 2529 1208 2613; x_wconf 87' lang='lat' dir='ltr'><strong>interpreta-</strong></span> 
     </span>
     <span class='ocr_line' id='line_1_21' title="bbox 98 2646 1208 2734; baseline -0.005 -19"><span class='ocrx_word' id='word_1_165' title='bbox 98 2652 214 2734; x_wconf 88' lang='lat' dir='ltr'><strong>tiones,</strong></span> <span class='ocrx_word' id='word_1_166' title='bbox 224 2649 467 2714; x_wconf 89' lang='lat' dir='ltr'><strong>emendationes</strong></span> <span class='ocrx_word' id='word_1_167' title='bbox 481 2647 607 2732; x_wconf 84' lang='lat' dir='ltr'><strong>collegi,</strong></span> <span class='ocrx_word' id='word_1_168' title='bbox 620 2648 757 2734; x_wconf 85' lang='lat' dir='ltr'><strong>digessi;</strong></span> <span class='ocrx_word' id='word_1_169' title='bbox 779 2669 846 2711; x_wconf 92' lang='lat' dir='ltr'><strong>non</strong></span> <span class='ocrx_word' id='word_1_170' title='bbox 857 2657 965 2711; x_wconf 91' lang='lat' dir='ltr'><strong>tamen</strong></span> <span class='ocrx_word' id='word_1_171' title='bbox 976 2646 1060 2711; x_wconf 90' lang='lat' dir='ltr'><strong>adeo</strong></span> <span class='ocrx_word' id='word_1_172' title='bbox 1071 2649 1208 2730; x_wconf 92' lang='lat' dir='ltr'><strong>probavi</strong></span> 
     </span>
     <span class='ocr_line' id='line_1_22' title="bbox 97 2767 1203 2853; baseline -0.001 -20"><span class='ocrx_word' id='word_1_173' title='bbox 97 2770 213 2846; x_wconf 89' lang='lat' dir='ltr'><strong>omnia,</strong></span> <span class='ocrx_word' id='word_1_174' title='bbox 230 2791 304 2852; x_wconf 90' lang='lat' dir='ltr'><strong>quae</strong></span> <span class='ocrx_word' id='word_1_175' title='bbox 318 2770 426 2853; x_wconf 89' lang='lat' dir='ltr'><strong>magni</strong></span> <span class='ocrx_word' id='word_1_176' title='bbox 440 2767 485 2831; x_wconf 91' lang='lat' dir='ltr'><strong>illi</strong></span> <span class='ocrx_word' id='word_1_177' title='bbox 500 2768 559 2831; x_wconf 88' lang='lat' dir='ltr'><strong>viri</strong></span> <span class='ocrx_word' id='word_1_178' title='bbox 574 2767 739 2844; x_wconf 89' lang='lat' dir='ltr'><strong>dixerunt,</strong></span> <span class='ocrx_word' id='word_1_179' title='bbox 756 2777 793 2831; x_wconf 92' lang='lat' dir='ltr'><strong>ut</strong></span> <span class='ocrx_word' id='word_1_180' title='bbox 815 2789 980 2851; x_wconf 90' lang='lat' dir='ltr'><strong>nunquam</strong></span> <span class='ocrx_word' id='word_1_181' title='bbox 1002 2788 1074 2831; x_wconf 92' lang='lat' dir='ltr'><strong>meo</strong></span> <span class='ocrx_word' id='word_1_182' title='bbox 1097 2767 1203 2832; x_wconf 91' lang='lat' dir='ltr'><strong>animo</strong></span> 
     </span>
     <span class='ocr_line' id='line_1_23' title="bbox 99 2884 1205 2971; baseline 0.003 -23"><span class='ocrx_word' id='word_1_183' title='bbox 99 2886 302 2970; x_wconf 91' lang='lat' dir='ltr'><strong>obsequutus</strong></span> <span class='ocrx_word' id='word_1_184' title='bbox 330 2887 464 2951; x_wconf 86' lang='lat' dir='ltr'><strong>fuerim:</strong></span> <span class='ocrx_word' id='word_1_185' title='bbox 497 2887 586 2971; x_wconf 91' lang='lat' dir='ltr'><strong>quod</strong></span> <span class='ocrx_word' id='word_1_186' title='bbox 611 2909 689 2951; x_wconf 90' lang='lat' dir='ltr'><strong>vero</strong></span> <span class='ocrx_word' id='word_1_187' title='bbox 719 2884 914 2950; x_wconf 89' lang='lat' dir='ltr'><strong>Gassendus</strong></span> <span class='ocrx_word' id='word_1_188' title='bbox 938 2897 1109 2970; x_wconf 90' lang='lat' dir='ltr'><strong>utramque</strong></span> <span class='ocrx_word' id='word_1_189' title='bbox 1136 2885 1205 2951; x_wconf 86' lang='lat' dir='ltr'><strong>fere</strong></span> 
     </span>
     <span class='ocr_line' id='line_1_24' title="bbox 35 2997 1207 3090; baseline 0.003 -22"><span class='ocrx_word' id='word_1_190' title='bbox 35 2997 37 3001; x_wconf 59' lang='grc'><strong>’</strong></span> <span class='ocrx_word' id='word_1_191' title='bbox 99 3006 250 3088; x_wconf 89' lang='lat' dir='ltr'><strong>paginam</strong></span> <span class='ocrx_word' id='word_1_192' title='bbox 262 3006 349 3084; x_wconf 83' lang='lat' dir='ltr'><strong>facit,</strong></span> <span class='ocrx_word' id='word_1_193' title='bbox 366 3007 400 3070; x_wconf 91' lang='lat' dir='ltr'><strong>id</strong></span> <span class='ocrx_word' id='word_1_194' title='bbox 412 3007 543 3090; x_wconf 90' lang='lat' dir='ltr'><strong>quidem</strong></span> <span class='ocrx_word' id='word_1_195' title='bbox 557 3007 719 3070; x_wconf 88' lang='lat' dir='ltr'><strong>contendo</strong></span> <span class='ocrx_word' id='word_1_196' title='bbox 729 3016 818 3071; x_wconf 83' lang='lat' dir='ltr'><strong>recte</strong></span> <span class='ocrx_word' id='word_1_197' title='bbox 832 3007 1026 3084; x_wconf 90' lang='lat' dir='ltr'><strong>institutum,</strong></span> <span class='ocrx_word' id='word_1_198' title='bbox 1040 3015 1073 3070; x_wconf 93' lang='lat' dir='ltr'><strong>et</strong></span> <span class='ocrx_word' id='word_1_199' title='bbox 1084 3017 1207 3090; x_wconf 86' lang='lat' dir='ltr'><strong>negent</strong></span> 
     </span>
    </p>
   </div>
   <div class='ocr_carea' id='block_1_2' title="bbox 99 3122 1206 3209">
    <p class='ocr_par' dir='ltr' id='par_1_2' title="bbox 99 3122 1206 3209">
     <span class='ocr_line' id='line_1_25' title="bbox 99 3122 1206 3209; baseline 0.005 -24"><span class='ocrx_word' id='word_1_200' title='bbox 99 3122 164 3200; x_wconf 86' lang='lat' dir='ltr'><strong>isti,</strong></span> <span class='ocrx_word' id='word_1_201' title='bbox 180 3125 236 3208; x_wconf 90' lang='lat' dir='ltr'><strong>qui</strong></span> <span class='ocrx_word' id='word_1_202' title='bbox 258 3124 347 3202; x_wconf 92' lang='lat' dir='ltr'><strong>mihi,</strong></span> <span class='ocrx_word' id='word_1_203' title='bbox 363 3123 498 3209; x_wconf 89' lang='lat' dir='ltr'><strong>aliisque</strong></span> <span class='ocrx_word' id='word_1_204' title='bbox 522 3125 669 3189; x_wconf 90' lang='lat' dir='ltr'><strong>Lucretii</strong></span> <span class='ocrx_word' id='word_1_205' title='bbox 684 3124 859 3189; x_wconf 89' lang='lat' dir='ltr'><strong>lectoribus</strong></span> <span class='ocrx_word' id='word_1_206' title='bbox 882 3125 1027 3188; x_wconf 90' lang='lat' dir='ltr'><strong>invident</strong></span> <span class='ocrx_word' id='word_1_207' title='bbox 1048 3135 1114 3188; x_wconf 91' lang='lat' dir='ltr'><strong>tam</strong></span> <span class='ocrx_word' id='word_1_208' title='bbox 1130 3125 1206 3190; x_wconf 90' lang='lat' dir='ltr'><strong>doc-</strong></span> 
     </span>
    </p>
   </div>
   <div class='ocr_carea' id='block_1_3' title="bbox 69 3244 1207 4157">
    <p class='ocr_par' dir='ltr' id='par_1_3' title="bbox 100 3244 700 3331">
     <span class='ocr_line' id='line_1_26' title="bbox 100 3244 700 3331; baseline 0.005 -24"><span class='ocrx_word' id='word_1_209' title='bbox 100 3254 179 3320; x_wconf 90' lang='lat' dir='ltr'><strong>tum,</strong></span> <span class='ocrx_word' id='word_1_210' title='bbox 196 3254 261 3309; x_wconf 89' lang='lat' dir='ltr'><strong>tam</strong></span> <span class='ocrx_word' id='word_1_211' title='bbox 277 3244 457 3329; x_wconf 87' lang='lat' dir='ltr'><strong>elegantem</strong></span> <span class='ocrx_word' id='word_1_212' title='bbox 473 3247 700 3331; x_wconf 88' lang='lat' dir='ltr'><strong>Interpretem.</strong></span> 
     </span>
    </p>

    <p class='ocr_par' dir='ltr' id='par_1_4' title="bbox 69 3362 1207 4157">
     <span class='ocr_line' id='line_1_27' title="bbox 142 3362 1205 3449; baseline 0.003 -23"><span class='ocrx_word' id='word_1_213' title='bbox 142 3362 228 3447; x_wconf 89' lang='lat' dir='ltr'><strong>Fugi</strong></span> <span class='ocrx_word' id='word_1_214' title='bbox 243 3373 360 3440; x_wconf 88' lang='lat' dir='ltr'><strong>tamen,</strong></span> <span class='ocrx_word' id='word_1_215' title='bbox 372 3375 529 3447; x_wconf 91' lang='lat' dir='ltr'><strong>quantum</strong></span> <span class='ocrx_word' id='word_1_216' title='bbox 543 3365 647 3449; x_wconf 89' lang='lat' dir='ltr'><strong>potui,</strong></span> <span class='ocrx_word' id='word_1_217' title='bbox 661 3364 955 3428; x_wconf 87' lang='lat' dir='ltr'><strong>Grammaticorum</strong></span> <span class='ocrx_word' id='word_1_218' title='bbox 970 3365 1205 3443; x_wconf 59' lang='lat' dir='ltr'><strong>contentiones</strong></span> 
     </span>
     <span class='ocr_line' id='line_1_28' title="bbox 101 3479 1207 3568; baseline 0.004 -23"><span class='ocrx_word' id='word_1_219' title='bbox 101 3482 142 3545; x_wconf 90' lang='lat' dir='ltr'><strong>de</strong></span> <span class='ocrx_word' id='word_1_220' title='bbox 164 3479 277 3556; x_wconf 87' lang='lat' dir='ltr'><strong>literis,</strong></span> <span class='ocrx_word' id='word_1_221' title='bbox 296 3502 475 3564; x_wconf 90' lang='lat' dir='ltr'><strong>vocumque</strong></span> <span class='ocrx_word' id='word_1_222' title='bbox 498 3482 657 3566; x_wconf 88' lang='lat' dir='ltr'><strong>apicibus,</strong></span> <span class='ocrx_word' id='word_1_223' title='bbox 680 3484 706 3544; x_wconf 84' lang='lat' dir='ltr'><strong>si</strong></span> <span class='ocrx_word' id='word_1_224' title='bbox 729 3480 825 3545; x_wconf 93' lang='lat' dir='ltr'><strong>modo</strong></span> <span class='ocrx_word' id='word_1_225' title='bbox 847 3481 974 3566; x_wconf 87' lang='lat' dir='ltr'><strong>integra</strong></span> <span class='ocrx_word' id='word_1_226' title='bbox 996 3492 1030 3546; x_wconf 90' lang='lat' dir='ltr'><strong>et</strong></span> <span class='ocrx_word' id='word_1_227' title='bbox 1052 3485 1207 3568; x_wconf 85' lang='lat' dir='ltr'><strong>expedita</strong></span> 
     </span>
     <span class='ocr_line' id='line_1_29' title="bbox 99 3598 1206 3684; baseline 0.005 -21"><span class='ocrx_word' id='word_1_228' title='bbox 99 3599 272 3663; x_wconf 89' lang='lat' dir='ltr'><strong>videbatur</strong></span> <span class='ocrx_word' id='word_1_229' title='bbox 287 3599 457 3677; x_wconf 90' lang='lat' dir='ltr'><strong>sententia,</strong></span> <span class='ocrx_word' id='word_1_230' title='bbox 474 3621 539 3663; x_wconf 93' lang='lat' dir='ltr'><strong>non</strong></span> <span class='ocrx_word' id='word_1_231' title='bbox 561 3599 654 3664; x_wconf 90' lang='lat' dir='ltr'><strong>nimis</strong></span> <span class='ocrx_word' id='word_1_232' title='bbox 678 3598 839 3664; x_wconf 87' lang='lat' dir='ltr'><strong>solicitus:</strong></span> <span class='ocrx_word' id='word_1_233' title='bbox 863 3623 928 3665; x_wconf 90' lang='lat' dir='ltr'><strong>non</strong></span> <span class='ocrx_word' id='word_1_234' title='bbox 950 3601 1128 3684; x_wconf 86' lang='lat' dir='ltr'><strong>probabilis</strong></span> <span class='ocrx_word' id='word_1_235' title='bbox 1151 3626 1206 3668; x_wconf 89' lang='lat' dir='ltr'><strong>cu-</strong></span> 
     </span>
     <span class='ocr_line' id='line_1_30' title="bbox 94 3717 1206 3803; baseline 0.006 -23"><span class='ocrx_word' id='word_1_236' title='bbox 94 3718 227 3782; x_wconf 88' lang='lat' dir='ltr'><strong>riositas</strong></span> <span class='ocrx_word' id='word_1_237' title='bbox 243 3738 361 3780; x_wconf 87' lang='lat' dir='ltr'><strong>vexare</strong></span> <span class='ocrx_word' id='word_1_238' title='bbox 378 3740 485 3795; x_wconf 86' lang='lat' dir='ltr'><strong>voces,</strong></span> <span class='ocrx_word' id='word_1_239' title='bbox 502 3741 575 3783; x_wconf 90' lang='lat' dir='ltr'><strong>cum</strong></span> <span class='ocrx_word' id='word_1_240' title='bbox 590 3720 694 3782; x_wconf 88' lang='lat' dir='ltr'><strong>varies</strong></span> <span class='ocrx_word' id='word_1_241' title='bbox 716 3717 793 3782; x_wconf 88' lang='lat' dir='ltr'><strong>licet</strong></span> <span class='ocrx_word' id='word_1_242' title='bbox 814 3729 847 3782; x_wconf 93' lang='lat' dir='ltr'><strong>et</strong></span> <span class='ocrx_word' id='word_1_243' title='bbox 869 3729 1034 3803; x_wconf 90' lang='lat' dir='ltr'><strong>torqueas,</strong></span> <span class='ocrx_word' id='word_1_244' title='bbox 1049 3721 1135 3786; x_wconf 87' lang='lat' dir='ltr'><strong>idem</strong></span> <span class='ocrx_word' id='word_1_245' title='bbox 1158 3733 1206 3786; x_wconf 92' lang='lat' dir='ltr'><strong>ta-</strong></span> 
     </span>
     <span class='ocr_line' id='line_1_31' title="bbox 99 3832 1206 3924; baseline 0.005 -24"><span class='ocrx_word' id='word_1_246' title='bbox 99 3857 174 3900; x_wconf 87' lang='lat' dir='ltr'><strong>men</strong></span> <span class='ocrx_word' id='word_1_247' title='bbox 185 3835 388 3899; x_wconf 86' lang='lat' dir='ltr'><strong>fatebuutur.</strong></span> <span class='ocrx_word' id='word_1_248' title='bbox 425 3832 575 3900; x_wconf 85' lang='lat' dir='ltr'><strong>Verebar</strong></span> <span class='ocrx_word' id='word_1_249' title='bbox 587 3838 695 3913; x_wconf 87' lang='lat' dir='ltr'><strong>etiam,</strong></span> <span class='ocrx_word' id='word_1_250' title='bbox 709 3858 750 3901; x_wconf 90' lang='lat' dir='ltr'><strong>ne</strong></span> <span class='ocrx_word' id='word_1_251' title='bbox 762 3835 816 3899; x_wconf 89' lang='lat' dir='ltr'><strong>illa</strong></span> <span class='ocrx_word' id='word_1_252' title='bbox 827 3859 951 3900; x_wconf 91' lang='lat' dir='ltr'><strong>morum</strong></span> <span class='ocrx_word' id='word_1_253' title='bbox 967 3837 1117 3916; x_wconf 90' lang='lat' dir='ltr'><strong>dulcedo,</strong></span> <span class='ocrx_word' id='word_1_254' title='bbox 1132 3864 1206 3924; x_wconf 83' lang='lat' dir='ltr'><strong>quae</strong></span> 
     </span>
     <span class='ocr_line' id='line_1_32' title="bbox 69 3953 1204 4038; baseline 0.003 -20"><span class='ocrx_word' id='word_1_255' title='bbox 69 4029 72 4034; x_wconf 22' lang='lat'><strong><em>¹</em></strong></span> <span class='ocrx_word' id='word_1_256' title='bbox 106 3954 192 4032; x_wconf 81' lang='lat' dir='ltr'><strong>Tibi,</strong></span> <span class='ocrx_word' id='word_1_257' title='bbox 216 3953 351 4038; x_wconf 84' lang='lat' dir='ltr'><strong>aliisque</strong></span> <span class='ocrx_word' id='word_1_258' title='bbox 374 3955 503 4038; x_wconf 87' lang='lat' dir='ltr'><strong>optimis</strong></span> <span class='ocrx_word' id='word_1_259' title='bbox 519 3955 595 4018; x_wconf 86' lang='lat' dir='ltr'><strong>viris</strong></span> <span class='ocrx_word' id='word_1_260' title='bbox 617 3977 682 4018; x_wconf 93' lang='lat' dir='ltr'><strong>non</strong></span> <span class='ocrx_word' id='word_1_261' title='bbox 705 3953 795 4018; x_wconf 87' lang='lat' dir='ltr'><strong>fatua</strong></span> <span class='ocrx_word' id='word_1_262' title='bbox 813 3955 996 4033; x_wconf 89' lang='lat' dir='ltr'><strong>videbatur,</strong></span> <span class='ocrx_word' id='word_1_263' title='bbox 1021 3969 1204 4036; x_wconf 89' lang='lat' dir='ltr'><strong>acesceret;</strong></span> 
     </span>
     <span class='ocr_line' id='line_1_33' title="bbox 100 4071 1205 4157; baseline 0.002 -21"><span class='ocrx_word' id='word_1_264' title='bbox 100 4073 222 4157; x_wconf 90' lang='lat' dir='ltr'><strong>quippe</strong></span> <span class='ocrx_word' id='word_1_265' title='bbox 246 4071 538 4137; x_wconf 88' lang='lat' dir='ltr'><strong>Grammaticorum</strong></span> <span class='ocrx_word' id='word_1_266' title='bbox 561 4095 641 4157; x_wconf 89' lang='lat' dir='ltr'><strong>gens</strong></span> <span class='ocrx_word' id='word_1_267' title='bbox 664 4082 714 4136; x_wconf 91' lang='lat' dir='ltr'><strong>est</strong></span> <span class='ocrx_word' id='word_1_268' title='bbox 737 4071 896 4151; x_wconf 82' lang='lat' dir='ltr'><strong>clamosa3</strong></span> <span class='ocrx_word' id='word_1_269' title='bbox 921 4075 1060 4152; x_wconf 91' lang='lat' dir='ltr'><strong>immitis,</strong></span> <span class='ocrx_word' id='word_1_270' title='bbox 1077 4076 1205 4153; x_wconf 88' lang='lat' dir='ltr'><strong>acerba,</strong></span> 
     </span>
    </p>
   </div>
   <div class='ocr_carea' id='block_1_4' title="bbox 199 4318 1086 4385">
    <p class='ocr_par' dir='ltr' id='par_1_5' title="bbox 199 4318 1086 4385">
     <span class='ocr_line' id='line_1_34' title="bbox 199 4318 1086 4385; baseline 0.003 -18"><span class='ocrx_word' id='word_1_271' title='bbox 199 4318 208 4348; x_wconf 84' lang='lat'>⁴</span> <span class='ocrx_word' id='word_1_272' title='bbox 222 4319 309 4368; x_wconf 90' lang='lat' dir='ltr'><strong>Editor</strong></span> <span class='ocrx_word' id='word_1_273' title='bbox 321 4321 430 4370; x_wconf 88' lang='lat' dir='ltr'><strong>Lucretii</strong></span> <span class='ocrx_word' id='word_1_274' title='bbox 441 4322 468 4370; x_wconf 90' lang='lat' dir='ltr'><strong>in</strong></span> <span class='ocrx_word' id='word_1_275' title='bbox 480 4337 551 4370; x_wconf 80' lang='lat' dir='ltr'><strong>usum</strong></span> <span class='ocrx_word' id='word_1_276' title='bbox 562 4321 687 4385; x_wconf 88' lang='lat' dir='ltr'><strong>Delphini.</strong></span> <span class='ocrx_word' id='word_1_277' title='bbox 993 4324 1003 4353; x_wconf 81' lang='lat'><em>⁵</em></span> <span class='ocrx_word' id='word_1_278' title='bbox 1015 4323 1086 4371; x_wconf 85' lang='lat' dir='ltr'><strong>Praef.</strong></span> 
     </span>
    </p>
   </div>
   <div class='ocr_carea' id='block_1_5' title="bbox 0 0 1445 4852">
    <p class='ocr_par' dir='ltr' id='par_1_6' title="bbox 0 0 1445 4852">
     <span class='ocr_line' id='line_1_35' title="bbox 0 0 1445 4852; baseline 0 0"><span class='ocrx_word' id='word_1_279' title='bbox 0 0 1445 4852; x_wconf 95' lang='lat' dir='ltr'><strong> </strong></span> 
     </span>
    </p>
   </div>
  </div>
 </body>
</html>
