2872 4852
204 221 269 284 296
317 218 321 224 ’
587 217 629 281 Τ.
662 214 936 281 LUCRETII

259 387 272 431 ⁵
293 374 376 439 Cum
391 396 533 457 genuere
549 373 670 436 Vinum
687 372 742 436 tali
758 395 831 437 cum
845 373 945 436 corde
961 382 1138 454 repertum,

292 478 412 543 Omnia
426 477 569 540 veridico
584 477 640 560 qui
655 476 819 558 quondam
836 497 878 538 ex
893 496 949 538 ore
965 473 1130 558 profudit3

291 579 394 664 Cujus
411 589 445 642 et
459 579 594 642 extincti
610 588 746 662 propter
762 578 870 641 divina
885 586 1016 661 reperta

292 681 469 766 Divolgata
484 691 589 757 vetus,
601 681 670 764 jam
686 679 728 742 ad
745 677 864 743 coelum
880 677 995 742 Gloria
1012 677 1125 741 fertur.

334 784 423 848 Nam
437 806 510 848 cum
524 784 604 847 vidit
619 783 696 859 Hic,
713 783 755 845 ad
771 782 890 844 victum
905 803 979 864 quae
994 779 1120 864 flagitat
1135 803 1227 856 usus,

245 899 274 947 10
293 891 315 921 ‘⁴
329 887 386 964 Et,
403 909 462 972 per
478 909 551 971 quae
567 895 701 970 possent
717 881 814 947 vitam
829 884 1006 947 consistere
1023 892 1138 960 tutam,

292 988 411 1053 Omnia
421 991 489 1073 jam
503 989 603 1052 ferme
620 985 817 1050 Mortalibus
833 1007 905 1048 esse
922 997 1055 1069 parata3
1093 1046 1095 1049 ,

292 1089 423 1153 Divitiis
439 1090 597 1166 homines,
615 1100 649 1152 et
664 1087 813 1164 Honore,
829 1097 863 1151 et
880 1087 996 1152 Laude
1011 1089 1173 1171 potenteis

277 1191 450 1269 'Affluere,
468 1202 566 1274 atque
581 1192 667 1255 bona
681 1189 845 1253 Natorum
861 1188 1019 1253 excellere
1034 1187 1139 1253 fama:

291 1292 366 1357 Nec
381 1295 486 1357 minus
502 1314 575 1356 esse
591 1292 677 1356 domi
693 1293 844 1374 cuiquam
860 1302 968 1353 tamen
983 1287 1095 1354 Anxia
1110 1292 1220 1367 corda,

244 1406 274 1453 15
293 1394 406 1478 Atque
423 1396 562 1458 animum
578 1394 703 1458 infestis
719 1394 792 1478 cogi
809 1394 928 1456 servire
944 1392 1103 1476 querelis:

291 1496 467 1575 Intellexit‚
482 1499 529 1561 ibi
544 1498 654 1561 vitium
670 1496 740 1560 Vas
757 1495 886 1560 efficere
902 1498 1019 1581 ipsum,

292 1598 476 1683 Omniaque
490 1598 573 1662 illius
589 1601 666 1662 vitio
682 1599 882 1682 corrumpier
897 1599 996 1674 intua,

293 1701 379 1773 Quae
394 1701 522 1766 conlata
536 1700 627 1778 foria,
643 1711 676 1766 et
691 1702 860 1766 commoda
875 1723 1002 1784 cunque
1020 1699 1183 1775 venirent;

293 1801 416 1866 Partim
431 1805 520 1886 quod
536 1803 672 1881 fluxum,
688 1816 924 1889 pertusumque
941 1825 1013 1868 esse
1029 1803 1171 1878 videbat,

245 1915 276 1961 20
294 1903 343 1967 Ut
356 1903 444 1967 nulla
459 1917 572 1989 posset
587 1907 711 1969 ratione
728 1905 889 1989 explerier
904 1927 1065 1989 unquam:

293 2004 416 2070 Partim
432 2007 520 2090 quod
537 2017 623 2071 tetro
639 2008 732 2090 quasi
747 2029 964 2091 conspurcare
982 2029 1098 2091 sapore

293 2107 412 2172 Omnia
427 2111 592 2187 cernebat,
608 2131 811 2194 quaecunque
827 2119 996 2194 receperat
1010 2110 1109 2172 intus.

293 2208 456 2274 Veridicis
472 2211 571 2296 igitur
585 2212 738 2294 purgavit
753 2222 887 2296 pectora
902 2213 1009 2288 dictis,

293 2310 341 2375 Et
354 2311 453 2376 finem
469 2313 582 2377 statuit
598 2312 801 2398 Cuppedinis
817 2325 915 2397 atque
932 2313 1085 2389 TimoriS,

247 2426 277 2471 25
293 2413 525 2499 Exposuitque
541 2415 670 2479 Bonum
686 2416 864 2494 Summum,
879 2439 945 2500 quo
962 2416 1124 2480 tendimus
1140 2436 1263 2492 omnes,

294 2516 386 2588 Quid
401 2516 497 2595 foret,
514 2528 612 2601 atque
628 2518 711 2581 viam
725 2519 916 2582 monstravit
931 2519 1057 2582 tramite
1073 2539 1187 2601 prono,

295 2618 371 2690 Qua
386 2641 556 2702 possemus
572 2620 614 2683 ad
628 2620 662 2683 id
678 2631 768 2684 recto
784 2620 981 2690 contendere
998 2641 1115 2683 cursu:

294 2720 425 2794 Quidve
441 2720 524 2784 Mali
539 2722 623 2785 foret
638 2722 671 2785 in
685 2724 784 2787 rebus
800 2721 981 2788 mortalibu'
996 2722 1128 2805 passim,

295 2821 397 2895 Quod
412 2823 529 2887 flueret
543 2823 682 2888 Naturae
696 2825 739 2901 vi,
754 2825 906 2908 varieque
922 2823 1055 2901 volaret,

243 2992 280 3038 10.
298 2992 338 3047 Et,
348 3007 392 3052 per
404 3008 462 3053 quae,
479 2993 536 3055 eta]
554 2994 628 3041 Delet
645 2993 744 3040 Lambi-
778 2992 830 3040 nita
850 2993 876 3041 in
895 2993 962 3041 omni
979 3008 1069 3056 genere
1088 2991 1202 3054 exempla
1218 2990 1316 3039 abunde

209 3070 263 3112 nus,
269 3055 384 3117 quoniam
391 3060 462 3104 vitam
469 3065 542 3106 tutam
549 3061 671 3106 consistere
678 3057 745 3105 nullo
778 3057 852 3105 fidem
863 3057 942 3106 lacere
954 3066 1064 3121 possunt.

208 3120 280 3168 modo
295 3119 343 3167 dici
361 3130 457 3194 potest:
482 3131 507 3170 et
523 3122 636 3186 exempla
653 3121 746 3170 Gifanii
813 3124 850 3170 19.
879 3125 985 3180 Florum,
1006 3120 1180 3184 pertusumque]
1204 3121 1317 3170 Avarum

208 3186 238 3233 ab
248 3185 293 3232 hac
305 3185 483 3248 significatione
491 3188 535 3235 τοῦ
546 3191 666 3235 consistere
675 3202 745 3251 pror·
779 3187 854 3237 vides.
1236 3233 1238 3238 .

207 3263 249 3298 sus
269 3249 349 3298 aliena
371 3266 424 3298 esse
444 3261 510 3299 recte
532 3252 636 3300 affirmat
659 3252 744 3300 Faber.
811 3255 849 3299 24.
868 3254 947 3299 Finem
961 3254 1100 3313 Cappedim'a
1116 3260 1185 3313 atque
1205 3249 1316 3313 Timoria]

209 3314 259 3363 Vix
271 3325 352 3363 tamen
363 3330 425 3364 ame
433 3316 564 3380 impetrare
577 3333 676 3380 possum
686 3316 744 3379 quin
779 3317 901 3381 Epicurus
918 3316 984 3364 enim
1004 3316 1150 3379 cupiditates
1169 3315 1317 3363 necessitate

207 3381 305 3428 credam
316 3381 458 3428 Lucretium
469 3381 596 3446 scripsisse
608 3376 744 3435 consistere}
778 3391 803 3430 et
815 3390 902 3429 natura
913 3381 1065 3439 terminabat,
1078 3390 1192 3442 metuque
1202 3380 1317 3428 homines

207 3442 255 3491 ista
278 3444 343 3492 enim
366 3460 414 3493 vox
437 3446 545 3509 Epicuro
572 3447 678 3510 propria,
703 3447 745 3508 qui
778 3445 889 3503 exsolvit,
914 3444 951 3507 (id
974 3461 1031 3493 vero
1055 3461 1105 3493 non
1128 3445 1209 3492 minus
1231 3443 1317 3508 inepte
1357 3450 1360 3455 '

208 3505 295 3565 ἡδονὴν
320 3517 533 3570 καταστηματικὴν
557 3513 600 3559 τοῦ
628 3512 743 3572 σώματος,
777 3509 1166 3574 quamimprobedictum‚)dum
1182 3508 1315 3572 providen-

208 3580 233 3618 et
245 3587 294 3620 non
305 3573 383 3621 solum
401 3573 488 3633 ἡδονὴν
505 3577 531 3623 ἐν
546 3578 579 3640 τῇ
594 3575 685 3633 κινήσει
701 3591 743 3637 ag-
777 3576 844 3632 tiam,
856 3574 1047 3638 religionemque
1059 3574 1164 3622 sustulit.

208 3635 283 3683 novit.
313 3637 369 3684 Vid.
386 3638 488 3702 Epicuri
505 3640 584 3703 Epist.
604 3641 635 3688 ad
653 3640 744 3702 Pytho·
811 3641 848 3687 29.
869 3641 1025 3698 Quodstueret
1041 3633 1141 3686 Natarla
1157 3637 1193 3700 ai]
1214 3637 1316 3687 Lambi-

207 3698 278 3746 clem.
777 3719 824 3751 nus
834 3721 839 3749 :
857 3703 926 3751 codd.
939 3703 1013 3762 enim,
1028 3707 1094 3756 Quod
1098 3707 1183 3764 flueret
1193 3706 1298 3751 natarali
1308 3723 1316 3751 .·

242 3765 279 3811 14.
299 3766 342 3811 Cui
357 3765 422 3827 uam]
435 3767 494 3826 Alii,
506 3771 635 3830 quidquam.
776 3767 896 3825 Gifanius,
922 3771 988 3820 Quod
1004 3771 1089 3828 flueret
1112 3770 1214 3816 natural.
1254 3767 1316 3826 Alii,

242 3828 279 3875 16.
301 3781 359 3890 Vari
383 3830 501 3880 Animum
526 3832 607 3896 ipsum
635 3847 742 3889 avarum,
779 3835 844 3886 Quod
849 3836 934 3893 flueret
950 3836 1054 3880 naturali
1069 3837 1118 3880 viro
1134 3841 1203 3894 atque
1219 3835 1315 3881 veniret.

206 3901 250 3940 aut
273 3901 340 3940 metu
368 3895 543 3956 superstitioso,
569 3896 685 3958 opinione
713 3896 743 3944 de
777 3897 856 3946 Faber
867 3896 985 3960 denique;
1004 3897 1038 3946 sic
1047 3897 1163 3962 proponit
1174 3905 1198 3945 et
1209 3896 1318 3960 partitur

207 3955 365 4005 Providentia
393 3966 417 4005 et
444 3960 525 4022 poenis
551 3970 607 4024 post
632 3970 743 4019 mortem,
777 3963 858 4019 Po'e'ta,
874 3963 989 4025 Quicquid
998 3965 1214 4011 moltests'nrebas
1227 3969 1315 4010 marta-
1366 4016 1380 4025 .

206 4031 321 4083 tanquam
333 4031 396 4069 tetro
407 4038 493 4085 sapore
505 4024 632 4072 imbutum.
775 4029 842 4083 libus,
854 4030 880 4074 id
890 4044 952 4075 omne
968 4030 1004 4075 vel
1020 4044 1034 4074 a
1051 4044 1106 4074 casu
1122 4035 1163 4082 eat,
1184 4026 1222 4074 vel
1238 4042 1253 4074 a
1270 4041 1315 4075 na·

241 4088 277 4134 18.
304 4089 360 4138 Qua
379 4090 469 4135 conlato
484 4087 560 4150 sorta]
583 4089 668 4147 Faber,
691 4108 740 4152 quae
774 4099 828 4139 tura
837 4091 948 4153 profluit;
961 4101 986 4139 et
994 4090 1314 4154 quantacunquemalorum,

206 4149 401 4214 congratasoris;
417 4151 500 4210 idest,
517 4169 655 4215 quacunque
669 4164 741 4216 grata
774 4155 887 4214 cladium,
907 4155 1120 4218 calamitatumque
1140 4154 1239 4220 agmina
1254 4171 1313 4220 per·

205 4224 229 4263 et
247 4219 360 4264 cmmoda
376 4219 429 4264 hinc
448 4220 512 4265 illinc
530 4221 680 4275 convenirent,
698 4227 740 4268 etc.
774 4235 881 4278 censeas,
894 4235 923 4268 ea
934 4235 1054 4283 nusquam
1067 4220 1196 4269 reserenda
1212 4219 1313 4278 fuerint,

206 4283 281 4329 Amat
291 4290 373 4330 autem
386 4283 475 4332 Tmasea
487 4282 623 4341 Lucretius,
641 4292 669 4331 ut
684 4282 740 4331 infi-
774 4299 846 4346 quarn
858 4284 889 4332 ad
901 4284 943 4333 illa
960 4285 1009 4334 duo
1026 4285 1122 4349 capita;
1146 4301 1203 4335 nam
1222 4295 1314 4347 praeter
