2872 4852
460 247 631 313 LIBER
662 247 882 312 PRIMUS.

247 403 362 468 Omnis
377 403 461 468 enim
475 427 535 488 per
551 426 587 468 se
602 402 727 468 Divrim
740 414 857 468 natura
871 425 1005 469 necesse
1021 405 1061 469 ’st

203 505 378 570 Immortali
392 529 462 571 aevo
478 529 601 572 summa
617 529 785 592 cumpace
800 507 941 584 fruatur,

202 608 333 673 Semota
347 610 389 672 ab
405 609 523 673 nostris
536 610 648 686 rebus,
666 610 878 694 sejunctaque
892 608 1008 693 longe;

153 722 184 769 60
202 710 288 775 Nam
304 711 430 796 privata
445 711 558 776 dolore
573 713 670 790 omni,
685 712 812 795 privata
827 709 970 795 periclis,

200 809 279 897 Ipsa
294 814 359 877 suis
374 812 500 897 pollens
515 813 645 898 opibus,
662 812 742 876 nihil
756 813 867 896 indiga
882 813 997 889 nostri,

200 914 275 980 Nec
289 916 374 979 bene
389 916 572 999 promeritis
589 915 727 999 capitur,
744 936 804 979 nec
819 914 964 998 tangitur
978 915 1037 978 ira.

242 1016 396 1081 Humana
409 1027 484 1082 ante
500 1016 611 1083 oculos
627 1016 716 1081 foede
733 1039 806 1081 cum
821 1017 887 1080 vita
897 1018 1025 1101 jaceret

200 1117 240 1181 ln
255 1120 348 1182 terris
365 1142 523 1204 oppressa
538 1121 629 1206 gravi
644 1120 706 1184 sub
722 1118 918 1203 Relligione,

151 1231 182 1277 ⁶5
201 1219 287 1292 Quae
302 1232 402 1305 caput
417 1245 436 1284 a
451 1220 526 1285 coeli
541 1221 728 1305 regionibus
745 1221 952 1298 ostendebat,

199 1321 360 1387 Horribili
375 1345 474 1407 super
488 1333 625 1408 aspectu
639 1321 829 1387 mortalibus
844 1324 987 1400 instaus;

199 1422 344 1488 Primum
360 1425 494 1488 Gauius
510 1423 608 1488 bomo
623 1423 787 1488 mortaleis
803 1422 917 1487 tollere
932 1433 1045 1488 contra

199 1524 264 1589 Est
278 1525 389 1591 oculos
404 1549 515 1603 ausum
530 1527 719 1610 primusque
735 1526 894 1590 obsistere
910 1536 1041 1592 contra:

199 1626 307 1699 Quem
321 1651 382 1694 nec
397 1629 481 1693 fama
497 1627 619 1705 Derim,
637 1650 697 1692 nec
712 1627 857 1707 fulmina,
873 1651 933 1694 nec
948 1631 1107 1695 minitanti

150 1740 181 1791 70
199 1730 370 1795 Murmure
386 1732 580 1815 compressit
595 1729 735 1807 Coelum,
748 1731 807 1794 sed
821 1753 861 1796 eo
876 1733 978 1815 magis
993 1755 1101 1797 acrem

197 1833 363 1898 Virtutem
378 1832 484 1897 irritat
499 1833 606 1911 animi,
622 1832 826 1918 confringere
842 1843 879 1897 ut
894 1845 984 1899 arcta

196 1935 335 2000 Naturae
350 1938 473 2020 primus
489 1948 658 2021 portarum
672 1935 815 2001 claustra
830 1937 968 2021 cupiret.

196 2038 288 2123 Ergo
303 2039 409 2102 vivida
424 2040 472 2103 vis
488 2039 583 2103 animi
598 2038 745 2122 pervicit,
761 2049 795 2103 et
809 2050 905 2103 extra

196 2140 362 2206 Processit
375 2140 471 2224 longe
487 2140 682 2205 flammantia
697 2141 817 2205 moenia
833 2140 971 2221 Mundi3

147 2251 178 2302 75
196 2240 309 2326 Atque
325 2242 432 2306 Omne
448 2244 637 2307 immensum
652 2243 839 2326 peragravit
854 2253 961 2308 mente
977 2244 1167 2326 animoque:

143 2431 182 2477 63.
200 2434 317 2488 Humano,
329 2431 385 2494 eta]
397 2433 445 2488 Qui
457 2433 584 2496 ingenium
593 2449 649 2482 cum
683 2433 745 2493 tulit,
767 2441 809 2483 aut
826 2433 868 2481 ille
888 2443 952 2483 esset
974 2432 1158 2496 superstitiosus
1181 2433 1222 2495 qui

111 2493 229 2544 Cicerone
244 2495 270 2543 in
287 2496 402 2545 Lucretio
419 2498 567 2554 desiderant,
585 2498 649 2546 banc
683 2499 764 2546 Deum
776 2498 869 2561 aliquid
877 2514 956 2562 agere,
968 2507 1010 2546 aut
1020 2498 1127 2545 humana
1137 2514 1223 2546 curare

110 2559 242 2623 imaginem
254 2562 457 2624 contemplentur,
471 2572 496 2610 et
506 2563 526 2610 si
539 2562 648 2626 pulchri·
682 2563 841 2612 existimaret.

110 2638 177 2672 orem
188 2634 324 2674 monstrare
335 2626 431 2690 possint
442 2627 468 2675 id
482 2627 542 2675 mibi
558 2627 650 2676 facient
714 2628 753 2679 67.
774 2626 875 2689 Tollere]
886 2630 993 2685 Tendere,
1002 2627 1112 2684 Noniusr
1124 2636 1150 2674 et
1158 2627 1223 2675 bane

109 2690 405 2753 quodestgratissimum.
435 2692 647 2741 Urmiscreenim
679 2692 810 2741 lectionem
825 2692 935 2756 sequitur
953 2692 1102 2740 Lambinus:
1130 2695 1223 2740 tendere

108 2754 254 2818 sordidaque
262 2758 346 2817 Jacent
356 2757 461 2805 humiles
472 2757 514 2805 isti
528 2760 648 2820 Religione
680 2761 847 2806 ocubrautem
865 2757 928 2807 dixit
945 2774 991 2821 pro
1009 2761 1160 2806 contendere:
1184 2766 1222 2805 est

108 2819 219 2882 oppressi
244 2820 363 2880 homiues,
387 2829 412 2869 et
431 2837 504 2884 quam
526 2822 649 2870 horrendo
681 2831 763 2870 autem
787 2823 860 2885 longe
885 2823 942 2885 plus
968 2821 1051 2870 oculos
1073 2822 1222 2869 contendere

109 2899 151 2931 orc
161 2887 273 2933 Dominus
281 2889 320 2933 ille
328 2893 400 2934 metus
409 2887 514 2950 desuper
525 2887 646 2935 minatur!
680 2903 754 2949 quam
763 2887 847 2935 tollere
856 2906 861 2943 ;
879 2886 940 2935 illud
950 2887 1016 2935 enim
1027 2886 1150 2949 significat
1161 2902 1219 2934 con·

109 2948 201 2998 Credas
223 2949 303 2998 visum
330 2959 476 3014 presentem
504 2952 648 2999 Damonem
681 2960 749 2999 tenta
760 2951 812 2999 acie
823 2951 916 3014 aliquid
926 2951 1033 3007 intueri;
1053 2951 1088 2999 ic
1100 2951 1164 2999 iufra
1177 2967 1219 2998 eo·

108 3012 204 3076 flagella
219 3014 348 3063 intentare.
379 3015 427 3064 His
437 3016 532 3079 positis,
550 3019 649 3077 Epicuri
680 3016 736 3064 dem
754 3016 824 3074 libro,
843 3019 918 3064 Nulla
932 3024 1008 3078 potest
1028 3018 1142 3064 oculorum
1159 3020 1221 3064 ecies

109 3076 281 3139 (Atheniensis
293 3088 318 3127 et
330 3080 431 3128 Neoclis
440 3080 497 3143 filii)
508 3081 593 3128 laudes
604 3097 646 3144 ag·
679 3089 784 3130 contento
796 3085 863 3139 tueri,
875 3080 892 3130 1.
907 3081 951 3130 1v.
963 3097 986 3129 v.
1000 3083 1054 3128 801.
1069 3084 1115 3128 nr‘re'
1127 3097 1151 3128 re
1166 3098 1218 3128 con-

107 3143 224 3205 greditur,
242 3143 284 3206 qui
300 3144 394 3208 primus
411 3145 451 3192 his
467 3146 580 3194 omnibus
597 3154 646 3194 ter·
680 3149 754 3194 tendit
773 3154 856 3193 acute:
882 3154 908 3194 at
928 3148 1006 3194 tollere
1026 3160 1111 3193 omnes
1128 3154 1154 3193 et
1172 3145 1218 3192 im·

108 3207 203 3257 roribus
214 3224 241 3256 se
252 3208 402 3272 intrepidum
416 3210 538 3273 opposuit,
556 3218 581 3257 ct
597 3209 647 3258 acri
679 3210 758 3274 pressi
770 3223 795 3258 et
807 3210 880 3258 MSS.
894 3209 970 3258 codd.
982 3210 1093 3273 probant

108 3272 132 3320 vi
144 3273 234 3321 mentis
246 3283 316 3322 extra
326 3274 399 3336 hujus
412 3274 502 3322 Mundi
513 3275 604 3322 limites
620 3275 647 3322 in
713 3273 752 3326 71.
769 3274 868 3338 Irrttdt]
885 3275 934 3322 Pro
951 3277 1062 3330 irritavit,
1083 3273 1118 3321 sic
1136 3277 1220 3322 educat

110 3340 180 3386 Omne
190 3338 315 3387 inlinitum
332 3339 434 3396 delatus,
452 3339 528 3387 totius
545 3338 647 3387 Naturae
679 3339 745 3402 apud
756 3339 909 3396 Terentium,
914 3335 994 3399 sumet
1003 3337 1069 3400 apud
1079 3337 1219 3400 Virgilium,

106 3410 253 3465 potestatem
262 3403 362 3466 penitus
371 3403 504 3466 perspexit,
517 3402 647 3464 docuitque
679 3408 758 3451 monet
777 3403 843 3465 apud
864 3402 991 3450 Ennium:
1017 3404 1137 3448 disturbat.
1154 3403 1220 3464 apud

108 3481 193 3515 omnes
207 3482 248 3514 res
263 3467 316 3514 fieri
334 3467 387 3515 sine
405 3482 463 3514 cura
475 3475 500 3514 et
510 3483 585 3531 opera
595 3468 646 3515 De·
680 3467 831 3524 Lucretium,
848 3467 890 3514 lib.
905 3467 952 3514 VI.
969 3483 991 3515 v.
1011 3466 1066 3513 586.
1101 3466 1220 3514 Similiter

107 3546 184 3587 orum,
195 3529 299 3593 ideoque
308 3546 405 3579 omnem
413 3531 557 3594 religionem
565 3530 647 3579 fundi·
680 3536 813 3580 enamdmas
825 3540 850 3580 et
857 3531 998 3593 festinemus
1013 3531 1079 3594 apud
1096 3531 1219 3580 Plautum.

108 3604 148 3643 tus
159 3594 266 3653 sustulit,
278 3604 306 3643 ut
317 3596 388 3644 docet
400 3595 493 3653 Cicero,
510 3595 552 3644 lib.
575 3596 595 3643 I.
615 3597 646 3643 de
680 3596 821 3646 istiusmodi
837 3611 904 3656 ⁴vero
926 3611 999 3645 voces
1019 3611 1073 3658 quae
1095 3611 1220 3660 syncopen

108 3661 166 3708 Nat
179 3661 254 3710 Deor.
291 3663 646 3714 Qatdestenimcurobbornt-
678 3660 1219 3725 patiuntur,ultimamhabeutcircumflexam,

106 3729 174 3774 nibus
185 3728 288 3774 colendos
304 3729 376 3784 dican
394 3743 444 3774 cam
460 3728 504 3774 oa
519 3743 564 3774 non
583 3728 647 3774 medo
678 3740 707 3774 ut
717 3734 786 3774 notat
796 3725 944 3784 Priscianus,
956 3727 1060 3788 ideoque
1071 3725 1177 3788 longam.

106 3793 406 3850 tonimsnoncotanaeed
421 3795 509 3839 omnino
527 3794 587 3839 nibil
604 3808 643 3839 cu-
712 3790 750 3841 72.
773 3790 880 3853 Cnpa‘ret]
910 3792 958 3839 Pro
985 3798 1084 3852 caperet.
1123 3790 1220 3837 Norant

106 3863 165 3913 rent,
177 3858 237 3904 nihil
247 3861 338 3920 agant?
355 3857 413 3904 Otio
425 3864 508 3904 autem
524 3872 569 3904 suo
586 3856 645 3904 abu·
681 3855 777 3904 Nonius
794 3865 819 3904 et
836 3855 984 3913 Priscianus,
1001 3863 1088 3918 quarta
1107 3854 1173 3901 cuim
1194 3863 1220 3901 et

107 3929 200 3980 tuntur,
223 3930 251 3970 ut
270 3921 420 3979 Gassendus,
443 3921 529 3978 Faber,
548 3921 646 3983 aliique,
680 3920 752 3969 tertia
760 3920 818 3969 olim
830 3935 879 3968 ase
888 3920 992 3968 invicem
1004 3935 1053 3968 non
1060 3919 1095 3966 ita
1102 3921 1220 3981 sejunctae

107 3985 148 4048 qui
161 3985 263 4050 Epicuri
274 3986 364 4035 librum
376 3985 430 4046 περὶ
444 3983 576 4044 ὁσιότητος,
594 3989 646 4048 ejus
680 3995 750 4034 erant
769 3995 794 4034 et
816 3994 923 4043 secretae,
942 3985 1001 4047 quin
1022 3984 1119 4046 utrique
1137 3992 1220 4031 esseut

107 4050 186 4098 Secta
205 4051 322 4115 pietatem
340 4065 398 4114 erga
414 4051 489 4108 Deos,
508 4059 533 4098 et
551 4051 646 4114 Religi-
680 4049 917 4099 multacommunia:
935 4049 1060 4111 sicporr're
1076 4063 1219 4110 properare

107 4129 178 4163 onem
190 4131 236 4178 pro
245 4119 406 4177 superstitione
415 4125 518 4174 tantum,
530 4124 646 4178 metuque
679 4116 745 4180 apud
756 4116 874 4164 Ennium.

108 4180 217 4228 Deorum
229 4181 450 4229 inaniaLucretio
466 4181 512 4228 boc
529 4180 583 4228 loco
600 4197 644 4244 po-
712 4180 750 4231 75.
771 4178 962 4242 Omne]'1'brrr“ar.
992 4181 1074 4226 Omnia
1084 4175 1171 4224 maluit
1179 4175 1218 4222 di-

107 4243 180 4291 sitam
198 4260 251 4293 esse
271 4255 387 4308 crepaut;
414 4245 483 4309 quasi
502 4246 578 4293 Poeta
596 4261 645 4292 non
678 4262 733 4295 cere
745 4245 839 4303 Cicero,
850 4244 893 4292 lib.
905 4245 937 4292 de
949 4243 1023 4291 Univ.
1057 4242 1151 4289 Verum
1164 4239 1219 4301 ipse

108 4322 205 4356 omnem
216 4311 246 4357 de
263 4313 413 4358 Providentia
431 4309 572 4374 opinionem
590 4326 644 4359 sus·
679 4311 752 4359 etiam
764 4311 826 4360 hanc
839 4323 921 4358 vocem
936 4307 1066 4370 aliquando
1082 4302 1218 4366 usurpavit,
