2872 4852
228 249 290 313 100
605 242 648 308 Τ.
680 239 952 307 LucRETu

311 403 414 466 Posse
430 401 526 465 animi
540 400 679 484 injectus
695 398 779 475 fieri,
794 397 909 482 procul
923 395 1013 462 avius
1028 419 1131 474 erras,

240 513 293 564 ’7οο
311 504 400 568 Nam
415 526 488 568 cum
503 502 677 588 Caecigeui,
694 500 779 566 Solis
793 502 851 597 qui
864 499 985 566 lumina
998 522 1164 585 nunquam

310 604 494 690 Aspexere,
511 614 617 671 tamen
632 612 831 689 cognoscant
845 624 984 687 corpora
998 601 1120 680 Tactu,

310 708 366 771 Ex
381 708 513 770 ineunte
529 729 598 770 aevo
612 705 701 770 00110
715 705 879 770 contincta
894 703 1020 769 colore:

311 809 403 873 Scire
416 808 492 874 licet
506 809 605 873 menti
619 831 750 892 quoque
765 817 886 872 nostrae
902 806 1049 891 Corpora
1063 827 1163 890 posse

310 911 405 983 Verti
420 911 453 974 in
468 910 613 975 notitiam
628 908 717 974 nullo
732 907 910 975 circumlita
924 908 1012 973 fuco.

246 1023 292 1075 775
312 1013 466 1097 Denique
479 1035 538 1077 nos
553 1011 618 1096 ipsi
631 1011 726 1076 caecis
741 1032 944 1095 quaecunque
960 1009 1105 1075 tenebris

309 1114 501 1199 Tangimus,
516 1114 606 1178 haud
622 1112 688 1177 0110
703 1113 859 1186 sentimus
875 1113 976 1176 tincta
991 1111 1121 1177 Colore.

351 1216 453 1289 Quod
468 1216 619 1300 quoniam
633 1214 726 1278 vinco
739 1213 823 1292 fieri,
839 1236 925 1278 nunc
940 1235 1012 1278 esse
1028 1214 1166 1279 docebo.

309 1319 425 1382 Omnis
440 1319 525 1383 enim
539 1317 637 1383 Color
653 1316 781 1381 omnino
795 1325 939 1380 mutatur
953 1316 986 1380 iu
1002 1317 1143 1381 omneis:

308 1419 409 1492 Quod
425 1419 532 1485 faeere
548 1420 638 1485 haud
652 1419 719 1484 ullo
733 1420 856 1485 debent
871 1419 1052 1484 Primordia
1065 1429 1175 1503 pacto,

243 1532 291 1583 75⁰
308 1521 511 1587 Immutabile
526 1523 611 1587 enim
626 1523 783 1604 quiddam
798 1543 953 1606 superare
968 1542 1102 1587 necesse
1117 1520 1178 1598 ’st;

307 1625 362 1689 Ne
377 1647 430 1689 res
445 1625 487 1689 ad
502 1624 651 1689 Nihilum
666 1625 855 1708 redigantur
870 1623 1018 1688 funditus
1033 1645 1155 1689 omnes.

305 1726 393 1790 Nam
408 1727 627 1810 quodcunque
643 1726 709 1789 suis
724 1735 883 1791 mutatum
897 1725 1017 1790 finibus
1032 1725 1113 1802 exit,

308 1828 472 1892 Continuo
486 1828 548 1892 boc
563 1849 650 1890 mors
665 1835 716 1890 est
729 1826 825 1905 illius,
842 1828 932 1912 quod
947 1826 1008 1891 fuit
1022 1837 1109 1893 ante.

307 1929 449 1994 Proinde
467 1927 584 1993 Colore
601 1950 677 1992 cave
694 1929 861 2014 contingas
877 1929 1007 1995 Semina
1021 1950 1148 1994 rerum:

243 2042 290 2094 755
308 2031 363 2095 Νο
379 2033 439 2097 tibi
452 2053 505 2095 res
521 2032 657 2095 redeant
672 2031 714 2094 ad
728 2030 842 2095 Nilum
856 2031 1003 2096 funditus
1019 2053 1141 2096 omnes.

349 2134 526 2211 Praeterea,
542 2135 569 2198 si
584 2132 672 2198 nulla
689 2133 816 2199 Coloris
832 2134 1005 2219 Principiis
1020 2143 1072 2198 est

306 2237 452 2301 Reddita
467 2245 596 2313 natura,
611 2247 645 2300 at
659 2237 756 2301 variis
771 2246 847 2301 sunt
861 2237 1000 2320 praedita
1015 2236 1154 2313 Fannia,

309 2339 341 2404 E
357 2339 476 2423 quibus
492 2331 680 2423 omnigenos
695 2339 833 2423 gignunt
847 2338 1036 2422 variantque
1053 2337 1207 2416 Colores;

220 2567 302 2632 ceptio
317 2583 366 2615 nna
382 2583 438 2616 cum
456 2568 512 2616 Sole
529 2567 632 2624 occidit;
655 2567 682 2617 in
699 2567 759 2616 den·
792 2567 860 2616 τᾶσοι
870 2565 979 2627 ’Artanes
996 2564 1163 2629 ἐιντέρχουσα
1179 2563 1219 2614 καὶ
1235 2563 1283 2614 tato
1298 2565 1335 2628 μὴ

220 2631 323 2681 01001010
343 2632 450 2680 tenebris
469 2647 519 2680 non
539 2633 620 2681 minus
639 2632 689 2690 1110,
706 2647 760 2695 quae
791 2629 950 2691 μεταβάλλει,
963 2631 1044 2681 (10001
1058 2627 1274 2692 al'Aedpotundia
1286 2649 1331 2691 με·

221 2696 350 2759 tangimus,
371 2694 528 2759 percipimus,
550 2713 621 2758 quam
642 2696 685 2744 illa
706 2711 760 2759 quae
792 2692 967 2751 ταβάλλουσιν·
985 2695 1109 2758 decedam
1120 2697 1158 2744 δεῖ
1165 2713 1190 2744 τι
1207 2693 1337 2755 ὑπομένειν

220 2760 302 2809 medio
314 2759 354 2807 die
366 2768 391 2807 et
402 2760 456 2808 luce
465 2760 599 2809 clarissima
611 2776 742 2810 versamus.
793 2760 877 2808 ἐντοιῒς
885 2759 1010 2809 διαλύσεσι
1017 2763 1067 2809 τῶν
1076 2758 1224 2822 συγκρίσεων
1232 2758 1336 2823 στερεὸν

254 2824 308 2875 739.
326 2827 406 2872 Animo·
422 2824 534 2887 injectae]
548 2825 659 2873 Venuste
675 2825 759 2872 admo·
793 2823 832 2872 nai
848 2821 1007 2882 100λο001
1023 2824 1068 2873 τὰς
1082 2823 1221 2885 μεταβολὰς
1237 2824 1281 2873 οὐκ
1298 2823 1335 2875 ele

220 2888 293 2936 dum:
311 2903 351 2936 res
361 2888 527 2952 percipiendo
537 2890 568 2936 ab
579 2889 661 2936 animo
673 2888 758 2937 riden·
792 2886 821 2936 rb
832 2887 865 2948 μὴ
876 2887 905 2936 ta
912 2888 1044 2946 ποιήσαιτο.
1071 2889 1102 2939 Αἱ
1113 2887 1139 2938 δὲ
1150 2885 1277 2948 ποιότητες
1288 2889 1334 2938 οὐκ

220 2961 261 3001 tur
272 2961 379 3010 remotae,
391 2952 417 3001 in
430 2967 470 3001 eas
482 2969 536 3002 sese
549 2952 628 3015 injicit
644 2969 722 3011 mens,
735 2963 760 3001 et
793 2949 974 3014 ἐνυπάρχουσαι,
992 2954 1031 3003 nai
1049 2953 1082 3015 μὴ
1100 2952 1161 3012 idias,
1178 2951 1228 3003 otor
1244 2951 1335 3016 χοοῖμᾶ

220 3026 331 3080 arreptas
342 3016 461 3081 percipit:
479 3017 529 3075 alii,
540 3016 729 3082 profim’‚serre'.
791 3035 820 3064 τε
832 3015 872 3065 nai
883 3016 1004 3080 θερμότης,
1015 3020 1041 3067 dn
1048 3019 1083 3080 τῷ
1092 3014 1275 3080 μεταβάλλοντι
1283 3018 1335 3080 ο1χ

253 3081 308 3133 742.
325 3084 397 3130 Nullo
408 3081 493 3145 colore]
510 3082 624 3132 Relatire
641 3083 671 3131 ad
688 3081 758 3131 coci-
792 3082 872 3144 ὧστερ
894 3083 981 3132 ἐκεῖνοι
1004 3081 1197 3139 καταλείποντα.
1223 3081 1282 3131 ἀλλ’
1305 3083 1335 3144 ἐξ

237 3162 296 3195 eno:
315 3146 471 3209 nequeenim
482 3146 758 3210 unquamcorporisul-
791 3145 851 3195 ὅλου
866 3146 1035 3207 reinciperent
1052 3146 1207 3198 ἀπόλλυνται.
1236 3146 1332 3210 Epicu·

219 3163 268 3260 1001
280 3211 444 3275 cognitionem
456 3211 502 3261 sibi
519 3227 636 3277 peperere
653 3227 699 3276 ope
716 3227 756 3260 co·
790 3226 840 3268 rus,
858 3210 937 3275 Epist
955 3212 986 3260 ad
1004 3211 1166 3261 Herodotum.
1196 3210 1259 3260 Inde
1278 3211 1331 3261 Lu-

219 3276 285 3329 loris.
314 3279 397 3327 Faber.
790 3275 895 3324 cretius:
917 3275 938 3324 01
956 3275 1022 3324 color
1038 3285 1102 3325 esset
1121 3275 1269 3325 intrinsecus
1289 3290 1333 3325 00-

253 3341 315 3391 lbid.
335 3342 469 3406 contincta]
482 3341 623 3400 Lambinus,
636 3349 757 3392 contacta.-
791 3339 905 3397 minibus,
915 3340 1097 3389 seminatorem
1105 3339 1239 3399 mutabilia,
1249 3339 1334 3390 omnio

219 3415 247 3454 ut
259 3416 284 3454 et
295 3414 365 3465 tecta,
379 3424 400 3456 v.
414 3407 469 3459 tto.
791 3404 857 3454 euim
869 3405 935 3454 color
946 3405 1078 3454 mutabilis.

252 3469 307 3521 717.
328 3475 394 3523 Quod
408 3476 513 3535 quoniam
530 3476 594 3520 01000
604 3471 672 3534 fieri]
689 3473 756 3527 Quo·
823 3470 878 3522 766.
902 3473 1143 3528 prosonomasia
1159 3469 1335 3534 0010010010]

219 3532 285 3582 niam
305 3536 405 3608 probavi
424 3536 518 3585 semina
538 3536 626 3585 coloris
647 3536 758 3600 expertia
791 3535 911 3592 Secundo,
923 3551 945 3582 v.
960 3536 996 3585 19.
1009 3534 1081 3584 (10007
1091 3535 1185 3585 semina
1196 3533 1271 3584 nullis
1287 3551 1331 3584 co·

218 3598 312 3661 percipi
328 3615 407 3660 posse,
424 3618 484 3648 nano
503 3618 551 3649 eree
569 3604 657 3658 docebo,
675 3617 757 3649 rerum
789 3600 882 3648 loribus
892 3599 986 3648 imbuta
997 3615 1057 3657 esse,
1070 3599 1127 3663 quia
1137 3599 1227 3651 frustra
1241 3599 1335 3662 0110010

218 3661 340 3735 principia
360 3664 433 3712 nullis
453 3664 574 3714 coloribus
594 3680 647 3713 esse
666 3665 756 3712 tincta:
790 3663 884 3713 semina
903 3664 984 3712 colore
1007 3663 1091 3728 tingat
1128 3664 1216 3713 Varias
1239 3664 1335 3728 figuras

218 3734 253 3779 770
273 3735 301 3774 07
320 3726 405 3776 deesse
424 3728 522 3777 videtur
541 3744 633 3786 versus,
656 3731 757 3790 Corpora
789 3728 877 3776 atomis
886 3727 1000 3786 attribue,
1009 3737 1034 3776 et
1046 3745 1077 3777 ex
1088 3728 1185 3778 diverso
1195 3743 1279 3777 aarum
1288 3744 1333 3779 or·

217 3793 320 3839 materia
342 3794 405 3838 nullo
426 3796 541 3840 contincta
563 3796 642 3841 colore.
687 3795 757 3841 Vr’neo
789 3792 855 3850 dine,
866 3791 1033 3855 dispositione,
1047 3803 1073 3842 et
1088 3793 1199 3858 positure
1209 3792 1271 3843 varii
1287 3809 1332 3843 00-

212 3856 274 3915 fieri,
298 3863 326 3902 ut
345 3856 411 3917 apud
434 3855 573 3914 Horatium,
598 3859 675 3905 Vincit
698 3861 757 3906 enim
789 3857 853 3906 iores
872 3855 1008 3906 orirentur:
1032 3857 1139 3923 exempli
1158 3857 1244 3922 gratia,
1261 3873 1334 3908 mare
1390 3913 1392 3916 Α

217 3921 298 3967 stultos
319 3923 381 3966 ratio
402 3923 504 3969 insanire
527 3923 614 3982 poitur.
655 3921 756 3984 Integer
788 3929 826 3970 est
834 3921 931 3970 caerulei
942 3921 1038 3981 eoloris,
1047 3932 1073 3972 at
1084 3923 1202 3987 agitatum
1214 3922 1334 3975 1100711700

217 3999 276 4032 vero
292 3982 325 4031 sit
340 3982 591 4045 locuaconjecturam
608 3999 688 4034 meam
705 4001 755 4034 non
788 3985 902 4042 albescit3
919 3986 1066 4037 seminaria.
1095 3987 1334 4039 uoeinunoordine

217 4047 374 4112 pertinaciter
396 4048 531 4097 defendam.
572 4049 708 4107 Lucretius,
731 4066 754 4100 v.
788 4050 906 4114 disposita
914 4051 1045 4101 ceruleum
1054 4069 1084 4101 co
1107 4069 1160 4101 rem
1172 4052 1333 4114 exhibebant,

217 4114 239 4167 9.
252 4112 331 4177 primo
342 4112 521 4176 probatrerum
533 4113 627 4163 semina
638 4129 688 4162 non
702 4129 755 4164 esse
789 4117 837 4164 ’00
856 4115 883 4164 10
900 4115 949 4165 alio
966 4117 1099 4166 constitum
1118 4117 1200 4167 album
1221 4117 1333 4169 colorem

216 4177 329 4235 colorata,
339 4177 396 4240 quia
403 4177 482 4227 omnis
491 4178 558 4227 color
567 4179 656 4227 mutari
666 4187 754 4242 potest,
788 4181 907 4229 induunt:
925 4190 1018 4230 atvero
1028 4181 1251 4232 sicciorcaenrleus
1262 4195 1333 4235 00000

216 4242 343 4291 arsemina
351 4257 433 4291 rerum
441 4252 499 4292 sunt
508 4242 676 4300 immutabilia,
683 4243 755 4294 aliter
787 4245 921 4294 seminibus
933 4245 1037 4303 nativus,
1050 4246 1117 4296 nulla
1130 4246 1263 4311 agitatim
1279 4247 1335 4302 ieta

216 4306 335 4356 omniaiu
348 4307 460 4357 Nihilum
476 4307 620 4357 reciderent
654 4305 754 4367 ssordrns
786 4308 1026 4374 principiaspeciem
1038 4309 1117 4360 albam
1129 4319 1289 4369 0070070007.
