2872 4852
457 216 627 290 LIBER
655 216 911 281 TERTIUS.
1180 221 1241 284 146

218 371 285 434 Sed
301 373 524 436 communibus
539 372 625 436 inter
637 394 696 435 eos
711 372 872 436 conflatur
887 375 1039 458 utrinque

216 473 365 538 Motibus
380 495 536 538 accensus
552 473 646 538 nobis
662 475 861 558 perviscera
875 474 1011 539 Sensus.

259 575 436 653 Praeterea,
453 576 582 660 Corpus
597 599 658 660 per
673 599 708 641 se
724 600 784 642 nec
797 579 943 663 gignitur
958 601 1112 663 unquam,

215 675 290 741 Nec
305 678 433 755 crescit,
448 700 509 742 nec
523 689 751 762 postmortem
766 680 886 744 durare
901 681 1040 745 videtur.

152 790 200 836 σεο
216 776 294 843 Non
308 781 394 844 enim
408 791 446 844 ut
459 780 590 844 Humor
603 804 698 866 aquae
713 782 845 846 dimittit
861 805 950 866 saepe
965 804 1129 867 vaporem,

216 879 282 960 Qui
297 883 395 946 datus
409 892 471 959 est,
488 905 594 966 neque
609 884 652 946 ab
666 883 729 947 hac
743 906 845 947 causa
856 882 1048 948 convellitur
1062 885 1145 968 ipae,

216 981 282 1048 Sed
297 995 406 1048 manet
419 983 606 1064 incolumis;
628 1008 704 1062 non,
720 987 862 1069 inquam,
879 988 924 1051 sic
940 985 1072 1050 Animai

215 1084 399 1150 Discidium
413 1097 553 1170 possunt
567 1098 658 1152 artus
673 1087 821 1170 perferre
835 1086 958 1151 relicti:

215 1186 281 1251 Sed
298 1189 428 1271 penitus
442 1199 583 1270 pereunt
597 1187 751 1264 convolsi,
767 1210 893 1273 conque
909 1197 1113 1272 putrescunt.

150 1299 197 1344 ³45
213 1288 269 1351 Ex
283 1290 415 1352 ineunte
431 1311 501 1352 aevo
516 1290 562 1353 sic
577 1289 733 1373 Corporis
747 1301 846 1374 atque
861 1290 992 1353 Auimai

215 1389 335 1453 Mutua
349 1388 474 1453 vitaleis
490 1391 621 1455 discunt
636 1393 785 1476 contagia
799 1403 917 1469 motus,

214 1491 376 1555 Maternis
392 1492 489 1555 etiam
504 1493 536 1556 in
551 1495 714 1571 membris,
730 1493 867 1578 alvoque
882 1493 1035 1578 repdsta3

214 1593 397 1658 Discidium
412 1604 449 1657 ut
462 1606 603 1679 nequeat
617 1595 690 1659 fieri
705 1596 773 1660 sine
789 1607 895 1679 peste,
911 1593 1079 1679 maloque:

214 1695 262 1760 Ut
277 1696 397 1773 videaS,
413 1697 566 1780 quoniam
580 1699 753 1782 conjuncta
767 1698 808 1762 'st
822 1720 921 1762 causa
936 1696 1062 1774 salutis,

150 1809 196 1854 sto
215 1797 428 1882 conjunctam
443 1820 573 1882 quoque
588 1809 737 1863 naturam
751 1800 930 1864 consistere
944 1821 1067 1864 eorum

255 1899 357 1972 Quod
373 1910 535 1983 superest,
552 1901 579 1962 si
594 1901 667 1984 quis
682 1900 811 1987 Corpus
828 1902 948 1965 sentire
964 1910 1113 1978 renutat3

210 2001 322 2086 Atque
337 2000 488 2066 Animam
504 2003 609 2066 credit
623 2003 811 2086 permistam
826 2003 973 2086 Corpore
989 2013 1059 2067 toto

211 2105 385 2188 Suscipere
399 2103 487 2167 hunc
501 2113 634 2181 motum,
650 2126 748 2187 quem
765 2104 905 2168 Sensum
919 2105 1163 2168 nominitamus:

138 2252 141 2257 -
210 2204 275 2270 Vel
287 2204 473 2269 manifestas
489 2227 541 2268 res
558 2214 682 2282 contra,
697 2228 858 2289 verasque
873 2216 1045 2289 repugnat.

147 2321 194 2366 ³55
211 2307 301 2380 Quid
317 2307 358 2368 sit
373 2307 457 2368 enim
473 2305 603 2389 Corpus
620 2307 739 2370 sentire
754 2308 826 2391 quis
842 2305 958 2370 afferet
973 2329 1127 2390 unquam,

44 2519 46 2522 i
137 2519 138 2523 Ἰ
160 2532 216 2584 337.
229 2531 357 2594 Accensae]
367 2531 456 2580 Siolib.
464 2532 500 2580 II.
511 2548 534 2580 v.
544 2533 663 2590 aalma
697 2548 810 2596 capacem
829 2533 997 2589 affirmabant;
1022 2532 1083 2582 istos
1099 2541 1181 2581 autem
1202 2533 1233 2582 ad

129 2602 219 2652 Qieibm
230 2601 379 2646 omnituentes
396 2597 501 2645 Accensi
513 2599 596 2645 Sensus
610 2600 663 2645 cat-
696 2597 873 2660 experientiam
881 2607 1004 2662 provocat,
1012 2597 1234 2647 concedaturenim

126 2671 225 2712 montem
235 2679 345 2724 quomque
357 2669 456 2710 tuentur.
696 2663 792 2726 Corpus
803 2662 902 2720 sentire,
914 2679 963 2711 non
975 2663 1053 2727 magis
1065 2662 1136 2712 istius
1145 2677 1234 2712 seusun

158 2729 213 2775 338.
222 2730 348 2785 Praetoroa,
357 2729 451 2789 Corpus,
459 2725 516 2789 etc]
526 2726 602 2775 lstam
609 2724 662 2774 aui·
695 2726 787 2774 conscii
799 2742 914 2785 essemus,
924 2743 997 2790 quam
1005 2731 1231 2791 jamnuncsumus;

125 2807 171 2840 moe
183 2800 208 2839 et
217 2791 333 2854 Corporis
344 2792 526 2850 adunationem,
534 2808 557 2840 v.
569 2793 605 2839 13.
613 2790 659 2839 ite·
693 2790 749 2838 ideo
772 2792 867 2856 Corpus
890 2792 982 2841 sentire
1001 2793 1168 2842 confitendum
1185 2801 1230 2842 est.

124 2872 179 2904 rum
187 2856 345 2904 demonstrat.
363 2856 458 2921 Corpus
469 2872 548 2918 neque
557 2871 660 2920 genera·
694 2856 768 2905 Dicat
784 2867 865 2905 autem
877 2857 972 2919 aliquis,
985 2857 1013 2905 Si
1024 2859 1120 2922 Corpus
1133 2857 1231 2916 seufiat,

125 2929 257 2983 maneque
264 2920 352 2969 crescit
359 2920 413 2968 sine
420 2920 518 2978 Anima,
528 2930 553 2969 et
560 2936 616 2969 cum
624 2920 660 2968 A·
693 2922 759 2970 unde
767 2921 868 2970 dimissa
879 2921 971 2970 Anima
979 2922 1030 2970 vim
1040 2922 1113 2971 istam
1120 2932 1145 2970 et
1153 2923 1229 2972 iacul-

124 2985 192 3034 nima
203 2985 290 3042 avolet,
300 2984 468 3033 distrahuntur
479 2985 659 3049 illiusparticu·
693 2995 768 3034 tatem
794 2985 916 3035 sentiendi
938 3001 988 3035 uon
1010 2987 1132 3036 retineat?
1166 2987 1233 3042 Quia

123 3049 661 3113 lmresolvuuturvitaliaviuculaputrescunt
693 3066 781 3114 nempe
800 3067 850 3099 non
870 3051 974 3115 Corpori
993 3052 1046 3110 soli,
1065 3052 1110 3101 sed
1126 3051 1232 3115 Corpori

123 3114 533 3178 membradeniqueperitCorpus
547 3114 659 3170 Quidiu·
693 3115 791 3163 Animae
812 3118 942 3178 conjuncto
962 3115 1000 3165 vis
1019 3116 1067 3165 ista
1085 3125 1109 3164 et
1127 3117 1231 3165 facrdtas

123 3179 196 3228 terim
208 3179 239 3228 de
250 3179 342 3228 Anima
353 3179 558 3228 existimandum?
572 3194 661 3242 nempe
692 3179 816 3243 competit.
851 3180 913 3228 Haec
925 3181 1014 3237 omnia,
1026 3197 1049 3229 v.
1062 3182 1085 3229 9.
1111 3180 1232 3229 Similiter

123 3243 166 3292 illa
180 3243 330 3308 dispergitur
345 3244 371 3292 in
388 3253 474 3292 tenues
485 3259 556 3292 auras
568 3253 592 3291 et
604 3259 661 3291 eva·
694 3244 817 3307 Epicurus
825 3244 891 3326 apud
903 3245 1036 3301 Laenium,
1047 3245 1089 3293 lib.
1099 3245 1131 3292 X.
1144 3245 1172 3292 ot
1182 3244 1232 3304 μὴν

96 3347 98 3349 .
124 3309 214 3357 nescit:
236 3325 292 3357 cum
308 3325 366 3357 vero
384 3318 496 3356 neutrum
514 3309 567 3356 sine
584 3308 661 3356 altero
694 3308 808 3370 (Anima)
827 3308 923 3370 ειλήφει
940 3308 970 3356 ἃν
985 3308 1077 3366 ταύτην
1096 3307 1231 3369 (sentiendi

50 3413 51 3416 ,
124 3383 221 3422 maneat
236 3372 359 3436 integrum
376 3382 401 3421 et
416 3373 546 3430 incolume,
558 3372 660 3420 creden·
693 3371 845 3432 facultatem)
857 3371 878 3418 el
887 3372 921 3430 μὴ
930 3371 975 3419 ὑπὸ
984 3374 1028 3420 τοῦ
1036 3374 1122 3421 λοιποῦ
1133 3370 1228 3435 &Opoto-

123 3437 238 3495 domest,
256 3453 338 3485 eorum
355 3437 503 3486 substantias
518 3440 663 3499 conjunctas
693 3454 768 3496 ματος
791 3433 938 3495 ἐστεγάζετό
959 3450 1017 3484 σας·
1039 3436 1068 3485 τὸ
1090 3435 1117 3485 δὲ
1144 3435 1230 3485 λοιπὸν

124 3517 186 3559 etse,
199 3511 271 3565 atque
281 3502 368 3550 intime
377 3502 466 3551 unitas.
694 3500 808 3563 ἄθροισμα
829 3499 1015 3562 παρασκεύασον
1033 3499 1111 3564 ἐκείνῃ
1130 3501 1176 3560 τὴν
1192 3501 1230 3552 al·

156 3569 211 3615 340.
233 3566 356 3629 Vaporem]
374 3566 494 3615 Nonnulli
506 3565 574 3614 codd
588 3568 660 3626 Sapo·
693 3564 748 3612 τίαν
762 3563 859 3622 ταύτην,
878 3564 1012 3627 μετείληφε
1028 3565 1067 3615 καὶ
1083 3567 1141 3616 αὐτὸ
1150 3567 1229 3616 τοιού-

124 3647 172 3679 rem
179 3651 188 3687 ,·
209 3631 333 3695 improbe:
355 3647 434 3694 neque
446 3635 477 3680 ab
493 3634 537 3679 loc
547 3647 618 3680 caasa
633 3629 660 3678 iu
692 3647 737 3678 roo
747 3629 921 3690 συμπτώματος
931 3632 986 3691 παρ’
1000 3631 1098 3689 ἐκείνης’
1105 3630 1141 3679 διὸ
1149 3630 1229 3681 ἀπαλ-

123 3699 155 3744 aa
165 3713 193 3745 aa
203 3714 273 3745 οσοοο
284 3696 435 3744 mutandum.
693 3692 951 3756 λαγείσηςτῆςψνχῆς
962 3695 1005 3743 οὐκ
1017 3693 1069 3757 ἔχει
1083 3695 1129 3754 τὴν
1145 3696 1228 3755 αἴσθῃ·

133 3800 134 3804 ,
156 3763 211 3810 351.
224 3764 290 3814 Quod
297 3770 407 3824 superest,
414 3765 436 3809 si
444 3764 496 3823 quir
502 3757 659 3822 Corpaaeto]
693 3777 739 3818 σιν,
757 3759 784 3807 οὐ
800 3758 847 3822 γὰρ
863 3758 922 3807 αὐτὸ
936 3760 962 3808 ἐν
973 3758 1173 3820 ἑαπῷἐκέκηῃο
1184 3760 1231 3819 τὴν

126 3825 202 3874 Modo
215 3835 352 3875 asseruerat
369 3827 451 3883 Poeta,
469 3841 548 3887 neque
565 3825 661 3888 Corpus
692 3823 796 3884 δύναμιν,
808 3823 865 3872 ἀλλ’
877 3822 949 3886 ἑτέρῳ
962 3822 1011 3885 ἅμα
1027 3823 1230 3886 συγγεγενημένῳ

124 3891 156 3939 ab
167 3891 257 3939 Anima
268 3901 414 3955 separatum,
427 3906 505 3953 neque
518 3890 634 3938 Animam
646 3905 661 3937 a
693 3890 757 3951 αὑτῷ
773 3888 847 3946 cirria
858 3887 873 3947 ἡ
884 3887 956 3950 φύσις
966 3887 1149 3952 παρεσκεύαζεν.

123 3955 232 4020 Corpore
243 3965 380 4020 separatam
388 3971 433 4019 per
444 3955 660 4017 sealiquidagare,
728 3953 790 4002 lbid
810 3953 925 4016 Mutat]
948 3955 988 4003 Ita
1008 3955 1150 4014 Lambinus,
1171 3955 1232 4004 dum

124 4030 166 4078 aut
182 4020 273 4069 sentire
289 4035 368 4096 posse,
381 4021 424 4068 sed
435 4035 534 4068 sensum
550 4035 596 4083 per
610 4018 660 4067 vis·
693 4018 735 4066 alii
746 4016 834 4080 refutat
845 4019 984 4082 praeferunt

122 4099 180 4134 cera
201 4085 303 4133 excitam
326 4100 358 4133 ex
383 4084 507 4134 communi
534 4083 661 4146 utriusque
726 4085 782 4132 355.
797 4087 972 4136 comesenim
985 4087 1167 4146 Gorpaeseatt're
1178 4085 1230 4144 quta

123 4149 275 4212 conjunctim
287 4148 382 4213 agentis
393 4159 478 4198 motu:
497 4148 585 4197 dando
602 4147 660 4196 Phi·
693 4148 787 4211 afferet]
805 4147 867 4206 Alii,
881 4157 967 4198 maeret
976 4169 985 4204 ,·
1006 4148 1050 4198 sed
1067 4149 1153 4203 Faber,
1170 4148 1232 4207 qaod

123 4214 238 4278 losophos
249 4214 391 4278 aggreditur
402 4214 443 4277 qui
457 4214 532 4263 solam
545 4212 661 4262 Animam
693 4222 790 4272 morat,
802 4222 828 4262 et
843 4214 889 4262 hoc
903 4214 974 4262 modo
986 4213 1106 4277 explicat;
1126 4211 1183 4271 qaid
1197 4212 1231 4256 stt

124 4278 194 4327 istim
216 4288 297 4327 motus
321 4294 394 4341 quern
420 4294 519 4328 sensum
546 4293 662 4327 vocamus
693 4273 1230 4346 eatmquodadserat(idestprobet)00rpm

824 4357 840 4388 u
