<?xml version="1.0" encoding="UTF-8"?>
<!DOCTYPE html PUBLIC "-//W3C//DTD XHTML 1.0 Transitional//EN"
    "http://www.w3.org/TR/xhtml1/DTD/xhtml1-transitional.dtd">
<html xmlns="http://www.w3.org/1999/xhtml" xml:lang="en" lang="en">
 <head>
  <title>
</title>
<meta http-equiv="Content-Type" content="text/html;charset=utf-8" />
  <meta name='ocr-system' content='tesseract 3.04.00' />
  <meta name='ocr-capabilities' content='ocr_page ocr_carea ocr_par ocr_line ocrx_word'/>
</head>
<body>
  <div class='ocr_page' id='page_1' title='image "./titilucretiicar04carugoog_0196.png"; bbox 0 0 2872 4852; ppageno 0'>
   <div class='ocr_carea' id='block_1_1' title="bbox 181 219 996 316">
    <p class='ocr_par' dir='ltr' id='par_1_1' title="bbox 181 219 996 316">
     <span class='ocr_line' id='line_1_1' title="bbox 181 219 996 316; baseline -0.012 -1"><span class='ocrx_word' id='word_1_1' title='bbox 181 313 182 316; x_wconf 5' lang='grc' dir='ltr'>γ</span> <span class='ocrx_word' id='word_1_2' title='bbox 271 248 336 312; x_wconf 82' lang='lat' dir='ltr'>na</span> <span class='ocrx_word' id='word_1_3' title='bbox 649 242 693 307; x_wconf 79' lang='grc' dir='ltr'>Τ.</span> <span class='ocrx_word' id='word_1_4' title='bbox 725 219 996 307; x_wconf 72' lang='lat' dir='ltr'>nocnerit</span> 
     </span>
    </p>
   </div>
   <div class='ocr_carea' id='block_1_2' title="bbox 289 398 1376 2632">
    <p class='ocr_par' dir='ltr' id='par_1_2' title="bbox 356 398 1192 481">
     <span class='ocr_line' id='line_1_2' title="bbox 356 398 1192 481; baseline -0.002 -16"><span class='ocrx_word' id='word_1_5' title='bbox 356 401 519 465; x_wconf 88' lang='lat' dir='ltr'>Naturam</span> <span class='ocrx_word' id='word_1_6' title='bbox 527 402 546 463; x_wconf 78' lang='lat' dir='ltr'>t·</span> <span class='ocrx_word' id='word_1_7' title='bbox 563 409 598 466; x_wconf 88' lang='lat' dir='ltr'>et</span> <span class='ocrx_word' id='word_1_8' title='bbox 612 419 721 464; x_wconf 82' lang='lat' dir='ltr'>veram</span> <span class='ocrx_word' id='word_1_9' title='bbox 735 398 843 464; x_wconf 85' lang='lat' dir='ltr'>verbis</span> <span class='ocrx_word' id='word_1_10' title='bbox 857 418 1024 481; x_wconf 84' lang='lat' dir='ltr'>exponere</span> <span class='ocrx_word' id='word_1_11' title='bbox 1036 403 1192 463; x_wconf 74' lang='lat' dir='ltr'>causam?</span> 
     </span>
    </p>

    <p class='ocr_par' dir='ltr' id='par_1_3' title="bbox 292 499 1376 995">
     <span class='ocr_line' id='line_1_3' title="bbox 292 499 1249 587; baseline 0.003 -23"><span class='ocrx_word' id='word_1_12' title='bbox 292 516 339 564; x_wconf 81' lang='lat'>965</span> <span class='ocrx_word' id='word_1_13' title='bbox 396 502 516 587; x_wconf 86' lang='lat' dir='ltr'>Atqui</span> <span class='ocrx_word' id='word_1_14' title='bbox 531 503 655 567; x_wconf 88' lang='lat' dir='ltr'>obitum</span> <span class='ocrx_word' id='word_1_15' title='bbox 668 500 863 567; x_wconf 79' lang='lat' dir='ltr'>lamentetur</span> <span class='ocrx_word' id='word_1_16' title='bbox 876 500 975 565; x_wconf 87' lang='lat' dir='ltr'>miser</span> <span class='ocrx_word' id='word_1_17' title='bbox 990 499 1126 583; x_wconf 88' lang='lat' dir='ltr'>amplius</span> <span class='ocrx_word' id='word_1_18' title='bbox 1142 523 1249 585; x_wconf 85' lang='lat' dir='ltr'>aequo,</span> 
     </span>
     <span class='ocr_line' id='line_1_4' title="bbox 355 602 1263 687; baseline -0.002 -17"><span class='ocrx_word' id='word_1_19' title='bbox 355 605 434 670; x_wconf 93' lang='lat' dir='ltr'>Non</span> <span class='ocrx_word' id='word_1_20' title='bbox 448 605 563 670; x_wconf 92' lang='lat' dir='ltr'>merito</span> <span class='ocrx_word' id='word_1_21' title='bbox 578 603 727 669; x_wconf 80' lang='lat' dir='ltr'>inclamet</span> <span class='ocrx_word' id='word_1_22' title='bbox 741 603 856 687; x_wconf 81' lang='lat' dir='ltr'>magis,</span> <span class='ocrx_word' id='word_1_23' title='bbox 871 612 905 668; x_wconf 88' lang='lat' dir='ltr'>et</span> <span class='ocrx_word' id='word_1_24' title='bbox 919 624 998 666; x_wconf 90' lang='lat' dir='ltr'>voce</span> <span class='ocrx_word' id='word_1_25' title='bbox 1013 602 1161 686; x_wconf 86' lang='lat' dir='ltr'>increpet</span> <span class='ocrx_word' id='word_1_26' title='bbox 1175 605 1263 669; x_wconf 70' lang='lat' dir='ltr'>acri?</span> 
     </span>
     <span class='ocr_line' id='line_1_5' title="bbox 354 703 1376 791; baseline 0 -19"><span class='ocrx_word' id='word_1_27' title='bbox 354 707 463 773; x_wconf 75' lang='lat' dir='ltr'>Aufer</span> <span class='ocrx_word' id='word_1_28' title='bbox 471 708 516 770; x_wconf 91' lang='lat' dir='ltr'>ab</span> <span class='ocrx_word' id='word_1_29' title='bbox 528 706 604 772; x_wconf 85' lang='lat' dir='ltr'>hinc</span> <span class='ocrx_word' id='word_1_30' title='bbox 616 705 787 790; x_wconf 77' lang='lat' dir='ltr'><strong>lacrymas,</strong></span> <span class='ocrx_word' id='word_1_31' title='bbox 801 703 977 781; x_wconf 88' lang='lat' dir='ltr'>Barathro‚</span> <span class='ocrx_word' id='word_1_32' title='bbox 988 713 1022 767; x_wconf 90' lang='lat' dir='ltr'>et</span> <span class='ocrx_word' id='word_1_33' title='bbox 1033 725 1203 788; x_wconf 79' lang='lat' dir='ltr'>compesce</span> <span class='ocrx_word' id='word_1_34' title='bbox 1214 707 1376 791; x_wconf 87' lang='lat' dir='ltr'>querelas.</span> 
     </span>
     <span class='ocr_line' id='line_1_6' title="bbox 355 807 1355 892; baseline -0.009 -14"><span class='ocrx_word' id='word_1_35' title='bbox 355 810 522 878; x_wconf 69' lang='lat' dir='ltr'>Grandine</span> <span class='ocrx_word' id='word_1_36' title='bbox 537 808 590 874; x_wconf 89' lang='lat' dir='ltr'>hic</span> <span class='ocrx_word' id='word_1_37' title='bbox 605 830 683 873; x_wconf 87' lang='lat' dir='ltr'>vero</span> <span class='ocrx_word' id='word_1_38' title='bbox 697 809 726 874; x_wconf 89' lang='lat' dir='ltr'>si</span> <span class='ocrx_word' id='word_1_39' title='bbox 736 809 815 892; x_wconf 86' lang='lat' dir='ltr'>jam,</span> <span class='ocrx_word' id='word_1_40' title='bbox 833 807 1015 891; x_wconf 84' lang='lat' dir='ltr'>Seniorque</span> <span class='ocrx_word' id='word_1_41' title='bbox 1029 817 1205 890; x_wconf 87' lang='lat' dir='ltr'>queratur;</span> <span class='ocrx_word' id='word_1_42' title='bbox 1352 816 1355 823; x_wconf 86' lang='lat'>&#39;</span> 
     </span>
     <span class='ocr_line' id='line_1_7' title="bbox 356 909 1092 995; baseline -0.01 -16"><span class='ocrx_word' id='word_1_43' title='bbox 356 913 477 979; x_wconf 85' lang='lat' dir='ltr'>Omnia</span> <span class='ocrx_word' id='word_1_44' title='bbox 490 909 677 995; x_wconf 81' lang='lat' dir='ltr'>perfructus</span> <span class='ocrx_word' id='word_1_45' title='bbox 692 911 770 975; x_wconf 75' lang='lat' dir='ltr'>vitai</span> <span class='ocrx_word' id='word_1_46' title='bbox 784 910 929 994; x_wconf 83' lang='lat' dir='ltr'>praemia,</span> <span class='ocrx_word' id='word_1_47' title='bbox 944 911 1092 974; x_wconf 70' lang='lat' dir='ltr'>marces?</span> 
     </span>
    </p>

    <p class='ocr_par' dir='ltr' id='par_1_4' title="bbox 292 1013 1308 1301">
     <span class='ocr_line' id='line_1_8' title="bbox 292 1013 1308 1098; baseline 0.003 -23"><span class='ocrx_word' id='word_1_48' title='bbox 292 1025 339 1078; x_wconf 82' lang='lat'>970</span> <span class='ocrx_word' id='word_1_49' title='bbox 356 1015 423 1078; x_wconf 88' lang='lat' dir='ltr'>Sed</span> <span class='ocrx_word' id='word_1_50' title='bbox 439 1014 515 1098; x_wconf 85' lang='lat' dir='ltr'>quia</span> <span class='ocrx_word' id='word_1_51' title='bbox 529 1034 659 1097; x_wconf 78' lang='lat' dir='ltr'>semper</span> <span class='ocrx_word' id='word_1_52' title='bbox 671 1034 748 1077; x_wconf 85' lang='lat' dir='ltr'>aves</span> <span class='ocrx_word' id='word_1_53' title='bbox 765 1013 855 1097; x_wconf 88' lang='lat' dir='ltr'>quod</span> <span class='ocrx_word' id='word_1_54' title='bbox 870 1013 977 1090; x_wconf 86' lang='lat' dir='ltr'>abest,</span> <span class='ocrx_word' id='word_1_55' title='bbox 991 1013 1166 1096; x_wconf 82' lang='lat' dir='ltr'>praesoutia</span> <span class='ocrx_word' id='word_1_56' title='bbox 1179 1014 1308 1091; x_wconf 88' lang='lat' dir='ltr'>temnis,</span> 
     </span>
     <span class='ocr_line' id='line_1_9' title="bbox 354 1113 1113 1200; baseline -0.005 -17"><span class='ocrx_word' id='word_1_57' title='bbox 354 1114 551 1200; x_wconf 79' lang='lat' dir='ltr'>imperfecta</span> <span class='ocrx_word' id='word_1_58' title='bbox 565 1114 625 1180; x_wconf 90' lang='lat' dir='ltr'>tibi</span> <span class='ocrx_word' id='word_1_59' title='bbox 637 1113 750 1198; x_wconf 83' lang='lat' dir='ltr'>elapsa</span> <span class='ocrx_word' id='word_1_60' title='bbox 764 1114 815 1191; x_wconf 89' lang='lat' dir='ltr'>’st‚</span> <span class='ocrx_word' id='word_1_61' title='bbox 829 1114 1021 1198; x_wconf 84' lang='lat' dir='ltr'>ingrataque</span> <span class='ocrx_word' id='word_1_62' title='bbox 1035 1113 1113 1190; x_wconf 88' lang='lat' dir='ltr'>vita,</span> 
     </span>
     <span class='ocr_line' id='line_1_10' title="bbox 356 1214 1148 1301; baseline -0.003 -19"><span class='ocrx_word' id='word_1_63' title='bbox 356 1219 403 1282; x_wconf 90' lang='lat' dir='ltr'>Et</span> <span class='ocrx_word' id='word_1_64' title='bbox 417 1217 637 1301; x_wconf 80' lang='lat' dir='ltr'>nec-opinanti</span> <span class='ocrx_word' id='word_1_65' title='bbox 651 1214 745 1281; x_wconf 86' lang='lat' dir='ltr'>Mors</span> <span class='ocrx_word' id='word_1_66' title='bbox 761 1215 803 1280; x_wconf 91' lang='lat' dir='ltr'>ad</span> <span class='ocrx_word' id='word_1_67' title='bbox 819 1226 917 1300; x_wconf 90' lang='lat' dir='ltr'>caput</span> <span class='ocrx_word' id='word_1_68' title='bbox 932 1215 1058 1280; x_wconf 80' lang='lat' dir='ltr'><strong>adstitit</strong></span> <span class='ocrx_word' id='word_1_69' title='bbox 1073 1226 1148 1282; x_wconf 88' lang='lat' dir='ltr'>aute</span> 
     </span>
    </p>

    <p class='ocr_par' dir='ltr' id='par_1_5' title="bbox 317 1316 1207 1402">
     <span class='ocr_line' id='line_1_11' title="bbox 317 1316 1207 1402; baseline -0.001 -16"><span class='ocrx_word' id='word_1_70' title='bbox 317 1381 319 1386; x_wconf 83' lang='lat'><em>.</em></span> <span class='ocrx_word' id='word_1_71' title='bbox 356 1321 465 1393; x_wconf 84' lang='lat' dir='ltr'>Quam</span> <span class='ocrx_word' id='word_1_72' title='bbox 481 1329 582 1394; x_wconf 66' lang='lat' dir='ltr'>satum</span> <span class='ocrx_word' id='word_1_73' title='bbox 597 1340 637 1382; x_wconf 83' lang='lat' dir='ltr'>ac</span> <span class='ocrx_word' id='word_1_74' title='bbox 650 1316 766 1402; x_wconf 88' lang='lat' dir='ltr'>plenus</span> <span class='ocrx_word' id='word_1_75' title='bbox 781 1319 888 1402; x_wconf 88' lang='lat' dir='ltr'>possis</span> <span class='ocrx_word' id='word_1_76' title='bbox 902 1318 1073 1384; x_wconf 83' lang='lat' dir='ltr'>discedere</span> <span class='ocrx_word' id='word_1_77' title='bbox 1088 1340 1207 1385; x_wconf 86' lang='lat' dir='ltr'>rerum.</span> 
     </span>
    </p>

    <p class='ocr_par' dir='ltr' id='par_1_6' title="bbox 355 1420 1116 1497">
     <span class='ocr_line' id='line_1_12' title="bbox 355 1420 1116 1497; baseline -0.004 -10"><span class='ocrx_word' id='word_1_78' title='bbox 355 1422 455 1488; x_wconf 89' lang='lat' dir='ltr'>Nunc</span> <span class='ocrx_word' id='word_1_79' title='bbox 469 1421 642 1487; x_wconf 75' lang='lat' dir='ltr'>alienatus</span> <span class='ocrx_word' id='word_1_80' title='bbox 657 1430 765 1487; x_wconf 87' lang='lat' dir='ltr'>tamen</span> <span class='ocrx_word' id='word_1_81' title='bbox 779 1429 876 1485; x_wconf 84' lang='lat' dir='ltr'>aetate</span> <span class='ocrx_word' id='word_1_82' title='bbox 894 1420 1000 1486; x_wconf 90' lang='lat' dir='ltr'>omnia</span> <span class='ocrx_word' id='word_1_83' title='bbox 1014 1420 1116 1497; x_wconf 89' lang='lat' dir='ltr'>mitte,</span> 
     </span>
    </p>

    <p class='ocr_par' dir='ltr' id='par_1_7' title="bbox 289 1520 1375 2017">
     <span class='ocr_line' id='line_1_13' title="bbox 289 1520 1375 1609; baseline 0 -23"><span class='ocrx_word' id='word_1_84' title='bbox 289 1534 336 1587; x_wconf 81' lang='lat'>975</span> <span class='ocrx_word' id='word_1_85' title='bbox 352 1525 465 1609; x_wconf 86' lang='lat' dir='ltr'>AEquo</span> <span class='ocrx_word' id='word_1_86' title='bbox 476 1525 658 1607; x_wconf 85' lang='lat' dir='ltr'>animoque,</span> <span class='ocrx_word' id='word_1_87' title='bbox 671 1523 822 1606; x_wconf 83' lang='lat' dir='ltr'>agedum,</span> <span class='ocrx_word' id='word_1_88' title='bbox 834 1523 903 1607; x_wconf 87' lang='lat' dir='ltr'>jam</span> <span class='ocrx_word' id='word_1_89' title='bbox 913 1522 983 1587; x_wconf 87' lang='lat' dir='ltr'>aliis</span> <span class='ocrx_word' id='word_1_90' title='bbox 998 1523 1158 1588; x_wconf 83' lang='lat' dir='ltr'>concede:</span> <span class='ocrx_word' id='word_1_91' title='bbox 1175 1545 1308 1589; x_wconf 85' lang='lat' dir='ltr'>necesse</span> <span class='ocrx_word' id='word_1_92' title='bbox 1324 1520 1375 1587; x_wconf 82' lang='lat' dir='ltr'>’st</span> 
     </span>
     <span class='ocr_line' id='line_1_14' title="bbox 354 1625 1229 1711; baseline 0 -20"><span class='ocrx_word' id='word_1_93' title='bbox 354 1627 437 1694; x_wconf 75' lang='lat' dir='ltr'>ture</span> <span class='ocrx_word' id='word_1_94' title='bbox 453 1626 503 1710; x_wconf 89' lang='lat' dir='ltr'>(ut</span> <span class='ocrx_word' id='word_1_95' title='bbox 516 1625 645 1710; x_wconf 88' lang='lat' dir='ltr'>opinor)</span> <span class='ocrx_word' id='word_1_96' title='bbox 660 1636 748 1709; x_wconf 83' lang='lat' dir='ltr'>agat,</span> <span class='ocrx_word' id='word_1_97' title='bbox 759 1626 835 1710; x_wconf 88' lang='lat' dir='ltr'>jure</span> <span class='ocrx_word' id='word_1_98' title='bbox 850 1626 1008 1710; x_wconf 86' lang='lat' dir='ltr'>increpet,</span> <span class='ocrx_word' id='word_1_99' title='bbox 1024 1625 1229 1711; x_wconf 80' lang='lat' dir='ltr'>incilietque3</span> 
     </span>
     <span class='ocr_line' id='line_1_15' title="bbox 355 1728 1153 1806; baseline -0.001 -13"><span class='ocrx_word' id='word_1_100' title='bbox 355 1729 453 1794; x_wconf 90' lang='lat' dir='ltr'>Cedit</span> <span class='ocrx_word' id='word_1_101' title='bbox 467 1729 551 1793; x_wconf 88' lang='lat' dir='ltr'>enim</span> <span class='ocrx_word' id='word_1_102' title='bbox 565 1749 675 1792; x_wconf 88' lang='lat' dir='ltr'>rerum</span> <span class='ocrx_word' id='word_1_103' title='bbox 690 1728 832 1794; x_wconf 86' lang='lat' dir='ltr'>novitate</span> <span class='ocrx_word' id='word_1_104' title='bbox 848 1740 982 1794; x_wconf 84' lang='lat' dir='ltr'>extrusa</span> <span class='ocrx_word' id='word_1_105' title='bbox 995 1739 1153 1806; x_wconf 74' lang='lat' dir='ltr'>vetustas,</span> 
     </span>
     <span class='ocr_line' id='line_1_16' title="bbox 357 1828 1175 1915; baseline 0 -21"><span class='ocrx_word' id='word_1_106' title='bbox 357 1832 494 1915; x_wconf 88' lang='lat' dir='ltr'>Semper</span> <span class='ocrx_word' id='word_1_107' title='bbox 507 1840 542 1895; x_wconf 86' lang='lat' dir='ltr'>et</span> <span class='ocrx_word' id='word_1_108' title='bbox 555 1851 598 1894; x_wconf 87' lang='lat' dir='ltr'>ex</span> <span class='ocrx_word' id='word_1_109' title='bbox 612 1828 682 1893; x_wconf 89' lang='lat' dir='ltr'>aliis</span> <span class='ocrx_word' id='word_1_110' title='bbox 698 1829 786 1895; x_wconf 89' lang='lat' dir='ltr'>aliud</span> <span class='ocrx_word' id='word_1_111' title='bbox 801 1852 954 1915; x_wconf 84' lang='lat' dir='ltr'>reparare</span> <span class='ocrx_word' id='word_1_112' title='bbox 969 1853 1102 1897; x_wconf 89' lang='lat' dir='ltr'>necesse</span> <span class='ocrx_word' id='word_1_113' title='bbox 1115 1831 1175 1895; x_wconf 85' lang='lat' dir='ltr'>·’st:</span> 
     </span>
     <span class='ocr_line' id='line_1_17' title="bbox 355 1933 1349 2017; baseline -0.003 -21"><span class='ocrx_word' id='word_1_114' title='bbox 355 1933 429 1999; x_wconf 91' lang='lat' dir='ltr'>Nec</span> <span class='ocrx_word' id='word_1_115' title='bbox 444 1933 620 2017; x_wconf 88' lang='lat' dir='ltr'>quidquam</span> <span class='ocrx_word' id='word_1_116' title='bbox 635 1933 668 1996; x_wconf 92' lang='lat' dir='ltr'>in</span> <span class='ocrx_word' id='word_1_117' title='bbox 683 1933 883 2010; x_wconf 81' lang='lat' dir='ltr'>barathrum,</span> <span class='ocrx_word' id='word_1_118' title='bbox 899 1956 960 2000; x_wconf 91' lang='lat' dir='ltr'>nec</span> <span class='ocrx_word' id='word_1_119' title='bbox 975 1945 1097 1999; x_wconf 88' lang='lat' dir='ltr'>tartara</span> <span class='ocrx_word' id='word_1_120' title='bbox 1113 1933 1234 1999; x_wconf 87' lang='lat' dir='ltr'>decidit</span> <span class='ocrx_word' id='word_1_121' title='bbox 1249 1943 1330 1999; x_wconf 89' lang='lat' dir='ltr'>atra.</span> <span class='ocrx_word' id='word_1_122' title='bbox 1347 1990 1349 1993; x_wconf 84' lang='grc'><strong>,</strong></span> 
     </span>
    </p>

    <p class='ocr_par' dir='ltr' id='par_1_8' title="bbox 290 2035 1375 2530">
     <span class='ocr_line' id='line_1_18' title="bbox 290 2035 1181 2120; baseline 0.004 -24"><span class='ocrx_word' id='word_1_123' title='bbox 290 2049 339 2096; x_wconf 82' lang='grc'>980</span> <span class='ocrx_word' id='word_1_124' title='bbox 354 2035 512 2100; x_wconf 87' lang='lat' dir='ltr'>Materies</span> <span class='ocrx_word' id='word_1_125' title='bbox 527 2058 611 2119; x_wconf 90' lang='lat' dir='ltr'>opus</span> <span class='ocrx_word' id='word_1_126' title='bbox 625 2045 689 2113; x_wconf 87' lang='lat' dir='ltr'>est,</span> <span class='ocrx_word' id='word_1_127' title='bbox 704 2045 741 2102; x_wconf 93' lang='lat' dir='ltr'>ut</span> <span class='ocrx_word' id='word_1_128' title='bbox 755 2047 904 2101; x_wconf 86' lang='lat' dir='ltr'>crescant</span> <span class='ocrx_word' id='word_1_129' title='bbox 919 2047 1052 2120; x_wconf 84' lang='lat' dir='ltr'>postera</span> <span class='ocrx_word' id='word_1_130' title='bbox 1068 2035 1181 2113; x_wconf 82' lang='lat' dir='ltr'>saecla3</span> 
     </span>
     <span class='ocr_line' id='line_1_19' title="bbox 355 2138 1231 2222; baseline -0.001 -19"><span class='ocrx_word' id='word_1_131' title='bbox 355 2140 441 2212; x_wconf 83' lang='lat' dir='ltr'>Quae</span> <span class='ocrx_word' id='word_1_132' title='bbox 456 2148 563 2204; x_wconf 84' lang='lat' dir='ltr'>tamen</span> <span class='ocrx_word' id='word_1_133' title='bbox 579 2139 685 2203; x_wconf 85' lang='lat' dir='ltr'>omnia</span> <span class='ocrx_word' id='word_1_134' title='bbox 700 2138 752 2204; x_wconf 91' lang='lat' dir='ltr'>Te</span> <span class='ocrx_word' id='word_1_135' title='bbox 766 2140 832 2203; x_wconf 88' lang='lat' dir='ltr'>vita</span> <span class='ocrx_word' id='word_1_136' title='bbox 847 2139 1020 2222; x_wconf 86' lang='lat' dir='ltr'>perfuncta</span> <span class='ocrx_word' id='word_1_137' title='bbox 1035 2150 1231 2222; x_wconf 89' lang='lat' dir='ltr'>sequentur:</span> 
     </span>
     <span class='ocr_line' id='line_1_20' title="bbox 354 2241 1375 2329; baseline -0.002 -24"><span class='ocrx_word' id='word_1_138' title='bbox 354 2241 429 2307; x_wconf 89' lang='lat' dir='ltr'>Nec</span> <span class='ocrx_word' id='word_1_139' title='bbox 437 2241 543 2308; x_wconf 89' lang='lat' dir='ltr'>minus</span> <span class='ocrx_word' id='word_1_140' title='bbox 551 2253 711 2324; x_wconf 82' lang='lat' dir='ltr'>ergoante</span> <span class='ocrx_word' id='word_1_141' title='bbox 718 2241 800 2318; x_wconf 82' lang='lat' dir='ltr'>haec,</span> <span class='ocrx_word' id='word_1_142' title='bbox 808 2264 904 2329; x_wconf 84' lang='lat' dir='ltr'>quam</span> <span class='ocrx_word' id='word_1_143' title='bbox 910 2265 1007 2315; x_wconf 81' lang='lat' dir='ltr'>nunc,</span> <span class='ocrx_word' id='word_1_144' title='bbox 1014 2242 1172 2318; x_wconf 87' lang='lat' dir='ltr'>cecidere,</span> <span class='ocrx_word' id='word_1_145' title='bbox 1180 2241 1375 2324; x_wconf 86' lang='lat' dir='ltr'>cadentque.</span> 
     </span>
     <span class='ocr_line' id='line_1_21' title="bbox 354 2341 1059 2428; baseline -0.001 -20"><span class='ocrx_word' id='word_1_146' title='bbox 354 2343 409 2409; x_wconf 86' lang='lat' dir='ltr'>Sic</span> <span class='ocrx_word' id='word_1_147' title='bbox 424 2342 490 2409; x_wconf 90' lang='lat' dir='ltr'>alid</span> <span class='ocrx_word' id='word_1_148' title='bbox 503 2366 546 2408; x_wconf 87' lang='lat' dir='ltr'>ex</span> <span class='ocrx_word' id='word_1_149' title='bbox 561 2341 624 2408; x_wconf 90' lang='lat' dir='ltr'>alio</span> <span class='ocrx_word' id='word_1_150' title='bbox 638 2367 804 2428; x_wconf 86' lang='lat' dir='ltr'>nunquam</span> <span class='ocrx_word' id='word_1_151' title='bbox 817 2345 956 2411; x_wconf 80' lang='lat' dir='ltr'>desistet</span> <span class='ocrx_word' id='word_1_152' title='bbox 969 2345 1059 2422; x_wconf 86' lang='lat' dir='ltr'>oriri,</span> 
     </span>
     <span class='ocr_line' id='line_1_22' title="bbox 354 2444 1157 2530; baseline 0 -20"><span class='ocrx_word' id='word_1_153' title='bbox 354 2444 497 2530; x_wconf 85' lang='lat' dir='ltr'>Vitaque</span> <span class='ocrx_word' id='word_1_154' title='bbox 510 2446 683 2529; x_wconf 84' lang='lat' dir='ltr'>mancupio</span> <span class='ocrx_word' id='word_1_155' title='bbox 698 2445 777 2513; x_wconf 89' lang='lat' dir='ltr'>nulli</span> <span class='ocrx_word' id='word_1_156' title='bbox 793 2446 900 2525; x_wconf 80' lang='lat' dir='ltr'>datur,</span> <span class='ocrx_word' id='word_1_157' title='bbox 918 2448 1067 2513; x_wconf 92' lang='lat' dir='ltr'>omnibus</span> <span class='ocrx_word' id='word_1_158' title='bbox 1083 2469 1157 2511; x_wconf 88' lang='lat' dir='ltr'>usu.</span> 
     </span>
    </p>

    <p class='ocr_par' dir='ltr' id='par_1_9' title="bbox 290 2547 1275 2632">
     <span class='ocr_line' id='line_1_23' title="bbox 290 2547 1275 2632; baseline 0.007 -25"><span class='ocrx_word' id='word_1_159' title='bbox 290 2561 338 2608; x_wconf 79' lang='lat'>985</span> <span class='ocrx_word' id='word_1_160' title='bbox 397 2547 540 2632; x_wconf 86' lang='lat' dir='ltr'>Respice</span> <span class='ocrx_word' id='word_1_161' title='bbox 553 2549 632 2614; x_wconf 85' lang='lat' dir='ltr'>item</span> <span class='ocrx_word' id='word_1_162' title='bbox 647 2569 744 2632; x_wconf 90' lang='lat' dir='ltr'>quam</span> <span class='ocrx_word' id='word_1_163' title='bbox 759 2547 804 2611; x_wconf 91' lang='lat' dir='ltr'>nil</span> <span class='ocrx_word' id='word_1_164' title='bbox 819 2549 862 2614; x_wconf 89' lang='lat' dir='ltr'>ad</span> <span class='ocrx_word' id='word_1_165' title='bbox 876 2549 949 2616; x_wconf 89' lang='lat' dir='ltr'>Nos</span> <span class='ocrx_word' id='word_1_166' title='bbox 964 2559 1113 2616; x_wconf 82' lang='lat' dir='ltr'>anteacta</span> <span class='ocrx_word' id='word_1_167' title='bbox 1128 2559 1275 2614; x_wconf 83' lang='lat' dir='ltr'>vetustas</span> 
     </span>
    </p>
   </div>
   <div class='ocr_carea' id='block_1_3' title="bbox 245 2764 1377 4386">
    <p class='ocr_par' dir='ltr' id='par_1_10' title="bbox 264 2764 1377 3804">
     <span class='ocr_line' id='line_1_24' title="bbox 301 2764 1376 2828; baseline -0.001 -14"><span class='ocrx_word' id='word_1_168' title='bbox 301 2766 356 2815; x_wconf 82' lang='grc'><strong>965.</strong></span> <span class='ocrx_word' id='word_1_169' title='bbox 368 2765 624 2828; x_wconf 62' lang='lat' dir='ltr'>Atqaiobt&#39;tumetc]</span> <span class='ocrx_word' id='word_1_170' title='bbox 637 2766 805 2815; x_wconf 79' lang='lat' dir='ltr'>Modomtura</span> <span class='ocrx_word' id='word_1_171' title='bbox 837 2764 915 2817; x_wconf 83' lang='lat' dir='ltr'>utitur</span> <span class='ocrx_word' id='word_1_172' title='bbox 936 2765 1031 2816; x_wconf 78' lang='lat' dir='ltr'>Tullius</span> <span class='ocrx_word' id='word_1_173' title='bbox 1047 2767 1078 2818; x_wconf 85' lang='lat' dir='ltr'>de</span> <span class='ocrx_word' id='word_1_174' title='bbox 1100 2767 1209 2817; x_wconf 82' lang='lat' dir='ltr'>Divinat</span> <span class='ocrx_word' id='word_1_175' title='bbox 1229 2766 1270 2814; x_wconf 87' lang='lat' dir='ltr'>lib.</span> <span class='ocrx_word' id='word_1_176' title='bbox 1291 2766 1327 2814; x_wconf 88' lang='lat'>11.</span> <span class='ocrx_word' id='word_1_177' title='bbox 1349 2777 1376 2814; x_wconf 85' lang='lat' dir='ltr'>ct</span> 
     </span>
     <span class='ocr_line' id='line_1_25' title="bbox 268 2829 1375 2894; baseline 0.002 -17"><span class='ocrx_word' id='word_1_178' title='bbox 268 2829 352 2878; x_wconf 86' lang='lat' dir='ltr'>mitius</span> <span class='ocrx_word' id='word_1_179' title='bbox 361 2829 411 2892; x_wconf 80' lang='lat' dir='ltr'>egit</span> <span class='ocrx_word' id='word_1_180' title='bbox 419 2846 475 2877; x_wconf 91' lang='lat' dir='ltr'>cum</span> <span class='ocrx_word' id='word_1_181' title='bbox 483 2830 540 2878; x_wconf 85' lang='lat' dir='ltr'>vitae</span> <span class='ocrx_word' id='word_1_182' title='bbox 549 2830 652 2894; x_wconf 88' lang='lat' dir='ltr'>cupidis,</span> <span class='ocrx_word' id='word_1_183' title='bbox 661 2832 712 2892; x_wconf 87' lang='lat' dir='ltr'>jam</span> <span class='ocrx_word' id='word_1_184' title='bbox 720 2845 805 2877; x_wconf 90' lang='lat' dir='ltr'>omnes</span> <span class='ocrx_word' id='word_1_185' title='bbox 838 2830 944 2889; x_wconf 85' lang='lat' dir='ltr'>Persius,</span> <span class='ocrx_word' id='word_1_186' title='bbox 968 2831 1017 2879; x_wconf 83' lang='lat' dir='ltr'>Sat</span> <span class='ocrx_word' id='word_1_187' title='bbox 1038 2833 1068 2880; x_wconf 87' lang='lat' dir='ltr'>V.</span> <span class='ocrx_word' id='word_1_188' title='bbox 1103 2831 1223 2880; x_wconf 81' lang='lat' dir='ltr'>Heinsius</span> <span class='ocrx_word' id='word_1_189' title='bbox 1241 2840 1322 2879; x_wconf 88' lang='lat' dir='ltr'>autem</span> <span class='ocrx_word' id='word_1_190' title='bbox 1343 2832 1375 2879; x_wconf 86' lang='lat' dir='ltr'>ad</span> 
     </span>
     <span class='ocr_line' id='line_1_26' title="bbox 268 2893 1375 2959; baseline 0.001 -17"><span class='ocrx_word' id='word_1_191' title='bbox 268 2893 412 2943; x_wconf 85' lang='lat' dir='ltr'>immodeste</span> <span class='ocrx_word' id='word_1_192' title='bbox 420 2903 570 2958; x_wconf 87' lang='lat' dir='ltr'>appetentes,</span> <span class='ocrx_word' id='word_1_193' title='bbox 582 2903 607 2941; x_wconf 89' lang='lat' dir='ltr'>et</span> <span class='ocrx_word' id='word_1_194' title='bbox 617 2893 753 2957; x_wconf 83' lang='lat' dir='ltr'>praesertim</span> <span class='ocrx_word' id='word_1_195' title='bbox 766 2909 803 2942; x_wconf 87' lang='lat' dir='ltr'>se·</span> <span class='ocrx_word' id='word_1_196' title='bbox 837 2895 935 2943; x_wconf 87' lang='lat' dir='ltr'>tertiam</span> <span class='ocrx_word' id='word_1_197' title='bbox 962 2896 1065 2959; x_wconf 85' lang='lat' dir='ltr'>elegiam</span> <span class='ocrx_word' id='word_1_198' title='bbox 1093 2896 1160 2944; x_wconf 88' lang='lat' dir='ltr'>tertii</span> <span class='ocrx_word' id='word_1_199' title='bbox 1186 2896 1228 2944; x_wconf 88' lang='lat' dir='ltr'>lib.</span> <span class='ocrx_word' id='word_1_200' title='bbox 1255 2897 1375 2944; x_wconf 86' lang='lat' dir='ltr'>Amorum</span> 
     </span>
     <span class='ocr_line' id='line_1_27' title="bbox 268 2958 1374 3024; baseline 0.001 -17"><span class='ocrx_word' id='word_1_201' title='bbox 268 2974 320 3017; x_wconf 87' lang='lat' dir='ltr'>nes,</span> <span class='ocrx_word' id='word_1_202' title='bbox 333 2975 354 3007; x_wconf 89' lang='lat' dir='ltr'>v.</span> <span class='ocrx_word' id='word_1_203' title='bbox 368 2959 406 3006; x_wconf 82' lang='lat'>26.</span> <span class='ocrx_word' id='word_1_204' title='bbox 422 2959 503 3008; x_wconf 78' lang='lat' dir='ltr'>acrius</span> <span class='ocrx_word' id='word_1_205' title='bbox 513 2959 628 3022; x_wconf 80' lang='lat' dir='ltr'>castigat:</span> <span class='ocrx_word' id='word_1_206' title='bbox 646 2958 750 3022; x_wconf 81' lang='lat' dir='ltr'>singulis</span> <span class='ocrx_word' id='word_1_207' title='bbox 760 2959 803 3006; x_wconf 90' lang='lat' dir='ltr'>ho-</span> <span class='ocrx_word' id='word_1_208' title='bbox 837 2959 928 3018; x_wconf 83' lang='lat' dir='ltr'>ovidii,</span> <span class='ocrx_word' id='word_1_209' title='bbox 941 2960 1022 3024; x_wconf 79' lang='lat' dir='ltr'>Auser,</span> <span class='ocrx_word' id='word_1_210' title='bbox 1038 2961 1084 3020; x_wconf 86' lang='lat' dir='ltr'>abi,</span> <span class='ocrx_word' id='word_1_211' title='bbox 1102 2965 1155 3010; x_wconf 74' lang='lat' dir='ltr'>ltine</span> <span class='ocrx_word' id='word_1_212' title='bbox 1171 2964 1307 3023; x_wconf 71' lang='lat' dir='ltr'>lachrymas,</span> <span class='ocrx_word' id='word_1_213' title='bbox 1324 2961 1374 3009; x_wconf 89' lang='lat' dir='ltr'>Ba-</span> 
     </span>
     <span class='ocr_line' id='line_1_28' title="bbox 268 3023 1373 3087; baseline 0.002 -16"><span class='ocrx_word' id='word_1_214' title='bbox 268 3023 382 3082; x_wconf 85' lang='lat' dir='ltr'>minibus,</span> <span class='ocrx_word' id='word_1_215' title='bbox 394 3032 422 3072; x_wconf 92' lang='lat' dir='ltr'>ut</span> <span class='ocrx_word' id='word_1_216' title='bbox 438 3023 464 3071; x_wconf 91' lang='lat' dir='ltr'>in</span> <span class='ocrx_word' id='word_1_217' title='bbox 476 3039 556 3081; x_wconf 85' lang='lat' dir='ltr'>scena,</span> <span class='ocrx_word' id='word_1_218' title='bbox 568 3039 618 3072; x_wconf 84' lang='lat' dir='ltr'>suae</span> <span class='ocrx_word' id='word_1_219' title='bbox 634 3033 692 3070; x_wconf 90' lang='lat' dir='ltr'>sunt</span> <span class='ocrx_word' id='word_1_220' title='bbox 708 3032 804 3086; x_wconf 85' lang='lat' dir='ltr'>partes;</span> <span class='ocrx_word' id='word_1_221' title='bbox 838 3023 906 3082; x_wconf 90' lang='lat' dir='ltr'>latro,</span> <span class='ocrx_word' id='word_1_222' title='bbox 923 3033 946 3072; x_wconf 84' lang='lat' dir='ltr'>et</span> <span class='ocrx_word' id='word_1_223' title='bbox 963 3035 1135 3087; x_wconf 67' lang='lat' dir='ltr'>compereaetc.</span> <span class='ocrx_word' id='word_1_224' title='bbox 1165 3029 1312 3074; x_wconf 78' lang='lat' dir='ltr'>Balatronem</span> <span class='ocrx_word' id='word_1_225' title='bbox 1329 3042 1373 3074; x_wconf 89' lang='lat' dir='ltr'>au-</span> 
     </span>
     <span class='ocr_line' id='line_1_29' title="bbox 267 3088 1373 3166; baseline 0 -28"><span class='ocrx_word' id='word_1_226' title='bbox 267 3104 314 3138; x_wconf 85' lang='lat' dir='ltr'>uec</span> <span class='ocrx_word' id='word_1_227' title='bbox 336 3088 505 3138; x_wconf 83' lang='lat' dir='ltr'>immodestius</span> <span class='ocrx_word' id='word_1_228' title='bbox 522 3089 644 3164; x_wconf 31' lang='lat' dir='ltr'>‘Persona-</span> <span class='ocrx_word' id='word_1_229' title='bbox 666 3103 720 3150; x_wconf 80' lang='lat' dir='ltr'>quae</span> <span class='ocrx_word' id='word_1_230' title='bbox 743 3088 805 3136; x_wconf 83' lang='lat' dir='ltr'>nibil</span> <span class='ocrx_word' id='word_1_231' title='bbox 837 3097 886 3163; x_wconf 80' lang='lat' dir='ltr'>tem</span> <span class='ocrx_word' id='word_1_232' title='bbox 898 3089 1014 3165; x_wconf 79' lang='lat' dir='ltr'>videntpr</span> <span class='ocrx_word' id='word_1_233' title='bbox 1025 3100 1120 3140; x_wconf 84' lang='lat' dir='ltr'>veteres</span> <span class='ocrx_word' id='word_1_234' title='bbox 1133 3090 1254 3166; x_wconf 71' lang='lat' dir='ltr'>sumsisse</span> <span class='ocrx_word' id='word_1_235' title='bbox 1267 3106 1312 3166; x_wconf 71' lang='lat' dir='ltr'>pro</span> <span class='ocrx_word' id='word_1_236' title='bbox 1328 3091 1373 3138; x_wconf 93' lang='lat' dir='ltr'>ho-</span> 
     </span>
     <span class='ocr_line' id='line_1_30' title="bbox 266 3153 1376 3283; baseline -0.001 -14"><span class='ocrx_word' id='word_1_237' title='bbox 266 3153 805 3278; x_wconf 64' lang='lat' dir='ltr'>tt?tttttttttlttlttt5‘tttt</span> <span class='ocrx_word' id='word_1_238' title='bbox 837 3155 991 3283; x_wconf 54' lang='lat' dir='ltr'>{illidii</span> <span class='ocrx_word' id='word_1_239' title='bbox 1005 3156 1376 3270; x_wconf 63' lang='lat' dir='ltr'>ttttttt’ttttttltt</span> 
     </span>
     <span class='ocr_line' id='line_1_31' title="bbox 266 3283 1375 3348; baseline -0.001 -15"><span class='ocrx_word' id='word_1_240' title='bbox 266 3285 341 3334; x_wconf 82' lang='lat' dir='ltr'>habe</span> <span class='ocrx_word' id='word_1_241' title='bbox 353 3285 418 3347; x_wconf 93' lang='lat' dir='ltr'>quod</span> <span class='ocrx_word' id='word_1_242' title='bbox 433 3283 539 3348; x_wconf 81' lang='lat' dir='ltr'>amplius</span> <span class='ocrx_word' id='word_1_243' title='bbox 550 3299 615 3347; x_wconf 79' lang='lat' dir='ltr'>agas,</span> <span class='ocrx_word' id='word_1_244' title='bbox 632 3283 735 3345; x_wconf 88' lang='lat' dir='ltr'>ideoque</span> <span class='ocrx_word' id='word_1_245' title='bbox 747 3300 805 3347; x_wconf 80' lang='lat' dir='ltr'>agas</span> <span class='ocrx_word' id='word_1_246' title='bbox 837 3285 867 3334; x_wconf 87' lang='lat' dir='ltr'>de</span> <span class='ocrx_word' id='word_1_247' title='bbox 885 3301 911 3332; x_wconf 86' lang='lat' dir='ltr'>re</span> <span class='ocrx_word' id='word_1_248' title='bbox 926 3291 1021 3334; x_wconf 78' lang='lat' dir='ltr'>rustica.</span> <span class='ocrx_word' id='word_1_249' title='bbox 1058 3287 1114 3335; x_wconf 75' lang='lat' dir='ltr'>vid</span> <span class='ocrx_word' id='word_1_250' title='bbox 1133 3286 1208 3335; x_wconf 80' lang='lat' dir='ltr'>etiam</span> <span class='ocrx_word' id='word_1_251' title='bbox 1227 3287 1328 3336; x_wconf 77' lang='lat' dir='ltr'>Festum</span> <span class='ocrx_word' id='word_1_252' title='bbox 1347 3285 1375 3333; x_wconf 90' lang='lat' dir='ltr'>in</span> 
     </span>
     <span class='ocr_line' id='line_1_32' title="bbox 267 3349 981 3405; baseline 0.003 -7"><span class='ocrx_word' id='word_1_253' title='bbox 267 3349 382 3398; x_wconf 80' lang='lat' dir='ltr'>animam.</span> <span class='ocrx_word' id='word_1_254' title='bbox 415 3349 482 3405; x_wconf 82' lang='lat' dir='ltr'>Quid</span> <span class='ocrx_word' id='word_1_255' title='bbox 497 3349 600 3398; x_wconf 72' lang='lat' dir='ltr'>horres?</span> <span class='ocrx_word' id='word_1_256' title='bbox 628 3349 705 3404; x_wconf 85' lang='lat' dir='ltr'>Quies</span> <span class='ocrx_word' id='word_1_257' title='bbox 716 3349 765 3397; x_wconf 86' lang='lat' dir='ltr'>alta</span> <span class='ocrx_word' id='word_1_258' title='bbox 780 3359 805 3397; x_wconf 93' lang='lat' dir='ltr'>et</span> <span class='ocrx_word' id='word_1_259' title='bbox 837 3353 981 3400; x_wconf 79' lang='lat' dir='ltr'>Balatrooer.</span> 
     </span>
     <span class='ocr_line' id='line_1_33' title="bbox 267 3414 1372 3530; baseline 0 -68"><span class='ocrx_word' id='word_1_260' title='bbox 267 3429 340 3525; x_wconf 70' lang='lat' dir='ltr'>sopor</span> <span class='ocrx_word' id='word_1_261' title='bbox 356 3423 462 3527; x_wconf 48' lang='lat' dir='ltr'>aetezuus</span> <span class='ocrx_word' id='word_1_262' title='bbox 479 3424 503 3463; x_wconf 88' lang='lat' dir='ltr'>te</span> <span class='ocrx_word' id='word_1_263' title='bbox 520 3414 804 3529; x_wconf 54' lang='lat' dir='ltr'>¹⁰³¹t¹⁰⁰⁸⁵oeq¹¹ldss⁰ffi⁸</span> <span class='ocrx_word' id='word_1_264' title='bbox 836 3414 1221 3530; x_wconf 44' lang='lat' dir='ltr'>&amp;hildlrxiltetqaelslncrephim</span> <span class='ocrx_word' id='word_1_265' title='bbox 1235 3418 1372 3528; x_wconf 40' lang='lat' dir='ltr'>protr‘r’ts&#39;in-</span> 
     </span>
     <span class='ocr_line' id='line_1_34' title="bbox 265 3493 1377 3536; baseline 0.003 -10"><span class='ocrx_word' id='word_1_266' title='bbox 265 3493 402 3527; x_wconf 84' lang='lat' dir='ltr'>meruese</span> <span class='ocrx_word' id='word_1_267' title='bbox 466 3495 687 3528; x_wconf 84' lang='lat' dir='ltr'>nassmorm</span> <span class='ocrx_word' id='word_1_268' title='bbox 742 3497 802 3528; x_wconf 88' lang='lat' dir='ltr'>a·</span> <span class='ocrx_word' id='word_1_269' title='bbox 924 3501 934 3536; x_wconf 86' lang='grc'>,·</span> <span class='ocrx_word' id='word_1_270' title='bbox 1038 3497 1377 3530; x_wconf 76' lang='lat' dir='ltr'>,roucmeorume</span> 
     </span>
     <span class='ocr_line' id='line_1_35' title="bbox 266 3491 1373 3618; baseline 0.001 -25"><span class='ocrx_word' id='word_1_271' title='bbox 266 3542 303 3593; x_wconf 73' lang='lat' dir='ltr'>ltu</span> <span class='ocrx_word' id='word_1_272' title='bbox 314 3513 399 3598; x_wconf 66' lang='lat' dir='ltr'>timeir</span> <span class='ocrx_word' id='word_1_273' title='bbox 417 3495 551 3618; x_wconf 44' lang='lat' dir='ltr'>dodam&amp;</span> <span class='ocrx_word' id='word_1_274' title='bbox 556 3545 672 3607; x_wconf 73' lang='lat' dir='ltr'>figmenta</span> <span class='ocrx_word' id='word_1_275' title='bbox 683 3544 730 3594; x_wconf 89' lang='lat' dir='ltr'>ista</span> <span class='ocrx_word' id='word_1_276' title='bbox 741 3545 803 3594; x_wconf 87' lang='lat' dir='ltr'>nihil</span> <span class='ocrx_word' id='word_1_277' title='bbox 836 3498 931 3602; x_wconf 49' lang='lat' dir='ltr'>imllldt,</span> <span class='ocrx_word' id='word_1_278' title='bbox 943 3491 1178 3610; x_wconf 60' lang='lat' dir='ltr'>qattduldnpondeqam?</span> <span class='ocrx_word' id='word_1_279' title='bbox 1194 3545 1322 3604; x_wconf 83' lang='lat' dir='ltr'>Pacuvius,</span> <span class='ocrx_word' id='word_1_280' title='bbox 1335 3554 1373 3594; x_wconf 87' lang='lat' dir='ltr'>at-</span> 
     </span>
     <span class='ocr_line' id='line_1_36' title="bbox 267 3606 944 3672; baseline 0.007 -17"><span class='ocrx_word' id='word_1_281' title='bbox 267 3606 366 3669; x_wconf 79' lang='lat' dir='ltr'>quidem</span> <span class='ocrx_word' id='word_1_282' title='bbox 377 3623 429 3655; x_wconf 84' lang='lat' dir='ltr'>ven</span> <span class='ocrx_word' id='word_1_283' title='bbox 441 3608 467 3657; x_wconf 90' lang='lat' dir='ltr'>in</span> <span class='ocrx_word' id='word_1_284' title='bbox 478 3624 505 3658; x_wconf 82' lang='lat' dir='ltr'>ae</span> <span class='ocrx_word' id='word_1_285' title='bbox 516 3609 650 3667; x_wconf 86' lang='lat' dir='ltr'>continent,</span> <span class='ocrx_word' id='word_1_286' title='bbox 660 3612 744 3671; x_wconf 81' lang='lat' dir='ltr'>etjam</span> <span class='ocrx_word' id='word_1_287' title='bbox 754 3610 804 3659; x_wconf 87' lang='lat' dir='ltr'>vivi</span> <span class='ocrx_word' id='word_1_288' title='bbox 836 3626 883 3672; x_wconf 85' lang='lat' dir='ltr'>que</span> <span class='ocrx_word' id='word_1_289' title='bbox 895 3610 944 3660; x_wconf 85' lang='lat' dir='ltr'>alii.</span> 
     </span>
     <span class='ocr_line' id='line_1_37' title="bbox 264 3670 1373 3746; baseline 0.002 -24"><span class='ocrx_word' id='word_1_290' title='bbox 264 3670 394 3746; x_wconf 73' lang='lat' dir='ltr'>patiuntur</span> <span class='ocrx_word' id='word_1_291' title='bbox 415 3671 528 3724; x_wconf 81' lang='lat' dir='ltr'>homines</span> <span class='ocrx_word' id='word_1_292' title='bbox 548 3673 618 3731; x_wconf 78' lang='lat' dir='ltr'>mala,</span> <span class='ocrx_word' id='word_1_293' title='bbox 642 3689 695 3735; x_wconf 78' lang='lat' dir='ltr'>quoe</span> <span class='ocrx_word' id='word_1_294' title='bbox 722 3675 804 3725; x_wconf 83' lang='lat' dir='ltr'>lutura</span> <span class='ocrx_word' id='word_1_295' title='bbox 869 3675 924 3726; x_wconf 78' lang='lat'>979.</span> <span class='ocrx_word' id='word_1_296' title='bbox 941 3674 1373 3738; x_wconf 74' lang='lat' dir='ltr'>DectdttlQuidamagnoscunt‚de-</span> 
     </span>
     <span class='ocr_line' id='line_1_38' title="bbox 265 3741 1375 3804; baseline 0.002 -18"><span class='ocrx_word' id='word_1_297' title='bbox 265 3743 350 3798; x_wconf 81' lang='lat' dir='ltr'>mepte</span> <span class='ocrx_word' id='word_1_298' title='bbox 361 3745 481 3787; x_wconf 77' lang='lat' dir='ltr'>metuunt</span> <span class='ocrx_word' id='word_1_299' title='bbox 836 3743 908 3797; x_wconf 77' lang='lat' dir='ltr'>ditor,</span> <span class='ocrx_word' id='word_1_300' title='bbox 928 3749 993 3788; x_wconf 87' lang='lat' dir='ltr'>etv.</span> <span class='ocrx_word' id='word_1_301' title='bbox 1012 3741 1068 3788; x_wconf 79' lang='lat'><strong>982.</strong></span> <span class='ocrx_word' id='word_1_302' title='bbox 1104 3743 1177 3792; x_wconf 59' lang='lat' dir='ltr'>&amp;tom</span> <span class='ocrx_word' id='word_1_303' title='bbox 1196 3748 1221 3788; x_wconf 80' lang='lat' dir='ltr'>tu</span> <span class='ocrx_word' id='word_1_304' title='bbox 1240 3755 1285 3804; x_wconf 85' lang='lat' dir='ltr'>pro</span> <span class='ocrx_word' id='word_1_305' title='bbox 1305 3757 1375 3802; x_wconf 76' lang='lat' dir='ltr'>quam</span> 
     </span>
    </p>

    <p class='ocr_par' dir='ltr' id='par_1_11' title="bbox 299 3799 1377 3868">
     <span class='ocr_line' id='line_1_39' title="bbox 299 3799 1377 3868; baseline 0.003 -17"><span class='ocrx_word' id='word_1_306' title='bbox 299 3799 355 3851; x_wconf 75' lang='lat'><strong>967.</strong></span> <span class='ocrx_word' id='word_1_307' title='bbox 372 3799 504 3862; x_wconf 74' lang='lat' dir='ltr'>Barathro]</span> <span class='ocrx_word' id='word_1_308' title='bbox 517 3801 567 3855; x_wconf 84' lang='lat' dir='ltr'>Qui</span> <span class='ocrx_word' id='word_1_309' title='bbox 583 3800 804 3864; x_wconf 78' lang='lat' dir='ltr'>Barathrodignus</span> <span class='ocrx_word' id='word_1_310' title='bbox 836 3821 903 3861; x_wconf 82' lang='lat' dir='ltr'>auno,</span> <span class='ocrx_word' id='word_1_311' title='bbox 916 3803 1006 3866; x_wconf 80' lang='lat' dir='ltr'>legunt</span> <span class='ocrx_word' id='word_1_312' title='bbox 1040 3804 1161 3861; x_wconf 85' lang='lat' dir='ltr'>Gifanius,</span> <span class='ocrx_word' id='word_1_313' title='bbox 1174 3807 1308 3853; x_wconf 79' lang='lat' dir='ltr'>Necminus</span> <span class='ocrx_word' id='word_1_314' title='bbox 1319 3822 1377 3868; x_wconf 73' lang='lat' dir='ltr'>ergo</span> 
     </span>
    </p>

    <p class='ocr_par' dir='ltr' id='par_1_12' title="bbox 245 3862 1376 4386">
     <span class='ocr_line' id='line_1_40' title="bbox 245 3862 1373 3932; baseline 0.008 -23"><span class='ocrx_word' id='word_1_315' title='bbox 245 3872 316 3920; x_wconf 69' lang='grc' dir='ltr'>,αις</span> <span class='ocrx_word' id='word_1_316' title='bbox 335 3862 456 3912; x_wconf 73' lang='lat' dir='ltr'>videndus</span> <span class='ocrx_word' id='word_1_317' title='bbox 468 3874 506 3913; x_wconf 85' lang='lat' dir='ltr'>eat</span> <span class='ocrx_word' id='word_1_318' title='bbox 517 3865 689 3929; x_wconf 79' lang='lat' dir='ltr'>Aristophanis</span> <span class='ocrx_word' id='word_1_319' title='bbox 706 3867 801 3916; x_wconf 83' lang='lat' dir='ltr'>Scholi·</span> <span class='ocrx_word' id='word_1_320' title='bbox 834 3876 888 3917; x_wconf 80' lang='lat' dir='ltr'>ante</span> <span class='ocrx_word' id='word_1_321' title='bbox 913 3872 961 3917; x_wconf 76' lang='lat' dir='ltr'>ltaee</span> <span class='ocrx_word' id='word_1_322' title='bbox 981 3886 1050 3930; x_wconf 80' lang='lat' dir='ltr'>quom</span> <span class='ocrx_word' id='word_1_323' title='bbox 1072 3887 1123 3932; x_wconf 75' lang='lat' dir='ltr'>quc</span> <span class='ocrx_word' id='word_1_324' title='bbox 1150 3873 1251 3918; x_wconf 82' lang='lat' dir='ltr'>cecidere</span> <span class='ocrx_word' id='word_1_325' title='bbox 1277 3872 1373 3918; x_wconf 64' lang='lat' dir='ltr'>edant-</span> 
     </span>
     <span class='ocr_line' id='line_1_41' title="bbox 265 3927 884 3994; baseline 0.003 -16"><span class='ocrx_word' id='word_1_326' title='bbox 265 3938 329 3981; x_wconf 72' lang='lat' dir='ltr'>utet</span> <span class='ocrx_word' id='word_1_327' title='bbox 347 3928 373 3976; x_wconf 91' lang='lat' dir='ltr'>iu</span> <span class='ocrx_word' id='word_1_328' title='bbox 391 3927 486 3979; x_wconf 88' lang='lat' dir='ltr'>duobus</span> <span class='ocrx_word' id='word_1_329' title='bbox 504 3929 577 3984; x_wconf 70' lang='lat' dir='ltr'>locist</span> <span class='ocrx_word' id='word_1_330' title='bbox 603 3933 686 3979; x_wconf 80' lang='lat' dir='ltr'>Faber.</span> <span class='ocrx_word' id='word_1_331' title='bbox 729 3932 803 3994; x_wconf 86' lang='lat' dir='ltr'>Apud</span> <span class='ocrx_word' id='word_1_332' title='bbox 835 3949 884 3994; x_wconf 80' lang='lat' dir='ltr'>quc.</span> 
     </span>
     <span class='ocr_line' id='line_1_42' title="bbox 265 3990 1376 4061; baseline 0.006 -20"><span class='ocrx_word' id='word_1_333' title='bbox 265 3992 423 4047; x_wconf 78' lang='lat' dir='ltr'>Ammonium</span> <span class='ocrx_word' id='word_1_334' title='bbox 458 3990 654 4057; x_wconf 81' lang='lat' dir='ltr'>Moschopuluui,</span> <span class='ocrx_word' id='word_1_335' title='bbox 688 4004 713 4044; x_wconf 86' lang='lat' dir='ltr'>et</span> <span class='ocrx_word' id='word_1_336' title='bbox 742 3995 804 4047; x_wconf 80' lang='lat' dir='ltr'>alios</span> <span class='ocrx_word' id='word_1_337' title='bbox 867 3998 922 4045; x_wconf 67' lang='lat' dir='ltr'>tta</span> <span class='ocrx_word' id='word_1_338' title='bbox 944 4000 1041 4060; x_wconf 70' lang='lat' dir='ltr'>Vtroque</span> <span class='ocrx_word' id='word_1_339' title='bbox 1057 3997 1188 4060; x_wconf 70' lang='lat' dir='ltr'>nampio]</span> <span class='ocrx_word' id='word_1_340' title='bbox 1207 3999 1244 4047; x_wconf 82' lang='lat' dir='ltr'>Ea</span> <span class='ocrx_word' id='word_1_341' title='bbox 1260 4003 1376 4061; x_wconf 74' lang='lat' dir='ltr'>mancipio</span> 
     </span>
     <span class='ocr_line' id='line_1_43' title="bbox 265 4055 1375 4126; baseline 0.003 -17"><span class='ocrx_word' id='word_1_342' title='bbox 265 4057 436 4124; x_wconf 71' lang='lat' dir='ltr'>grammaticos</span> <span class='ocrx_word' id='word_1_343' title='bbox 448 4057 567 4116; x_wconf 81' lang='lat' dir='ltr'>invenies,</span> <span class='ocrx_word' id='word_1_344' title='bbox 581 4055 697 4120; x_wconf 70' lang='lat' dir='ltr'>deatpos</span> <span class='ocrx_word' id='word_1_345' title='bbox 711 4059 804 4121; x_wconf 66' lang='lat' dir='ltr'>emat</span> <span class='ocrx_word' id='word_1_346' title='bbox 835 4061 957 4125; x_wconf 78' lang='lat' dir='ltr'>accepisse</span> <span class='ocrx_word' id='word_1_347' title='bbox 964 4063 1075 4122; x_wconf 82' lang='lat' dir='ltr'>dicimur,</span> <span class='ocrx_word' id='word_1_348' title='bbox 1083 4079 1186 4126; x_wconf 89' lang='lat' dir='ltr'>quorum</span> <span class='ocrx_word' id='word_1_349' title='bbox 1192 4063 1328 4112; x_wconf 88' lang='lat' dir='ltr'>dominium</span> <span class='ocrx_word' id='word_1_350' title='bbox 1335 4074 1375 4113; x_wconf 83' lang='lat' dir='ltr'>est</span> 
     </span>
     <span class='ocr_line' id='line_1_44' title="bbox 264 4121 1374 4189; baseline 0.004 -16"><span class='ocrx_word' id='word_1_351' title='bbox 264 4143 289 4175; x_wconf 80' lang='grc' dir='ltr'>τι</span> <span class='ocrx_word' id='word_1_352' title='bbox 306 4122 363 4175; x_wconf 73' lang='lat' dir='ltr'>elsi</span> <span class='ocrx_word' id='word_1_353' title='bbox 378 4121 435 4172; x_wconf 72' lang='grc' dir='ltr'>τοὺς</span> <span class='ocrx_word' id='word_1_354' title='bbox 450 4121 596 4185; x_wconf 75' lang='grc' dir='ltr'><strong>κωωύργους</strong></span> <span class='ocrx_word' id='word_1_355' title='bbox 613 4122 737 4178; x_wconf 67' lang='grc' dir='ltr'>ἐνέβαλον·</span> <span class='ocrx_word' id='word_1_356' title='bbox 754 4123 801 4174; x_wconf 74' lang='grc' dir='ltr'>ἀπὸ</span> <span class='ocrx_word' id='word_1_357' title='bbox 833 4127 904 4175; x_wconf 87' lang='lat' dir='ltr'>nobis</span> <span class='ocrx_word' id='word_1_358' title='bbox 915 4127 1067 4189; x_wconf 84' lang='lat' dir='ltr'>acquisitum.</span> <span class='ocrx_word' id='word_1_359' title='bbox 1104 4131 1161 4180; x_wconf 73' lang='lat' dir='ltr'>Quis</span> <span class='ocrx_word' id='word_1_360' title='bbox 1173 4133 1216 4179; x_wconf 68' lang='lat' dir='ltr'>itta·</span> <span class='ocrx_word' id='word_1_361' title='bbox 1232 4133 1291 4178; x_wconf 75' lang='lat' dir='ltr'>lanc</span> <span class='ocrx_word' id='word_1_362' title='bbox 1307 4132 1374 4178; x_wconf 74' lang='lat' dir='ltr'>dedit</span> 
     </span>
     <span class='ocr_line' id='line_1_45' title="bbox 264 4185 1375 4255; baseline 0.002 -14"><span class='ocrx_word' id='word_1_363' title='bbox 264 4187 352 4240; x_wconf 64' lang='grc' dir='ltr'><strong><em>τούτου</em></strong></span> <span class='ocrx_word' id='word_1_364' title='bbox 369 4185 468 4248; x_wconf 65' lang='grc' dir='ltr'>λέγεται</span> <span class='ocrx_word' id='word_1_365' title='bbox 484 4187 524 4237; x_wconf 74' lang='grc' dir='ltr'>καὶ</span> <span class='ocrx_word' id='word_1_366' title='bbox 541 4188 659 4251; x_wconf 71' lang='grc' dir='ltr'>ἄνθρωπος</span> <span class='ocrx_word' id='word_1_367' title='bbox 676 4186 799 4252; x_wconf 75' lang='grc' dir='ltr'><strong><em>Βάραθρος,</em></strong></span> <span class='ocrx_word' id='word_1_368' title='bbox 833 4191 962 4255; x_wconf 83' lang='lat' dir='ltr'>mancipio,</span> <span class='ocrx_word' id='word_1_369' title='bbox 983 4201 1026 4240; x_wconf 79' lang='lat' dir='ltr'>aut</span> <span class='ocrx_word' id='word_1_370' title='bbox 1046 4196 1105 4241; x_wconf 80' lang='lat' dir='ltr'>unde</span> <span class='ocrx_word' id='word_1_371' title='bbox 1126 4198 1220 4244; x_wconf 76' lang='lat' dir='ltr'>emitti?</span> <span class='ocrx_word' id='word_1_372' title='bbox 1253 4193 1375 4243; x_wconf 76' lang='lat' dir='ltr'>Plautus:</span> 
     </span>
     <span class='ocr_line' id='line_1_46' title="bbox 265 4251 1375 4324; baseline 0.003 -19"><span class='ocrx_word' id='word_1_373' title='bbox 265 4251 392 4315; x_wconf 69' lang='grc' dir='ltr'>ὃόλέθρου</span> <span class='ocrx_word' id='word_1_374' title='bbox 408 4252 477 4315; x_wconf 67' lang='grc' dir='ltr'><strong><em>ἄξιος.</em></strong></span> <span class='ocrx_word' id='word_1_375' title='bbox 511 4253 563 4302; x_wconf 86' lang='lat' dir='ltr'>Alii</span> <span class='ocrx_word' id='word_1_376' title='bbox 580 4263 662 4302; x_wconf 89' lang='lat' dir='ltr'>tamen</span> <span class='ocrx_word' id='word_1_377' title='bbox 680 4256 758 4311; x_wconf 79' lang='lat' dir='ltr'>harde,</span> <span class='ocrx_word' id='word_1_378' title='bbox 775 4255 800 4302; x_wconf 92' lang='lat' dir='ltr'>id</span> <span class='ocrx_word' id='word_1_379' title='bbox 833 4265 859 4305; x_wconf 87' lang='lat' dir='ltr'>et</span> <span class='ocrx_word' id='word_1_380' title='bbox 869 4256 980 4320; x_wconf 80' lang='lat' dir='ltr'>apposite</span> <span class='ocrx_word' id='word_1_381' title='bbox 998 4257 1129 4316; x_wconf 84' lang='lat' dir='ltr'>Aruobius,</span> <span class='ocrx_word' id='word_1_382' title='bbox 1141 4260 1262 4324; x_wconf 74' lang='lat' dir='ltr'>usufructu</span> <span class='ocrx_word' id='word_1_383' title='bbox 1278 4261 1327 4308; x_wconf 79' lang='lat' dir='ltr'>illis</span> <span class='ocrx_word' id='word_1_384' title='bbox 1338 4268 1375 4309; x_wconf 73' lang='lat' dir='ltr'>ert</span> 
     </span>
     <span class='ocr_line' id='line_1_47' title="bbox 265 4317 1180 4386; baseline 0.007 -19"><span class='ocrx_word' id='word_1_385' title='bbox 265 4328 311 4378; x_wconf 82' lang='lat' dir='ltr'>est,</span> <span class='ocrx_word' id='word_1_386' title='bbox 321 4319 403 4378; x_wconf 86' lang='lat' dir='ltr'>stulte,</span> <span class='ocrx_word' id='word_1_387' title='bbox 420 4319 500 4375; x_wconf 66' lang='lat' dir='ltr'>fatuet</span> <span class='ocrx_word' id='word_1_388' title='bbox 520 4317 569 4377; x_wconf 84' lang='lat' dir='ltr'>alii,</span> <span class='ocrx_word' id='word_1_389' title='bbox 588 4321 657 4367; x_wconf 79' lang='lat' dir='ltr'>baro:</span> <span class='ocrx_word' id='word_1_390' title='bbox 676 4334 724 4381; x_wconf 81' lang='lat' dir='ltr'>qua</span> <span class='ocrx_word' id='word_1_391' title='bbox 741 4335 799 4368; x_wconf 87' lang='lat' dir='ltr'>voce</span> <span class='ocrx_word' id='word_1_392' title='bbox 834 4325 882 4370; x_wconf 80' lang='lat' dir='ltr'>vito</span> <span class='ocrx_word' id='word_1_393' title='bbox 892 4339 937 4369; x_wconf 81' lang='lat' dir='ltr'>non</span> <span class='ocrx_word' id='word_1_394' title='bbox 948 4323 1072 4386; x_wconf 83' lang='lat' dir='ltr'>mancipio</span> <span class='ocrx_word' id='word_1_395' title='bbox 1083 4327 1180 4373; x_wconf 81' lang='lat' dir='ltr'>tradita.</span> 
     </span>
    </p>
   </div>
   <div class='ocr_carea' id='block_1_4' title="bbox 0 0 1440 4852">
    <p class='ocr_par' dir='ltr' id='par_1_13' title="bbox 0 0 1440 4852">
     <span class='ocr_line' id='line_1_48' title="bbox 0 0 1440 4852; baseline 0 1"><span class='ocrx_word' id='word_1_396' title='bbox 0 0 1440 4852; x_wconf 95' lang='lat' dir='ltr'> </span> 
     </span>
    </p>
   </div>
  </div>
 </body>
</html>
