2872 4852
227 254 292 317 art
523 331 525 335 ,
606 253 651 317 T.
684 252 954 318 nuensrn
1015 339 1021 345 ἥ

315 409 360 472 Et
375 409 508 472 frutices
524 409 608 473 inter
623 411 808 474 condebant
825 409 972 494 squalida
987 410 1142 484 membra,

250 523 296 569 9⁵5
316 510 466 575 Verbera
480 521 647 574 ventorum
664 513 766 576 vitare
781 513 978 596 imbreisque
994 512 1108 575 coacti.

313 612 388 674 Nec
404 634 570 677 commune
586 615 708 678 bonum
723 624 875 698 poterant
893 623 1053 697 spectare,
1069 633 1130 676 nec
1145 609 1219 675 ullis

315 713 467 780 Moribus
482 716 566 778 inter
581 737 616 778 se
632 716 771 793 scibant,
787 739 847 780 nec
862 715 990 799 legibus
1007 716 1072 778 uti:

314 815 416 888 Quod
430 817 547 901 cuique
564 817 728 882 obtulerat
742 818 865 902 praedae
881 817 1022 893 fortuna,
1040 816 1178 892 ferebat,

248 980 252 981 γ
315 917 439 1001 Sponte
455 942 513 982 sua
530 921 591 983 sibi
605 920 744 1003 quisque
759 918 867 983 valere
883 929 917 982 et
932 920 1039 982 vivere
1055 918 1183 981 doctus

250 1032 297 1078 960
316 1019 363 1082 Et
378 1019 491 1084 Venus
507 1021 539 1082 in
556 1020 652 1105 sylvis
663 1021 826 1105 jungebat
841 1042 979 1104 corpora
994 1029 1169 1082 amantum.

316 1120 516 1184 Conciliabat
531 1122 615 1185 enim
631 1121 682 1185 vel
695 1133 808 1185 mutua
823 1144 986 1205 quamque
1000 1121 1132 1204 cupida,

313 1222 378 1286 Vel
393 1222 533 1287 violenta
547 1224 619 1289 Viri
634 1225 693 1300 vis,
710 1235 808 1307 atque
820 1224 967 1306 impensa
979 1221 1100 1286 libidot

315 1324 379 1387 Vel
394 1326 545 1408 pretium,
563 1323 722 1402 Glandes,
739 1336 837 1408 atque
855 1323 996 1400 Arbuta,
1013 1323 1064 1387 vel
1080 1323 1158 1387 Pira
1171 1320 1267 1386 lecta.

358 1426 406 1489 Et
421 1448 572 1490 manuum
586 1427 667 1489 mira
681 1425 756 1489 freti
769 1427 900 1501 virtute,
917 1426 1118 1509 pedumque,

251 1539 298 1586 965
318 1527 600 1593 Consectabantur
616 1526 785 1612 sylvestria
802 1525 896 1590 saecla
913 1527 1070 1591 Ferarum

316 1629 497 1693 Missilibus
514 1630 612 1706 saxiS,
628 1640 662 1693 et
675 1651 794 1712 magno
808 1630 955 1713 pondere
971 1627 1081 1705 clavae,

316 1729 489 1815 Multaque
504 1732 686 1807 vincebant,
702 1732 847 1795 vitabant
862 1754 967 1814 pauca
980 1729 1135 1795 latebris:

316 1831 538 1917 Setigerisque
553 1854 649 1916 pares
666 1833 787 1896 Suibus
804 1833 972 1917 sylvestria
987 1834 1131 1897 membra

317 1931 419 1998 Nuda
433 1935 555 1998 dabant
570 1945 665 1998 terrae
681 1945 840 1998 nocturno
856 1946 1003 2019 tempore
1018 1935 1116 2018 capti,

253 2044 301 2095 970
319 2035 448 2100 Circum
465 2058 500 2099 se
515 2035 600 2099 foliis
616 2058 653 2100 ac
669 2035 839 2100 frondibus
855 2036 1065 2100 involventes.

317 2138 391 2201 Nec
406 2137 563 2222 plangore
579 2138 664 2201 diem
678 2159 806 2221 magno,
824 2137 999 2222 Solemque
1013 2158 1073 2221 per
1089 2158 1185 2221 agros

317 2240 519 2313 Quaerebant
534 2241 654 2323 pavidi,
670 2238 817 2323 palantes
834 2240 937 2303 noctis
950 2239 986 2302 'in
1001 2238 1143 2302 umbris:

317 2341 385 2404 Sed
401 2342 490 2405 taciti
503 2343 745 2426 respectabant,
762 2362 939 2425 somnoque
954 2338 1085 2423 sepulti,

320 2442 410 2506 Dum
425 2466 519 2508 rosea
533 2443 603 2507 face
620 2442 678 2507 Sol
692 2442 827 2506 inferret
840 2441 960 2506 lumina
976 2440 1070 2505 coelo.

264 2634 319 2682 962.
348 2637 466 2701 Impense]
491 2640 638 2698 Vehemens,
665 2656 767 2703 magnas
802 2654 907 2688 manum.
918 2654 1003 2702 genus,
1022 2647 1047 2686 et
1063 2636 1094 2686 ad
1110 2635 1236 2685 interitum
1253 2635 1341 2684 redac-

231 2698 266 2746 sie
279 2702 402 2759 impensam
411 2709 517 2762 pretium,
530 2707 619 2753 Caesar.
802 2714 861 2761 tum,
874 2703 1011 2751 consideret
1028 2703 1091 2750 feras
1108 2711 1160 2749 tum
1177 2700 1287 2764 singulos
1304 2701 1341 2748 la-

265 2764 320 2810 964.
338 2767 371 2812 Et
382 2783 487 2815 manuam
499 2773 565 2826 mira,
578 2768 634 2830 eta]
648 2768 685 2816 Hi
699 2768 768 2819 deni·
802 2783 904 2825 cerasse,
912 2767 993 2815 noxiis
1001 2767 1084 2815 herbis
1090 2777 1133 2814 aut
1139 2765 1249 2813 alimenti
1256 2765 1343 2828 inopia

231 2842 278 2888 que
287 2828 381 2876 robusti
392 2830 546 2894 immitesque
556 2834 668 2881 homines
679 2848 724 2895 per
733 2842 769 2880 to-
802 2848 893 2896 paucos
912 2832 1029 2895 periisse5
1054 2841 1079 2879 at
1099 2840 1158 2893 quot
1178 2829 1255 2877 millia
1274 2829 1343 2892 rapit

232 2900 269 2938 tos
280 2891 333 2938 dies
344 2892 408 2940 feras
419 2895 491 2953 saxis,
504 2895 635 2959 stipitibus,
649 2906 673 2944 et
685 2896 710 2943 id
725 2912 767 2959 ge·
801 2912 850 2943 una
873 2897 944 2954 acies,
968 2905 1028 2958 quot
1049 2896 1161 2943 absorbet
1183 2909 1257 2951 mare,
1281 2901 1342 2956 quot

232 2970 279 3002 uus
299 2955 380 3015 armis,
398 2960 619 3020 persequebantur,
646 2969 671 3008 et
692 2961 768 3008 multa
800 2960 906 3022 denique
928 2961 1038 3009 luxuries
1061 2972 1153 3016 enecat,
1174 2967 1342 3007 et·venenata

231 3019 297 3066 caede
315 3019 416 3083 fatigati,
435 3022 475 3070 vel
491 3039 548 3072 cum
566 3040 616 3072 nox
633 3024 767 3082 advenerit,
800 3025 900 3087 pocula:
920 3041 941 3072 v.
956 3027 993 3073 29.
1292 3066 1306 3077 „

231 3099 258 3131 se
269 3084 395 3133 frondibus
406 3087 518 3150 foliisque
529 3087 682 3136 involventes
699 3088 768 3136 humi
834 3088 889 3139 967.
917 3091 1028 3136 Vitabant
1045 3106 1122 3149 panca
1141 3084 1250 3149 latebris]
1272 3086 1341 3133 Raro

231 3147 384 3198 dormiebant
395 3152 592 3211 securi;;securi,
605 3153 711 3216 inquam,
724 3169 767 3201 ne·
801 3153 933 3216 fugiebant,
946 3162 971 3201 et
982 3153 1129 3201 latebrarum
1141 3149 1255 3216 prasidio
1272 3150 1339 3213 peri-

231 3228 278 3275 que
296 3214 362 3262 enim
381 3215 516 3264 timuerunt
535 3216 574 3279 (ea
594 3228 646 3266 erat
664 3219 768 3266 absurda
801 3219 883 3266 culum
899 3218 1015 3266 vitabant
1049 3219 1180 3265 Lambinus.
1216 3215 1279 3262 Utra
1299 3215 1339 3263 in·

232 3278 368 3328 Stoicorum
381 3281 471 3344 opinio,
485 3285 546 3330 Nam
558 3286 623 3330 radis
639 3291 692 3330 ante
709 3286 767 3339 illos,
801 3282 944 3345 terpretatio
955 3281 1042 3330 melior
1053 3283 1092 3336 sir,
1106 3282 1182 3329 lector
1190 3279 1291 3342 judicet.

231 3347 442 3404 nullodt'rcrimine,
455 3351 503 3395 vita
516 3350 544 3396 In
555 3352 651 3410 speciem
662 3365 768 3397 conversa
833 3349 887 3396 968.
895 3345 1033 3410 Splaeatria]
1040 3349 1207 3409 Splvestribasr
1217 3343 1339 3392 Gifauius.

231 3425 322 3468 operam
344 3415 432 3458 ratione
455 3416 556 3469 carebat,
579 3416 613 3461 Et
640 3413 769 3475 stupefacta
834 3410 889 3461 973.
914 3414 960 3459 Sed
979 3415 1047 3458 taciti
1067 3407 1239 3471 respectabant]
1261 3407 1340 3456 Primi

231 3489 286 3520 navo
297 3477 411 3534 pendebat
429 3479 511 3524 lamine
528 3480 619 3534 Mundi,
635 3480 692 3524 Tam
708 3481 769 3525 aetat
801 3476 839 3524 illi
854 3476 973 3532 homines,
990 3491 1050 3537 quos
1069 3473 1195 3530 Horatius,
1212 3480 1300 3520 matam
1318 3481 1342 3521 et

231 3541 322 3585 amissis
333 3556 435 3598 maerens,
449 3550 495 3588 tam
508 3544 562 3589 laeta
575 3546 662 3590 renatis
679 3545 768 3590 Sideri·
802 3549 868 3601 turpe
884 3558 953 3601 pecus
974 3539 1076 3603 (quippe
1096 3537 1199 3603 Epicuri
1219 3537 1341 3586 rationem

233 3603 280 3657 bas,
295 3603 420 3661 Manilius,
433 3605 473 3652 lib.
489 3606 508 3653 1.
522 3621 543 3653 v.
554 3605 606 3666 66.)
619 3621 651 3653 ne
667 3605 767 3653 adveni·
801 3606 954 3667 sequebatur,
973 3604 1031 3652 dum
1051 3603 1076 3651 id
1094 3600 1235 3664 scribebat),
1253 3617 1340 3664 genus,

232 3675 289 3712 ente
307 3677 378 3714 nocte
397 3669 449 3715 dies
467 3669 582 3733 deinceps
602 3684 651 3716 non
670 3670 768 3723 rediret,
804 3669 920 3726 Hercule,
944 3668 1145 3716 mirificissimum
1167 3676 1227 3724 erat,
1248 3667 1341 3730 quippe

232 3730 263 3776 ob
271 3731 323 3789 Jam
334 3742 487 3793 perspectam
497 3749 511 3780 a
522 3734 602 3796 prima
614 3733 707 3795 origine
719 3733 769 3780 diei
801 3733 843 3794 qui
860 3732 886 3780 in
903 3748 1015 3795 soporem
1032 3733 1091 3790 dati,
1109 3732 1180 3780 aliter
1196 3732 1269 3794 longe
1288 3731 1341 3780 suis

232 3809 260 3842 ac
279 3793 357 3841 noctis
373 3795 573 3853 vicissitudinem,
591 3814 613 3845 v.
634 3797 671 3843 16.
707 3798 769 3844 Haec
801 3796 878 3845 oculis
889 3798 1028 3853 utebantur,
1040 3813 1068 3845 ac
1082 3812 1126 3844 nos
1143 3795 1215 3844 hodie
1232 3795 1339 3843 utimur:

232 3866 313 3906 autem
330 3858 380 3905 vita
398 3868 450 3906 erat
468 3861 592 3908 nonnullis
609 3860 769 3909 incommodis
802 3861 919 3909 noseuim
929 3861 971 3909 ubi
981 3862 1056 3910 semel
1065 3861 1183 3925 ecepimus
1193 3859 1340 3916 obdormire,

232 3921 350 3976 ohnoxia;
375 3923 524 3970 dormientes
540 3924 597 3971 ferar
613 3924 768 3983 invadebant,
802 3925 838 3972 nil
854 3925 930 3973 oculis
947 3936 1036 3989 praeter
1046 3941 1159 3974 somnum
1177 3935 1202 3972 et
1217 3924 1341 3973 insomnia

232 3997 258 4035 et
271 3987 329 4034 inde
345 4003 411 4034 mors
427 3987 483 4044 cita,
495 3987 535 4035 vel
550 3989 623 4050 longa
639 3989 768 4053 gravisque
801 3989 919 4038 videmus.
959 3990 998 4037 llli
1021 4007 1107 4039 somno
1129 3989 1224 4053 gravati
1247 3999 1272 4037 et
1295 4005 1340 4053 op-

233 4052 353 4113 (nondum
363 4051 427 4099 vires
436 4052 566 4100 herbarum
577 4052 710 4116 noverunt)
721 4070 767 4117 pu·
801 4054 879 4119 pressi
890 4064 1009 4118 perpetuo
1018 4058 1185 4116 respectabant,
1195 4053 1287 4101 reflexo
1299 4069 1340 4101 ca·

232 4115 364 4165 trescentis
375 4116 476 4163 vulnera
486 4126 589 4178 sequuta
601 4127 644 4163 est.
675 4118 768 4167 Multos
801 4119 852 4182 pite
863 4120 906 4167 via
916 4120 992 4167 solem
1004 4119 1130 4167 orientem.
1160 4118 1244 4166 Scribe
1256 4117 1340 4181 igitur,

233 4183 309 4230 fames
331 4180 438 4238 abstulit,
466 4180 549 4244 plures
573 4179 652 4228 noxie
680 4181 768 4240 herbe,
803 4186 849 4231 Sed
865 4188 931 4232 taciti
943 4185 1112 4246 expectabant.
1148 4186 1230 4232 Faber.
1244 4183 1342 4231 Arnon

232 4260 292 4309 quas
304 4245 375 4294 inscii
385 4246 502 4308 legerant
536 4247 576 4294 Ne
588 4260 646 4294 vero
658 4245 711 4307 quis
723 4264 768 4310 pu·
802 4247 879 4310 magis
895 4255 1023 4309 expectant,
1043 4264 1114 4310 quam
1134 4255 1265 4309 respectant
1282 4247 1341 4296 dor·

234 4322 269 4360 tet
281 4321 317 4360 tot
328 4309 398 4359 malis
409 4312 523 4359 obrutum
535 4310 609 4358 fuisse
628 4317 704 4357 toturn
722 4312 767 4359 hu·
802 4312 919 4360 inientes:
938 4311 1036 4360 mallem
1048 4312 1123 4375 igitur
1134 4314 1307 4373 resupinatam.
