2872 4852
430 218 598 284 LIBER
627 217 889 292 QUINTUS.

241 376 288 442 At
303 376 429 456 novitas
445 375 565 439 Mundi
579 398 639 439 uec
653 375 775 459 frigora
790 375 874 438 dura
888 375 1006 452 ciebat,

197 477 271 542 Nec
286 478 400 542 nimios
415 489 526 556 aestus,
543 501 603 543 nec
618 480 743 563 magnis
758 479 881 542 viribus
898 500 1012 542 auras:

198 579 318 643 Omnia
331 581 415 644 enim
430 582 552 664 pariter
567 591 728 656 crescunt,
746 590 779 643 et
793 581 912 642 robora
928 589 1068 644 sumunt.

198 681 311 754 Quare
326 683 424 746 etiam
438 693 537 766 atque
553 684 650 746 etiam
663 692 844 746 maternum
859 703 975 745 nomen
991 681 1111 765 adepta

138 797 185 842 820
200 782 307 846 Terra
321 794 411 848 tenet
425 785 550 860 merito,
568 785 719 866 quoniam
734 804 837 866 genus
853 782 924 865 ipsa
939 784 1061 846 creavit

196 884 395 961 Humanum,
412 896 510 970 atque
527 884 659 949 Animal
672 907 776 969 prope
792 896 882 948 certo
897 895 1043 968 tempore
1058 883 1144 947 fudit

198 987 316 1064 Omne,
334 988 423 1070 quod
438 989 471 1050 in
486 989 610 1071 magnis
623 986 803 1050 bacchatur
817 987 971 1049 montibu'
987 986 1118 1068 passim,

197 1087 381 1173 Aeriasque
399 1088 492 1152 simul
508 1088 680 1152 Volucreis
696 1087 886 1151 variantibu’
902 1087 1023 1150 formis.

241 1190 309 1254 Sed
325 1192 400 1274 quia
414 1190 513 1254 finem
528 1188 667 1274 aliquam
680 1189 830 1273 pariendi
845 1189 944 1252 debet
958 1188 1093 1264 habere,

134 1306 180 1350 825
198 1293 346 1369 Destitit,
363 1305 400 1355 ut
416 1291 537 1356 Mulier
555 1294 659 1375 spatio
675 1290 806 1355 defessa
820 1302 959 1367 vetusto,

199 1394 311 1457 Mutat
326 1394 410 1457 enim
425 1394 537 1457 mundi
552 1405 701 1456 naturam
716 1393 815 1456 totius
831 1405 922 1470 aetas,
1005 1431 1008 1436 ι

199 1495 254 1558 Ex
270 1495 397 1580 alioque
412 1495 493 1559 alius
511 1506 615 1560 status
631 1498 782 1580 excipere
798 1497 903 1559 omnia
919 1496 1031 1570 debet,

198 1599 273 1663 Nec
288 1610 395 1663 manet
410 1598 475 1663 ulla
491 1601 541 1663 sui
557 1598 666 1663 similis
681 1622 750 1663 res:
775 1599 881 1662 omnia
895 1598 1047 1682 migrant,

199 1702 318 1764 Omnia
333 1712 507 1765 commutat
521 1701 663 1777 Natura,
679 1712 713 1765 et
727 1712 854 1764 vertere
870 1701 967 1783 cogit.

133 1817 180 1861 830
196 1802 347 1886 Namque
363 1802 451 1867 aliud
466 1803 637 1887 putrescit,
654 1813 687 1866 et
701 1825 770 1865 aevo
786 1801 893 1865 debile
909 1801 1063 1885 languet:

197 1904 302 1967 Porro
317 1902 405 1968 aliud
425 1905 615 1980 concrescit,
632 1915 666 1968 et
680 1926 699 1967 e
715 1904 931 1968 contemtibus
947 1904 1025 1968 exit.

197 2005 251 2069 Sic
266 2007 365 2090 igitur
382 2006 502 2071 Mundi
515 2017 663 2070 naturam
679 2007 779 2070 totius
794 2016 874 2069 aetas

197 2107 310 2171 Mutat
324 2120 357 2171 et
372 2131 414 2171 ex
429 2106 492 2171 alio
507 2108 647 2171 Terram
664 2118 767 2170 status
784 2107 902 2189 accipit
917 2105 1011 2184 alter,

198 2209 298 2281 Quod
314 2210 432 2292 potuit,
448 2219 608 2292 nequeat:
633 2209 749 2291 possit,
766 2208 854 2290 quod
870 2230 934 2269 non
950 2206 1024 2271 tulit
1038 2218 1125 2270 ante.

137 2324 183 2370 83⁵
243 2308 417 2392 Multaque
434 2322 503 2372 tum
517 2308 632 2372 Tellus
648 2310 745 2370 etiam
761 2319 913 2392 portenta
926 2330 1037 2371 creare

200 2412 326 2476 Conata
341 2412 392 2488 ’st,
408 2412 488 2474 mira
503 2410 597 2486 facie,
613 2411 830 2492 membrisque
847 2419 976 2487 coorta,
1039 2409 1224 2494 [remotum)

203 2513 454 2597 (Androgynum
475 2513 559 2576 iuter
582 2523 702 2587 utrum,
728 2533 787 2575 nec
813 2524 987 2597 utrumque
1014 2524 1048 2576 et
1071 2514 1224 2597 utrinque

201 2618 295 2682 Orba
310 2616 432 2700 pedum
448 2616 576 2701 partim,
593 2636 745 2678 manuum
761 2614 894 2678 viduata
909 2615 1059 2692 vicissim,

149 2867 203 2915 816.
213 2870 245 2915 At
256 2872 344 2917 nocitor
352 2873 443 2927 Mundi,
456 2870 512 2933 etc]
524 2869 652 2925 Quomodo
685 2868 743 2916 dum
753 2869 825 2918 estin
834 2870 955 2934 principio
965 2868 1104 2918 mundialia
1113 2869 1224 2931 quaedam

114 2940 196 2979 autem
206 2931 256 2980 vim
267 2932 364 2996 frigoris
375 2945 417 2982 aut
428 2935 515 2984 caloris
527 2936 597 2993 ferre,
610 2945 652 2983 aut
684 2934 872 2983 innumerabilia
883 2935 999 2983 animalia
1015 2933 1125 2982 miranda
1142 2933 1224 2997 specie

114 2994 196 3043 vivere
208 3006 347 3059 potuerunt,
355 3010 397 3048 aut
406 3000 506 3048 omnino
512 3001 588 3058 nasci,
596 3016 652 3048 cum
686 3009 711 3046 et
722 2999 890 3062 magnitudine
902 3000 976 3048 fuisse
988 3010 1052 3057 nata,
1066 3000 1108 3047 sed
1121 3014 1150 3045 ea
1166 3014 1222 3061 per-

114 3060 151 3107 sol
170 3072 290 3119 exureret,
312 3063 389 3126 frigus
407 3065 570 3128 astringeret?
595 3065 652 3127 quia
684 3079 783 3112 manere
800 3081 849 3112 uon
867 3064 982 3128 potuisse,
1001 3064 1065 3126 quod
1081 3063 1224 3125 imperfecta

114 3124 140 3172 in
157 3125 278 3190 principio
295 3129 380 3176 mundi
397 3144 446 3176 non
463 3139 515 3177 erat
531 3130 616 3193 hyems
628 3138 652 3177 et
685 3138 761 3186 erant,
772 3138 796 3176 et
803 3131 867 3191 quod
878 3129 921 3176 illa
932 3128 1044 3177 sumendi
1054 3127 1102 3176 cibi
1114 3126 1222 3184 facultas,

114 3200 192 3247 aestas,
214 3191 257 3238 sed
275 3202 397 3256 perpetua
412 3194 550 3257 temperies,
568 3204 593 3241 et
609 3210 652 3241 ver
685 3203 727 3240 aut
738 3193 848 3250 coeundi,
860 3193 1041 3256 generandique
1053 3192 1115 3239 ratio
1127 3191 1224 3248 defecit,

114 3254 239 3315 aequabile,
257 3272 279 3304 v.
298 3260 320 3303 3.
355 3258 395 3305 Ab
412 3259 478 3305 omni
495 3258 570 3320 igitur
586 3268 652 3305 retro
685 3273 707 3304 v.
725 3259 763 3304 20.
798 3258 863 3304 Nam
875 3273 1026 3319 quaecuuque
1042 3256 1153 3304 videmus
1170 3255 1222 3302 ani-

114 3328 186 3366 aetate
200 3319 284 3368 Tellus
302 3322 384 3369 Mater
397 3324 453 3383 jure
465 3323 529 3369 dicta
539 3332 584 3379 est,
596 3338 651 3369 cum
685 3320 784 3368 mulium
802 3337 899 3384 genera,
912 3332 954 3369 aut
970 3321 1021 3368 suis
1038 3319 1169 3367 virtutibus
1181 3329 1224 3367 aut

114 3383 232 3442 volucres,
241 3385 312 3443 feras,
322 3386 402 3449 ipsum
411 3386 516 3448 denique
527 3386 653 3434 hominem
686 3384 811 3432 hominum
837 3401 894 3432 cura
916 3394 1107 3439 conservantur;
1140 3384 1226 3432 leones

113 3448 237 3512 produxit
686 3449 821 3498 defendunt
841 3451 914 3507 vires,
934 3449 1003 3496 dolus
1024 3449 1118 3512 vulpes,
1139 3464 1224 3497 cervos

147 3514 202 3560 818.
228 3517 310 3562 Omnia
331 3518 390 3562 enim
409 3519 509 3576 pariter,
531 3513 588 3578 eta]
615 3516 653 3563 Ita
686 3513 750 3576 fuga,
768 3524 813 3561 etc.
847 3516 909 3569 Quae
926 3514 1016 3562 nostris
1032 3513 1165 3562 commodis
1184 3514 1223 3561 iu-

114 3593 210 3640 quoque
221 3589 292 3626 astar
305 3589 329 3627 et
340 3579 432 3642 hyems,
445 3580 492 3627 ista
504 3580 569 3627 enim
581 3580 653 3642 hujus
686 3579 802 3633 serviunt,
820 3595 899 3636 canes,
918 3581 999 3637 boves,
1017 3593 1098 3640 equos,
1115 3588 1160 3627 etc.
1178 3594 1224 3626 uos

114 3658 199 3691 versus
211 3643 339 3691 sententia.
686 3642 733 3705 ipsi
753 3643 907 3691 defendimus
927 3653 951 3691 et
970 3652 1080 3698 tuemur;
1104 3643 1147 3691 sed
1165 3642 1224 3706 quid

148 3709 202 3754 824.
216 3711 262 3755 Sed
272 3712 402 3769 quiafinem
413 3713 520 3770 aliquam,
533 3708 589 3770 etc]
603 3710 654 3756 Cur
686 3707 835 3770 imperfecta,
860 3719 884 3755 et
904 3724 958 3770 quae
981 3708 1043 3756 nulli
1065 3708 1121 3756 usui
1143 3709 1224 3757 forent

114 3787 173 3820 vero
190 3772 252 3820 nihil
267 3773 355 3821 horum
367 3774 421 3821 fieri
438 3775 570 3821 etiamnum
584 3774 651 3822 vide·
685 3773 823 3820 aleremusl

114 3839 184 3884 mus?
198 3837 327 3895 Quoniam,
337 3854 359 3885 v.
369 3841 405 3885 11.
418 3839 534 3902 temporis
545 3838 653 3886 conditio
719 3839 773 3889 837.
788 3840 960 3900 Androgynen,
970 3837 1026 3899 etc]
1036 3837 1103 3892 Quid
1114 3838 1145 3885 de
1157 3837 1224 3885 varia

115 3910 230 3959 mutatur,
252 3911 317 3950 terra
334 3902 407 3950 desiit
425 3919 526 3966 parere;
554 3914 579 3950 et
595 3903 653 3965 quid
686 3903 763 3965 spurii
776 3918 860 3950 versus
874 3903 978 3950 lectione
995 3903 1155 3965 inquiramus,
1168 3916 1224 3948 cum

115 3965 204 4013 mirum
217 3967 236 4014 si
250 3968 355 4015 mundus
368 3971 419 4029 jam
434 3985 517 4024 senex,
530 3968 602 4015 modo
613 3983 652 4015 ca·
688 3976 753 4015 totus
775 3967 852 4015 deleri
875 3969 980 4015 debeat?
1011 3967 1119 4015 Monebo
1142 3976 1225 4013 tamen

114 4030 174 4088 lore,
186 4032 259 4079 modo
271 4032 360 4094 frigore
373 4033 456 4090 nimio,
469 4043 494 4081 et
506 4032 560 4080 aliis
576 4032 655 4095 longae
689 4032 821 4080 Heinsium
834 4031 865 4080 ad
883 4032 1011 4080 Claudiani
1030 4031 1171 4079 Phoenicem
1189 4029 1223 4076 le·

115 4095 194 4142 aetatis
206 4096 367 4144 incommodis
377 4108 486 4154 vexatus,
498 4097 588 4145 sterilis
601 4106 653 4144 tan-
688 4112 753 4159 gere,
775 4100 931 4160 Androgynen
954 4101 1015 4144 inter
1041 4104 1130 4151 neutra,
1157 4102 1225 4154 utque

115 4160 171 4207 dem
184 4161 227 4207 fiat
239 4170 264 4208 et
275 4161 388 4209 effoetusf
688 4165 718 4208 ab
738 4170 832 4223 utroque
849 4170 964 4210 remotum.
998 4160 1144 4219 Quicunque
1160 4158 1226 4204 hunc

150 4227 204 4271 835.
217 4228 337 4287 Multaque
350 4234 397 4274 tum
417 4228 500 4282 Tellus,
512 4225 569 4288 eta]
587 4228 653 4281 Quo·
689 4242 786 4274 versum
803 4226 914 4283 inseruit,
933 4226 1099 4285 Androgyuou
1116 4220 1228 4269 Platonis

116 4288 182 4336 niam
191 4289 291 4337 fortuito
299 4303 355 4338 nata
363 4291 653 4355 erantanimalia,putan-
690 4291 727 4351 (in
740 4290 880 4353 Symposio)
893 4290 990 4338 videtur
1000 4287 1145 4350 respexisse.
