2872 4852
449 227 620 293 LIBER
655 228 933 301 QUARTUS.
1182 232 1246 295 235

220 379 333 466 Atque
348 393 501 446 exossato
516 383 580 447 ciet
595 385 681 447 omni
697 395 829 468 pectore
845 384 983 475 fluctus:

219 482 307 549 Eicit
321 485 406 548 enim
421 483 510 549 Sulci
525 496 614 549 recta
629 486 773 570 regione,
790 487 905 570 viaque

217 583 402 662 Vomerem‚
419 596 516 669 atque
531 585 610 650 locis
626 589 742 651 avertit
759 587 896 652 Seminis
911 589 1021 653 ictum.

216 684 322 771 quue
338 709 397 750 sua
411 709 510 752 causa
526 701 725 753 consuerunt
740 691 857 754 Scorta
871 691 1004 765 moveri,

142 795 205 847 1270
217 785 272 850 Nc
289 788 529 872 complerentur
542 793 668 868 crebro,
684 792 892 876 gravidaeque
905 793 1066 875 jacerent,

216 889 263 953 Et
278 890 371 954 simul
385 893 457 975 ipsa
471 893 547 956 viris
563 892 678 957 Venus
696 904 732 957 ut
747 878 934 958 concinnior
948 904 1035 957 esset
1047 897 1054 955 ι’

215 991 418 1076 Conjugibus
434 994 523 1078 quod
539 994 584 1057 nil
598 995 718 1059 nostris
734 1017 817 1078 opus
831 1016 905 1058 esse
921 994 1060 1058 videtur.

257 1092 332 1158 Nec
348 1094 500 1158 divinitus
518 1105 569 1158 est
583 1095 758 1171 interdum,
775 1094 981 1178 Venerisque
999 1094 1124 1178 sagittis

215 1193 391 1258 Deteriore
404 1194 443 1258 fit
458 1205 495 1258 ut
510 1195 613 1260 forma
628 1193 824 1260 Muliercula
839 1206 984 1259 ametur:

143 1306 204 1358 1275
216 1295 305 1359 Nam
320 1295 398 1360 facit
412 1297 484 1380 ipsa
499 1297 566 1360 suis
581 1297 745 1361 interdum
760 1297 907 1361 Foemina
922 1296 1028 1373 factis,

216 1396 458 1481 Morigerisque
472 1398 588 1476 modis,
605 1408 639 1462 et
649 1399 771 1462 mundo
787 1397 925 1482 corpori’
941 1396 1042 1474 cultu,

216 1497 265 1561 Ut
280 1498 372 1564 facile
387 1500 552 1565 insuescat
568 1523 677 1566 secum
692 1500 754 1565 Vir
770 1501 891 1584 degere
905 1501 1013 1563 vitam.

257 1600 359 1673 Quod
375 1611 538 1684 superest,
555 1602 768 1666 Consuetudo
784 1602 956 1666 concinnat
968 1621 1128 1677 amorem3

212 1699 300 1764 Nam
315 1701 428 1765 leviter
442 1703 600 1786 quamvis,
617 1703 706 1787 quod
722 1704 838 1767 crebro
855 1702 1004 1765 tunditur
1018 1702 1086 1766 ictu

139 1813 202 1860 1280
214 1801 366 1866 Vincitur
380 1805 413 1866 in
427 1802 526 1888 longo
543 1806 651 1889 spatio
666 1816 786 1881 tamen,
802 1815 901 1888 atque
916 1803 1071 1867 labascit:

213 1903 335 1968 Nonne
351 1904 454 1981 videS,
469 1906 567 1969 etiam
581 1915 692 1990 guttas
707 1906 740 1968 in
756 1928 835 1969 saxa
849 1904 1016 1970 cadenteis

212 2004 369 2069 Humoris
384 2004 483 2090 longo
497 2008 530 2071 in
547 2008 652 2091 spatio
668 2006 867 2093 pertundere
884 2009 986 2071 saxa?

159 2211 229 2259 1268.
248 2214 345 2260 Seminis
356 2211 439 2274 ictam]
452 2215 544 2261 Semini'
555 2214 664 2277 jactum
699 2213 754 2272 eris,
778 2229 835 2261 nam
864 2213 907 2262 Dii
929 2214 956 2262 id
978 2229 1028 2261 non
1052 2213 1131 2276 magis
1151 2222 1239 2263 curant

128 2276 220 2324 Faber:
243 2275 270 2324 id
286 2276 352 2325 enirn
372 2277 558 2326 convenientius
576 2277 666 2326 dicitur
699 2293 771 2340 quam
779 2277 974 2340 manessepulti;
987 2277 1013 2324 in
1026 2278 1142 2340 obsequio
1154 2286 1236 2325 autem

126 2355 190 2398 cum,
202 2343 231 2388 In
242 2357 268 2388 eo
283 2348 319 2389 est
333 2341 415 2398 Venus,
432 2348 459 2388 at
475 2345 596 2390 muliebria
612 2359 664 2389 con-
699 2351 736 2389 est
745 2350 865 2398 venustas,
874 2351 920 2389 eta
929 2341 1050 2389 munditie
1060 2357 1125 2405 saepe
1135 2341 1239 2390 veniunt

126 2413 263 2453 saroterra.
698 2406 808 2468 sagittar
837 2405 922 2454 saltem
945 2406 1095 2454 consuetudo
1122 2406 1238 2454 conciliat

160 2469 231 2518 1269.
254 2471 327 2530 quue
350 2486 393 2518 rua
413 2468 495 2532 causa]
519 2472 600 2532 Sisque
623 2487 666 2518 rua
698 2486 813 2519 amorem.
848 2471 881 2518 Et
903 2470 955 2518 haec
976 2470 1075 2532 quidem
1096 2470 1126 2518 de
1146 2470 1238 2518 Amore

126 2549 204 2590 eausa,
222 2533 261 2581 vel
277 2541 364 2595 atqaer
390 2533 531 2583 Lambinus.
568 2537 665 2596 Hacque
699 2534 834 2592 Lucretius,
842 2534 868 2582 in
876 2534 964 2596 quibus
974 2533 1125 2597 explicandis
1135 2533 1155 2582 si
1164 2533 1238 2609 paulo

126 2601 178 2658 ipra
189 2613 278 2652 erasm
296 2597 382 2645 Faber.
697 2599 795 2648 brevior
807 2599 849 2656 fui,
867 2599 976 2662 prudens
990 2599 1117 2660 sciensque
1128 2598 1183 2655 secr,
1195 2599 1237 2660 qui

161 2661 230 2712 1273.
241 2664 293 2710 Nec
300 2664 412 2710 divinitas
419 2661 546 2724 interdum]
558 2663 665 2711 Demum
697 2663 806 2711 viderem
817 2664 853 2711 ita
864 2671 1031 2727 comparatum
1043 2679 1096 2711 erse
1109 2672 1187 2711 totum
1203 2662 1234 2710 il-

125 2740 181 2773 eum
201 2741 270 2774 amor
287 2741 302 2774 a
321 2725 475 2775 simulachris
493 2727 619 2785 excitetur,
640 2735 665 2775 et
696 2728 740 2776 lud
751 2729 883 2791 negotium,
891 2737 919 2776 ut
928 2728 959 2776 ad
970 2727 1037 2776 illius
1046 2725 1235 2790 intelligentiam

126 2789 661 2855 simulachraefornrosiscorporibusproflu-
696 2807 767 2840 nemo
789 2793 924 2857 interprete
944 2807 1005 2854 opus
1027 2793 1122 2840 habeat
1150 2795 1234 2840 Faber.

125 2854 192 2901 entia
203 2869 259 2901 eum
271 2854 425 2919 potisimum
435 2855 579 2912 concilieut;
597 2857 662 2905 unde
697 2856 761 2905 Illud
791 2857 892 2921 Epicuri
915 2856 1043 2918 adjiciam
1075 2855 1091 2913 ἦ
1119 2853 1234 2904 συνουσία

124 2917 245 2966 deformes
254 2935 319 2982 saepe
328 2919 379 2968 sint
389 2919 415 2966 in
424 2921 516 2968 honore
526 2928 552 2968 et
560 2920 662 2978 deliciis,
694 2923 772 2980 ὤνησε
787 2919 832 2981 μὲν
843 2919 963 2980 οὐδέποτε,
977 2919 1103 2982 ἀγαπητὸν
1114 2922 1144 2979 δ’,
1157 2919 1178 2969 el
1194 2920 1234 2968 rol

124 2998 147 3031 v.
162 2984 209 3030 102
234 2983 300 3032 Cave
312 2999 343 3031 ne
355 2983 472 3033 divinitus
483 2986 529 3033 hoc
541 2985 594 3033 fieri
606 2985 661 3033 dix·
693 2985 727 3046 μὴ
739 2984 839 3048 ἔβλαψε.

157 3242 190 3290 Iu
211 3244 258 3291 hoc
277 3243 339 3292 libro
356 3245 486 3293 admodum
505 3261 583 3308 pauca
602 3255 661 3294 sunt
693 3244 754 3293 ticos
762 3261 798 3302 eo,
807 3261 856 3307 quo
867 3244 959 3303 debuit,
972 3245 1043 3302 fastu,
1056 3253 1081 3292 et
1088 3243 1230 3292 severitate:

122 3322 177 3368 quae
190 3309 309 3372 approbet
324 3309 497 3373 philosophusr
516 3308 582 3357 nulla
594 3309 660 3358 enim
693 3310 831 3372 spernenda
842 3309 908 3357 enim
919 3308 1028 3372 profecto
1040 3316 1064 3355 et
1075 3307 1232 3371 reprimenda

122 3370 148 3418 iu
169 3372 283 3421 universa
300 3373 456 3436 philosophia
474 3373 568 3421 futilior
587 3389 660 3436 quam
692 3373 740 3421 ista
759 3373 880 3420 animalia.
915 3373 1002 3434 Neque
1022 3387 1067 3434 ego
1083 3371 1155 3420 istam
1174 3387 1232 3435 erga

122 3435 165 3483 ille
176 3436 206 3485 de
224 3437 383 3486 Simulachris
398 3446 423 3485 et
441 3438 593 3501 Imaginibus
605 3438 658 3501 opi·
693 3440 776 3486 Sensus
796 3437 974 3500 indulgentiam
993 3436 1164 3499 improbarem,
1182 3435 1231 3485 nisi

122 3499 177 3548 nio:
202 3516 258 3549 nam
270 3502 398 3550 credamus
416 3511 501 3550 tenues
518 3502 619 3550 exuvias
635 3511 660 3550 et
692 3501 741 3550 illis
763 3511 915 3549 concesserat
940 3500 1091 3564 provinciam
1113 3503 1231 3562 maj0rem

121 3566 302 3614 membranulas
313 3583 328 3614 a
338 3582 421 3615 rerum
437 3566 566 3630 superficie
580 3567 658 3615 conti-
692 3581 765 3629 quam
781 3565 907 3614 commode
923 3564 1093 3613 administrare
1112 3573 1229 3628 possunt:

121 3643 171 3677 uuo
182 3629 298 3694 direptas,
311 3632 369 3679 dum
386 3631 494 3694 undique
511 3631 621 3690 volitant,
633 3647 660 3680 se
692 3646 778 3679 sensus
789 3630 891 3679 minime
899 3629 996 3678 fallaces
1005 3645 1124 3692 agnosco;
1142 3629 1231 3679 ideone

121 3702 206 3741 mutuo
220 3695 369 3744 intercidant
380 3704 406 3743 et
416 3695 551 3744 dilacerent
561 3711 660 3744 necesse
693 3711 751 3745 vero
774 3695 844 3743 oculo
867 3710 921 3743 meo
943 3694 1137 3757 magnitudinem
1158 3694 1230 3754 Solis,

120 3766 175 3813 est;
195 3758 230 3807 ita
250 3759 355 3822 denique
378 3759 534 3818 misceantur,
552 3769 580 3808 ut
598 3760 660 3808 nihil
694 3761 778 3817 Lunae,
793 3768 819 3808 et
836 3761 965 3808 Astrorum
981 3758 1101 3807 emetiar?
1120 3760 1160 3807 Ne
1172 3759 1231 3822 quid

119 3831 209 3885 proeter
220 3824 365 3882 Centauros,
382 3824 482 3888 Scyllas,
500 3834 525 3872 et
542 3825 659 3887 ejusmodi
691 3824 803 3874 acerbius
820 3823 906 3882 dicam,
925 3823 977 3871 haec
994 3832 1031 3872 est
1049 3823 1123 3872 nimis
1139 3823 1229 3873 rustica

120 3896 230 3936 monstra
257 3887 403 3945 videremus,
436 3899 479 3937 aut
512 3889 658 3953 imaginare·
692 3889 783 3954 opinio.

122 3965 184 3999 mur.
725 3955 825 4012 Sonum,
848 3969 967 4018 saporem,
991 3953 1090 4001 odorem
1113 3968 1230 4016 corporea

153 4015 293 4064 Dicendum
310 4026 392 4065 tamen
405 4017 546 4066 Lucretium
559 4018 589 4065 de
605 4018 659 4067 istis
692 4035 752 4076 esse,
763 4034 907 4081 omnemque
916 4017 1079 4066 sensationem
1089 4017 1232 4080 corporibus

121 4079 274 4143 Imaginibus
286 4090 311 4128 et
329 4081 487 4130 Simulachris
499 4098 576 4145 usque
593 4083 624 4130 ad
635 4099 659 4130 v.
692 4084 784 4147 peragi,
797 4084 827 4132 ad
839 4100 860 4132 v.
875 4083 929 4135 725.
940 4091 1074 4145 agnoscent
1085 4096 1177 4138 omnes,
1189 4080 1231 4143 qui

120 4145 176 4195 471.
190 4155 261 4192 acute
273 4154 298 4192 et
309 4146 395 4194 decore
407 4146 551 4210 disputasse,
561 4157 586 4194 et
597 4148 659 4195 bene
692 4148 849 4211 qualitatibus
862 4156 886 4195 et
898 4147 952 4195 aliis
963 4146 1023 4209 regri
1036 4144 1177 4194 Aristotelis
1193 4144 1232 4192 in·

120 4210 219 4256 ornasse
231 4209 343 4258 fabulam.
692 4212 793 4261 somniis
803 4228 852 4260 non
865 4211 1013 4260 detinentur.

154 4272 251 4322 Deinde
263 4274 294 4322 ad
303 4289 325 4321 v.
339 4277 393 4323 524.
405 4276 480 4324 Poeta
489 4285 576 4325 tractat
587 4292 657 4339 scep·
725 4279 764 4326 De
783 4275 961 4339 Imaginatione
984 4289 1042 4323 vero
1061 4287 1137 4333 usque
1158 4272 1190 4319 ad
1212 4289 1238 4321 v.
