2872 4852
201 205 245 271 68
582 204 626 269 Τ.
658 197 930 273 LUCRETII

288 341 440 426 Conciliis
456 382 653 445 rerumquae
669 370 745 426 sunt
760 360 893 444 rejecta,
904 381 965 430 nec
980 380 1119 443 usquam

225 475 273 522 110
290 464 486 529 Consociare
501 463 598 529 etiem
612 473 719 533 motus
734 473 872 547 potuere
887 471 1039 546 recepta:

291 565 408 651 Cujus,
423 567 471 630 uti
485 588 640 644 memoro,
656 564 704 631 rei
718 563 933 642 simulacrum,
948 574 982 629 et
996 565 1104 649 imago

292 666 382 733 Ante
397 668 508 735 oculos
525 691 653 753 semper
667 669 761 734 nobis
774 678 936 743 versatur,
949 677 983 732 et
996 668 1108 737 instet.

294 769 539 856 Contemplator
554 772 651 850 enim,
667 794 741 836 cum
756 771 841 836 Solis
856 770 976 835 lumina
991 791 1120 853 cunque

292 871 444 938 Insertim
458 874 600 941 fundunt
615 875 724 941 radios
739 896 799 958 per
814 895 917 957 opaca
931 873 1101 937 domorum
1113 897 1124 952 ς

230 984 275 1033 115
293 973 402 1040 Multa
416 977 539 1041 minuta
550 977 655 1043 modis
668 976 776 1041 multis
792 997 852 1060 per
866 973 967 1041 Inane
981 974 1108 1039 videbis

292 1077 440 1162 Corpora
454 1080 582 1144 misceri
595 1078 760 1144 radiorum
773 1075 892 1142 lumine
907 1076 941 1140 in
955 1077 1048 1161 ipso:

293 1179 340 1243 Et
352 1180 439 1245 velut
454 1191 578 1260 aeterno
593 1181 768 1247 certamine
782 1178 909 1264 proelia,
926 1200 1119 1263 pugnasque

293 1280 404 1346 Edere
420 1284 584 1347 turmatim
599 1282 775 1360 certantia3
797 1303 857 1345 nec
873 1280 953 1346 dare
968 1301 1115 1364 pausam,

293 1382 457 1461 Conciliis,
472 1395 505 1450 et
521 1386 665 1451 discidiis
680 1383 825 1451 exercita
839 1382 983 1448 crebris:

230 1493 276 1542 120
294 1485 464 1571 Conjicere
479 1498 517 1552 ut
531 1488 638 1572 possis
652 1509 695 1553 ex
708 1487 784 1564 hoc,
800 1483 983 1549 Primordia
997 1504 1119 1560 rerum,

295 1587 402 1660 Quale
418 1589 470 1666 sit,
486 1589 520 1652 in
535 1610 651 1672 magno
662 1588 782 1672 jactari
796 1608 924 1670 semper
939 1584 1050 1662 Inani;

294 1688 467 1754 Duntaxat
481 1712 590 1754 rerum
604 1711 793 1773 magnarum
808 1710 909 1773 parva
922 1696 1034 1772 potest
1047 1707 1100 1750 res

294 1790 492 1875 Exemplare
508 1792 599 1867 dare,
615 1800 648 1855 et
663 1791 799 1876 vestigia
813 1789 949 1854 notitiai.

337 1891 413 1957 Hoc
428 1893 526 1957 etiam
538 1893 639 1978 magis
655 1892 727 1956 haec
742 1892 882 1957 animum
897 1901 930 1956 te
946 1891 1117 1956 advertere
1132 1913 1191 1976 par
1205 1901 1257 1955 est

231 1985 276 2053 itt
296 1994 444 2080 Corpora
458 2017 533 2078 quae
547 1995 581 2059 in
596 1992 682 2058 Solis
696 1994 797 2061 radiis
811 1994 945 2058 turbare
960 1993 1130 2058 videntur:

295 2097 396 2170 Quod
410 2095 492 2161 tales
508 2097 614 2183 turba
629 2107 736 2161 motus
750 2117 881 2181 qnoque
896 2095 1052 2160 Materiai

294 2199 487 2285 Significant
500 2199 729 2276 clandestinos,
745 2220 914 2282 caecosque
929 2199 1077 2263 subesse.

295 2302 404 2368 Multa
417 2304 543 2370 videbis
559 2303 644 2367 enirn
658 2301 762 2387 plagis
777 2301 823 2366 ibi
838 2300 962 2386 percita
976 2301 1071 2365 caecis

294 2405 501 2472 Commutare
516 2407 611 2484 viam,
626 2416 780 2490 retroque
796 2403 928 2488 repulsa
943 2403 1063 2469 reverti

232 2520 278 2566 13⁰
296 2507 397 2574 Nunc
411 2508 488 2588 huc,
504 2531 590 2573 nunc
604 2506 690 2584 illuc,
706 2507 740 2570 in
755 2517 887 2572 cunctas
904 2506 1045 2590 denique
1061 2504 1203 2590 parteis:

207 2659 744 2727 tantiainduraetsolidacorporaconuec-
778 2661 931 2719 mutandum,
953 2675 999 2709 nec
1021 2659 1076 2709 illos
1098 2674 1187 2718 moror,
1210 2658 1253 2723 qui
1274 2674 1325 2725 pro

207 2734 300 2783 tuntur,
312 2735 338 2772 et
348 2724 390 2773 illa
406 2741 461 2789 quar
476 2725 572 2788 magnis
588 2724 702 2788 vagantia
722 2735 747 2773 et
781 2727 854 2778 Quale
865 2725 892 2773 in
903 2723 1015 2788 sequenti
1026 2739 1099 2774 versu
1109 2724 1195 2788 legunt
1208 2727 1305 2777 midos.

207 2788 280 2852 louge
289 2789 446 2847 recursantis,
456 2789 539 2839 mollia
549 2799 574 2838 et
582 2805 636 2838 rara
644 2805 746 2854 corpora
813 2790 867 2838 124.
885 2792 1016 2838 Henetiam
1027 2793 1109 2853 magis,
1124 2787 1181 2853 eta]
1198 2787 1323 2839 Similitu-

208 2853 373 2910 constituunt;
391 2853 439 2902 alia
450 2855 550 2902 suntab
561 2855 628 2902 omni
639 2870 705 2902 nexu
722 2863 747 2902 et
779 2852 869 2913 dinem,
898 2871 930 2902 ua
945 2864 1026 2903 motus
1042 2853 1164 2903 seminum
1181 2853 1323 2904 illustrare·

207 2916 362 2966 concretione
384 2917 461 2966 libera
483 2928 508 2967 et
529 2917 670 2982 irrequieta,
693 2934 747 2982 quae
779 2927 824 2976 rat,
836 2935 859 2967 v.
875 2870 911 2970 ll.
929 2919 956 2967 in
973 2927 1144 2982 argumentum
1160 2917 1247 2974 vertit3
1267 2918 1325 2969 Ista

208 2982 263 3031 aliis
290 2981 423 3040 incursant,
447 2991 472 3031 et
498 2994 618 3048 perpetuo
641 2993 748 3038 vexant:
779 2993 890 3032 ramenta
901 2983 927 3032 in
939 2982 998 3032 solis
1007 2983 1082 3033 radiis
1090 2985 1182 3046 jactata
1192 2982 1267 3033 variis
1281 2982 1323 3032 di-

207 3061 282 3111 porro
298 3056 327 3095 ut
344 3047 484 3096 ostenderet
499 3047 568 3110 quasi
585 3046 746 3097 similitudine
778 3047 903 3112 versisque
912 3048 1018 3097 motibus
1024 3047 1112 3112 agitari
1120 3047 1239 3106 videmus,
1246 3047 1325 3097 modo

208 3112 312 3175 quadam
332 3127 468 3186 perennem
490 3111 557 3161 illam
580 3112 745 3176 agitationem,
778 3113 810 3161 ad
826 3112 917 3162 lineam
934 3112 1060 3162 tendentia
1075 3112 1176 3171 reflecti,
1195 3113 1269 3161 modo
1287 3113 1324 3163 sd

207 3192 256 3241 qua
264 3185 339 3225 atomi
348 3186 418 3225 extra
428 3175 596 3226 concretiones
609 3192 655 3241 per
669 3178 746 3226 Inane
779 3177 898 3237 dextram,
910 3179 984 3227 modo
997 3176 1029 3227 ad
1044 3177 1177 3236 sinistram,
1190 3177 1217 3225 in
1232 3192 1322 3227 omnes

208 3242 276 3307 quasi
295 3250 448 3301 exercentur,
468 3259 489 3292 v.
511 3243 547 3290 16.
564 3241 675 3290 imitatus
695 3242 746 3290 De·
779 3243 884 3305 denique
893 3253 975 3308 partes
984 3242 1091 3292 moveri:
1106 3242 1165 3291 dum
1172 3257 1229 3291 vero
1236 3241 1323 3292 omnia

206 3308 336 3357 mocritum
349 3307 551 3374 Leucippumque
562 3317 607 3367 est,
619 3307 678 3355 dum
687 3307 745 3356 Ari-
779 3323 881 3372 corpora
892 3308 995 3357 eandem
1006 3307 1098 3355 lineam
1106 3321 1203 3371 semper
1211 3315 1323 3366 servent,

207 3373 294 3422 stotele
316 3373 437 3422 referente
457 3375 631 3438 compararunt
653 3382 746 3422 atomos
779 3371 827 3421 nisi
839 3374 869 3422 ab
881 3372 1026 3429 externari,
1038 3371 1187 3422 velinterna
1200 3386 1245 3421 sua
1260 3386 1321 3435 grs-

207 3451 262 3485 cum
274 3437 366 3486 vocatis
378 3436 427 3486 illis
437 3437 555 3488 ramentis
566 3436 746 3503 corpusculisve
779 3437 854 3487 vitate
863 3438 913 3487 alio
921 3437 1056 3495 flectantur,
1064 3436 1190 3486 fatendum
1199 3445 1237 3484 est
1244 3451 1322 3499 quos·

206 3513 252 3562 per
269 3504 357 3559 aerem,
375 3500 513 3565 ἃφαίνεται
529 3505 555 3552 ἐν
570 3505 623 3553 ταῖς
641 3502 679 3552 διὰ
696 3506 745 3552 τῶν
776 3503 831 3551 dam
842 3505 942 3552 subesse
954 3503 1075 3551 seminum
1086 3511 1174 3559 motus,
1185 3500 1244 3550 licet
1258 3516 1320 3551 ocu·

206 3562 302 3626 θυρίδων
313 3564 415 3624 balcia,
427 3583 481 3630 quse
491 3569 587 3617 suntin
599 3567 658 3617 solis
669 3567 745 3616 radiis
776 3567 807 3617 lis
818 3568 887 3617 cerui
898 3583 948 3616 non
959 3567 1062 3631 possint,
1079 3566 1122 3630 qui
1138 3566 1189 3614 haec
1207 3575 1323 3615 ramenta

205 3642 251 3702 per
274 3631 362 3691 januas
383 3630 533 3681 fenestrasve
556 3631 664 3695 trajectis
685 3647 744 3680 con·
777 3641 803 3680 et
829 3632 974 3698 corpuscula
998 3631 1093 3694 agitent
1120 3639 1145 3680 et
1171 3639 1321 3688 exerceant3

207 3706 298 3756 sproua
777 3711 851 3744 causa
870 3695 937 3743 euim
956 3694 1072 3759 primaria
1090 3695 1170 3744 omnis
1189 3703 1277 3753 moure,
1293 3704 1323 3744 et

241 3758 294 3805 lla
312 3757 433 3820 lmertim]
450 3758 555 3833 Qpidam
572 3759 641 3809 codd.
662 3761 747 3808 Incerti
778 3758 926 3823 agitationis,
933 3774 1082 3822 quaecunque
1089 3759 1116 3809 in
1123 3760 1197 3809 rebus
1203 3760 1321 3809 observa·

205 3823 287 3870 radii:
304 3836 358 3884 quoe
368 3821 441 3871 lectio
458 3822 556 3871 videtur
572 3839 645 3898 posse
665 3823 698 3871 ali
714 3840 746 3872 uo
779 3833 826 3881 tur,
839 3832 877 3872 est
887 3822 914 3870 in
924 3822 986 3887 ipsis
997 3824 1138 3873 seminibus

205 3885 678 3949 modoeServioconfirmariquradvl.
712 3888 742 3937 cl.
810 3889 864 3936 125.
880 3887 1258 3951 TurtureJTumaltucri,errarr.
1268 3888 1322 3938 Te·
1358 3891 1359 3894 ’

206 3949 275 4015 Vir-g.
288 3949 373 3999 scribit
385 3966 398 3998 e
409 3950 524 3999 Lucretio
535 3951 587 3999 haec
600 3951 744 4015 corpuscula
775 3961 838 4000 rent.
855 3952 948 4016 Hecyr.
964 3955 1018 4002 dum
1035 3972 1063 4003 ne
1082 3957 1197 4013 reducam,
1217 3953 1322 4005 turbent

204 4014 287 4079 {posis
299 4031 344 4079 per
355 4015 487 4064 fenestram
498 4018 573 4064 radiis
587 4015 645 4064 solis
656 4014 742 4065 videri
772 4033 849 4079 porro,
858 4034 925 4079 quam
934 4021 1020 4067 velint.-
1037 4019 1148 4068 Turbent
1161 4017 1252 4082 (iuquit
1264 4018 1320 4068 Do·

241 4080 303 4129 Ibid.
321 4079 369 4128 Per
387 4097 458 4143 opaca
480 4079 606 4142 domorum]
626 4081 665 4128 lta
680 4080 742 4144 lege,
775 4080 860 4143 uatus)
889 4092 979 4140 errent,
1002 4082 1188 4132 tumultuentur.
1218 4084 1320 4134 Lucret.

207 4153 252 4194 nec
264 4145 326 4197 illos
334 4145 399 4211 audi,
416 4143 456 4207 qui
472 4160 516 4206 prr
532 4153 614 4206 aperta
630 4147 744 4195 domm
775 4145 846 4204 inira,
857 4149 906 4194 Aut
916 4163 945 4194 er
956 4149 1041 4209 offensu
1053 4152 1208 4198 conturbant
1219 4150 1321 4211 corpas

205 4221 296 4259 amant.
338 4211 344 4220 “
774 4214 861 4275 inipso
872 4213 970 4260 Sensim

197 4316 201 4322 .
238 4276 292 4324 12⁰.
311 4272 440 4338 Gonjt'cere]
462 4276 588 4337 Corripere,
607 4274 652 4322 B.:
682 4274 743 4322 nihil
811 4275 863 4324 130.
878 4275 1320 4343 Desiqua]rlliipraeleruntunrb'que.
