2872 4852
459 226 631 298 LIBER
658 232 922 307 QUINTUS.
1178 233 1239 302 ’661

224 389 324 463 Quod
338 390 442 473 genus
457 388 620 454 interdum
638 401 766 473 segetes
782 389 998 476 stipulamque
1014 392 1160 459 videmus

222 489 383 576 Accipere
398 513 440 554 ex
455 513 522 554 una
536 489 674 555 scintilla
688 492 838 556 incendia
852 493 992 576 passim:

222 592 372 658 Forsitan
387 603 421 658 et
436 615 530 658 rosea
545 593 603 657 Sol
618 593 683 658 alte
699 592 849 679 lampade
864 592 975 660 lucens

156 707 206 754 610
221 695 394 760 Possideat
409 694 544 760 multum
559 696 653 761 caecis
669 693 852 761 fervoribus
867 697 974 782 ignem

222 798 351 863 Circum
366 819 414 874 se,
431 797 519 862 nullo
534 798 590 882 qui
605 799 647 862 sit
661 796 788 882 fulgore
803 810 949 877 notatus,

221 899 416 964 AEstiferum
430 910 468 964 ut
483 909 609 965 tantum
624 900 789 966 radiorum
803 913 967 986 exaugeat
979 904 1090 968 ictum.

263 1002 338 1066 Nec
352 1004 436 1067 ratio
452 1001 537 1066 Solis
554 990 702 1087 simplos,
718 1025 779 1068 nec
794 1015 883 1067 certa
898 1007 1048 1089 patescit,

223 1103 302 1176 Quo
316 1114 414 1187 pacto
428 1104 549 1166 aestivis
564 1124 582 1168 e
597 1103 748 1187 partibus
763 1103 976 1188 AEgocerotis

157 1216 204 1261 615
221 1205 402 1269 Brumaleis
418 1206 516 1268 adeat
531 1204 649 1282 flexus,
666 1215 764 1289 atque
780 1206 856 1269 inde
872 1217 1039 1271 revertens

221 1307 375 1370 Canceris
391 1316 428 1369 ut
443 1315 548 1369 vertat
562 1316 665 1371 metas
680 1329 714 1370 se
729 1307 772 1370 ad
788 1306 1014 1373 Solstitiaieis:

222 1409 384 1492 Lunaque
399 1409 566 1473 mensibus
580 1409 614 1472 id
631 1410 772 1494 spatium
786 1409 937 1474 videatur
952 1411 1053 1486 obire,

221 1509 342 1573 Annua
360 1509 417 1573 Sol
432 1511 465 1572 in
480 1531 546 1594 quo
562 1512 722 1575 consumit
737 1522 884 1596 tempora
898 1533 1016 1576 cursu:

215 1611 311 1694 Non,
327 1611 470 1695 inquam,
486 1611 624 1696 simplex
638 1611 690 1675 his
705 1612 805 1676 rebus
820 1613 949 1677 reddita
963 1635 1061 1677 causa
1077 1614 1126 1678 'st.

156 1727 203 1772 620
220 1712 309 1776 Nam
323 1711 395 1776 lieri
410 1711 461 1777 vel
476 1732 549 1776 cum
563 1714 675 1797 primis
691 1713 725 1776 id
740 1735 838 1798 posse
854 1714 993 1791 videtur,

219 1815 401 1879 Democriti
416 1815 505 1898 quod
522 1826 634 1879 sancta
649 1816 708 1878 viri
724 1815 885 1880 sententia
900 1817 1011 1900 ponit3

219 1916 353 1990 Quanto
369 1938 508 1999 quaeque
524 1916 626 2000 magis
643 1917 708 1980 sint
722 1926 842 1981 terram
858 1917 976 1982 Sidera
990 1925 1138 2002 propter,

218 2018 328 2082 Tanto
341 2038 440 2101 posse
454 2018 560 2079 minus
577 2038 650 2080 cum
665 2016 740 2080 coeli
754 2018 884 2080 turbine
900 2017 989 2081 ferri.

218 2119 426 2182 Evanescere
443 2117 528 2180 enim
542 2117 674 2199 rapidas
689 2115 786 2194 illins,
803 2127 837 2180 et
852 2120 955 2182 aereis

154 2234 201 2278 625
221 2219 368 2283 Imminui
385 2219 498 2281 subter
514 2218 621 2294 vireis,
637 2218 778 2300 ideoque
793 2218 933 2301 relinqui

219 2320 391 2384 Paullatim
407 2319 515 2383 Solem
531 2340 604 2384 cum
618 2320 847 2403 posterioribu’
863 2320 986 2404 Signis,

219 2423 358 2487 Inferior
373 2420 474 2485 multo
490 2422 585 2505 quod
596 2422 648 2497 sit,
665 2443 761 2504 quam
776 2422 901 2486 fervida
916 2420 1036 2506 Signa:

219 2525 266 2589 Et
281 2525 382 2608 magis
397 2520 461 2588 hoc
477 2522 623 2602 Lunam3
647 2534 680 2587 et
694 2533 817 2608 quanto
833 2524 1003 2588 demissior
1018 2526 1090 2609 ejus

218 2626 342 2690 Cursus
358 2627 453 2691 abest
467 2624 583 2711 procul
597 2649 617 2688 a
633 2626 737 2704 Coelo,
753 2627 915 2711 terrisque
931 2628 1143 2711 propinquat,

154 2741 202 2788 666
220 2728 331 2793 Tanto
345 2749 444 2812 posse
459 2729 565 2791 minus
580 2750 654 2792 cum
670 2726 778 2812 Signis
794 2729 929 2793 tendere
945 2750 1086 2793 cursum.

218 2830 418 2894 Flaccidiore
434 2831 529 2894 etiam
545 2841 669 2913 quanto
678 2831 746 2914 jam
761 2831 892 2896 turbine
908 2829 1012 2895 fertur

218 2931 356 2996 Inferior
370 2954 467 3016 quam
483 2931 551 3009 Sol,
567 2942 658 2996 tanto
673 2934 775 3018 magis
791 2935 898 2997 omnia
914 2933 1015 3018 Signa

218 3033 315 3099 Hanc
329 3034 565 3118 adipiscuntur,
582 3036 714 3112 circum,
730 3046 915 3118 praeterque
930 3035 1100 3099 seruntur:

219 3135 400 3220 Propterea
415 3136 465 3214 fit,
481 3146 518 3199 ut
533 3135 617 3200 Haec
633 3136 676 3199 ad
691 3135 827 3220 Signum
842 3137 996 3222 quodque
1012 3137 1133 3200 reverti

164 3336 219 3383 608.
238 3333 362 3398 Accipere]
384 3336 424 3384 Sic
443 3335 484 3384 lib.
506 3337 552 3384 Vl.
570 3351 593 3384 6.
615 3337 668 3384 149.
703 3335 782 3384 decim
805 3335 864 3385 terit
885 3334 929 3392 661,
952 3349 1096 3399 percurrere
1119 3333 1242 3382 videatur.

132 3402 229 3448 Aridior
248 3417 317 3462 porro
339 3405 361 3448 ri
382 3404 453 3448 nabes
475 3400 565 3464 accipit
586 3404 668 3464 ignem.
704 3399 808 3457 Deinde,
821 3416 844 3448 6.
859 3401 895 3447 16.
908 3400 978 3447 1)666
989 3402 1057 3447 aeres
1072 3397 1137 3446 lunae
1148 3396 1244 3460 solique

132 3463 246 3512 Gilanius
257 3474 348 3522 tamen,
360 3468 489 3512 accendere.
702 3464 864 3512 inservientes
882 3463 1023 3520 introducit,
1043 3477 1145 3526 quorum
1164 3461 1244 3510 altero

164 3530 219 3576 616.
242 3531 293 3578 Nec
307 3533 368 3577 ratio
389 3532 456 3586 Solia,
475 3527 531 3590 etc]
551 3529 669 3577 Annuum
702 3543 717 3575 6
734 3528 828 3576 Cancro
839 3528 869 3575 ad
882 3527 1059 3591 Capricornum
1070 3527 1242 3585 detruduntur,

131 3593 197 3651 solis,
215 3603 240 3641 et
256 3603 408 3641 menstruum
425 3593 491 3641 lnnae
508 3608 606 3641 cursum
626 3607 671 3656 per
704 3593 809 3640 alteroa
826 3592 975 3656 Capricorno
992 3593 1023 3640 ad
1039 3593 1161 3639 Cancrum
1177 3599 1244 3656 stato

131 3657 259 3706 duodecim
282 3657 352 3720 signa
381 3657 482 3706 Zodiaci
504 3666 533 3705 ut
556 3657 670 3720 explicet,
704 3666 752 3705 tem
772 3671 813 3705 ore
823 3657 1002 3705 subvehuntur:
1015 3666 1040 3704 et
1049 3672 1080 3704 nc
1090 3656 1151 3704 illud
1160 3656 1241 3704 incre·

130 3722 217 3786 primo,
230 3739 252 3770 6.
270 3723 308 3769 23.
325 3723 442 3786 proponit
453 3722 600 3771 sententiam
619 3723 669 3770 De·
704 3673 778 3771 dibile
801 3721 920 3779 videatur,
940 3723 1012 3782 jubet
1031 3722 1108 3769 nubes
1131 3729 1243 3783 spectare

130 3785 235 3845 mocriti,
254 3786 295 3849 qui
315 3787 400 3835 docuit
419 3787 534 3835 inferiora
554 3786 634 3835 sidera
654 3801 670 3834 a
701 3801 761 3849 quas
779 3786 870 3835 diversi
890 3787 958 3836 venti
980 3785 1007 3835 iu
1029 3797 1112 3850 partes
1132 3786 1244 3834 diversas

130 3864 228 3899 summo
241 3851 303 3900 coelo
319 3851 373 3914 rapi
387 3861 412 3900 et
428 3851 586 3910 circumferri,
603 3851 667 3899 cele·
701 3851 857 3915 protrudunt

130 3913 182 3963 rius
193 3924 236 3963 aut
247 3916 340 3964 tardius
357 3925 466 3979 prorata
478 3916 669 3978 uniuscujusque
735 3917 790 3964 615.
808 3914 907 3978 Fiscus]
926 3914 988 3963 Mox
1003 3923 1074 3963 vocat
1088 3921 1177 3962 metas.-
1194 3912 1241 3961 vir.

130 3979 217 4028 sideris
240 3996 254 4027 a
275 3995 370 4029 summo
392 3980 440 4028 isto
461 3981 523 4029 coelo
545 3980 668 4028 distantia
701 3981 818 4029 decursu
835 3980 943 4029 siderum
955 3995 1030 4043 agens
1046 3978 1147 4027 vocibus
1163 3977 1243 4027 utitur

131 4044 172 4092 Sol
189 4044 264 4107 igitur
275 4044 378 4093 celerius
393 4061 464 4108 quam
481 4045 547 4102 luna,
565 4045 668 4107 ideoque
701 4045 830 4093 certamini
841 4044 920 4093 curuli
932 4043 1127 4093 accommodatis.

129 4108 667 4173 illumreriusquamillamsignaassequun-
734 4111 789 4158 616.
815 4109 936 4173 Conccris]
965 4109 1004 4156 Ita
1026 4107 1084 4156 olim
1107 4106 1242 4162 dicebatur,

131 4183 172 4222 tur
180 4184 205 4222 et
213 4183 376 4238 praetereunt:
393 4190 472 4237 neque
482 4173 669 4222 mirumsiluna
701 4190 767 4223 nunc
797 4178 888 4224 666661.
927 4173 1002 4237 Apud
1031 4173 1055 4219 S.
1081 4170 1241 4232 Cyprianum,

129 4254 180 4287 nno
191 4254 275 4287 mense
286 4239 357 4302 signa
368 4241 457 4298 omnia,
470 4240 496 4287 in
508 4238 596 4302 qulbus
608 4238 668 4287 duo·
700 4254 725 4302 p.
739 4241 794 4288 236.
806 4243 877 4288 cebri
890 4241 990 4287 Cancere
1001 4235 1086 4298 infecta
1098 4233 1209 4296 legimus.
