2872 4852
219 247 284 310 266
600 246 643 312 T.
677 247 951 314 LUCRETII

307 402 419 485 Atque
435 402 496 466 alia
510 402 595 467 illius
610 406 755 488 reparari
769 404 801 467 in
817 414 922 489 parte,
938 403 1087 488 locoque,

306 504 447 570 Difficile
464 507 504 569 ’st
518 507 644 571 ratione
660 507 790 584 docere,
806 518 839 571 et
855 508 983 572 vincere
997 507 1126 572 verbis:

242 618 288 668 735
308 608 435 672 Ordine
451 630 523 672 cum
540 609 649 673 videas
666 620 731 673 tam
747 618 837 672 certo
852 606 952 672 multa
967 609 1081 673 creari.

306 708 339 773 lt
352 708 434 786 Ver,
451 723 484 774 et
499 709 627 788 Venus,
642 722 676 775 et
691 710 831 776 Veneris
848 712 1049 795 praenuntius
1066 720 1142 774 ante

307 811 465 875 Pinnatus
481 811 630 895 graditur
646 811 822 896 Zephyrus
838 808 974 895 vestigia
989 823 1143 896 propter3

306 911 402 976 Flora
417 913 535 997 quibus
552 912 663 977 Mater
676 935 905 998 praespergens
922 924 997 978 ante
1013 915 1077 977 viai

306 1015 434 1080 Cuncta
448 1014 610 1079 coloribus
626 1016 777 1100 egregiis,
794 1026 828 1079 et
844 1016 999 1079 odoribus
1015 1014 1139 1099 opplet.

242 1124 289 1175 740
308 1117 390 1181 Inde
405 1117 468 1182 loci
483 1119 628 1202 sequitur
644 1117 742 1184 Calor
757 1118 880 1195 aridus,
896 1128 932 1182 et
945 1140 1052 1181 comes
1068 1139 1133 1181 una

307 1219 538 1284 Pulverulenta
554 1220 666 1297 Ceres,
682 1230 716 1284 et
731 1220 846 1283 Etesia
861 1219 965 1283 flabra
980 1217 1190 1303 Aquilonum.

305 1321 387 1386 Inde
404 1323 591 1386 Autumnus
607 1323 695 1400 adit3
719 1323 867 1406 graditur
883 1320 979 1386 simul
993 1322 1099 1385 Euius
1115 1322 1231 1386 Euan:

305 1423 387 1488 Inde
403 1423 474 1488 aliae
489 1434 712 1509 tempestates
729 1424 881 1508 ventique
899 1434 1091 1509 sequuntur,

304 1525 491 1610 Altitonans
503 1525 699 1604 Vulturnus
716 1538 749 1591 et
764 1525 889 1591 Auster
904 1525 1036 1590 fulmine
1052 1525 1189 1610 pollens.

240 1637 287 1688 755
306 1627 455 1693 Tandem
470 1630 593 1693 Bruma
607 1629 706 1693 niveis
723 1629 841 1706 adfert,
857 1629 1051 1714 pigrumque
1066 1629 1208 1714 rigorem

304 1729 441 1808 Reddit,
458 1732 583 1816 Hyems
600 1733 758 1815 sequitur,
774 1734 938 1816 crepitans
953 1754 991 1797 ac
1007 1731 1160 1796 dentibus
1176 1729 1296 1816 Algus.

305 1832 383 1905 Quo
398 1834 501 1897 minus
518 1846 568 1898 est
582 1836 709 1911 mirum,
727 1835 754 1898 si
769 1846 859 1900 certo
875 1846 1021 1920 tempore
1039 1833 1136 1899 Luna

303 1933 474 2018 ‘Gignitun
489 1947 523 2001 et
537 1947 627 2002 certo
643 1935 772 2001 deletur
787 1949 933 2022 tempore
947 1960 1080 2002 rursus:

304 2035 386 2099 Cum
402 2035 474 2100 fieri
489 2041 617 2123 possint
631 2050 697 2104 tarn
713 2051 803 2104 certo
820 2050 964 2125 tempore
979 2039 1091 2104 multa.

240 2146 287 2197 750
349 2137 433 2203 Solis
449 2141 525 2204 item
540 2165 671 2226 quoque
688 2141 849 2220 defectus,
867 2142 1037 2226 Lunaeque
1051 2140 1205 2217 latebras,

304 2237 458 2307 Pluribus
474 2266 493 2308 e
508 2246 614 2309 causis
629 2245 701 2308 fieri
716 2245 776 2309 tibi
790 2268 888 2330 posse
903 2244 1085 2329 putandum
1100 2244 1150 2308 'st

304 2341 392 2407 Nam
408 2368 466 2411 cur
482 2347 578 2412 Luna
592 2360 690 2433 queat
705 2349 844 2413 Terram
859 2348 1027 2412 secludere
1045 2347 1130 2412 Solis

304 2445 454 2527 Lumine,
472 2461 505 2514 et
520 2475 539 2514 a
554 2452 649 2516 terris
665 2451 766 2515 altum
781 2462 880 2536 eaput
895 2452 1066 2515 obstruere
1082 2449 1135 2525 eii,

303 2549 473 2635 Objiciens
488 2576 610 2619 caecum
625 2554 724 2618 radiis
739 2554 929 2619 ardentibus
946 2554 1074 2617 orbem:

238 2657 284 2708 755
304 2651 468 2739 Tempore
483 2659 597 2722 eodem
613 2656 701 2720 aliud
716 2655 823 2720 facere
838 2657 872 2720 id
888 2678 953 2719 non
968 2676 1066 2739 posse
1082 2662 1216 2738 putetur

302 2753 443 2839 Corpus,
460 2760 549 2842 quod
565 2780 693 2823 cassum
707 2757 837 2822 labatur
850 2756 970 2821 lumine
987 2758 1138 2841 semper?

304 2855 426 2940 Solque
441 2882 517 2923 suos
535 2862 631 2924 etiam
647 2862 809 2925 dimittere
825 2860 998 2944 languidus
1014 2859 1117 2943 igneis

302 2955 467 3044 Tempore
483 2985 542 3027 cur
556 2974 646 3029 certo
661 2971 814 3047 nequeat,
829 2973 1043 3046 recreareque
1059 2961 1178 3038 lumen,

302 3060 386 3124 Cum
399 3062 471 3128 loca
484 3066 642 3149 praeteriit
656 3064 791 3128 flammis
806 3064 926 3128 infesta
940 3086 1000 3148 per
1015 3086 1124 3140 auras,

237 3168 285 3221 76⁰
304 3164 390 3237 Quae
405 3165 528 3232 faciunt
542 3168 645 3252 igneis
661 3167 868 3251 interstingui
883 3177 981 3250 atque
996 3166 1127 3251 perire?

302 3267 349 3331 Et
365 3291 424 3334 cur
438 3269 545 3334 Terra
559 3280 658 3354 queat
674 3269 802 3347 Lunam
818 3269 957 3353 spoliare
974 3268 1113 3346 vicissim

302 3370 453 3452 Lumine,
469 3386 502 3438 et
517 3396 712 3459 oppressum
727 3371 835 3436 Solem
852 3393 951 3456 super
965 3372 1038 3454 ipsa
1053 3382 1176 3446 tenere,

248 3547 303 3598 734.
327 3556 427 3614 Difficile
447 3556 489 3619 ἐι]
509 3558 594 3616 Faber,
614 3561 646 3606 Id
658 3555 733 3618 facila
742 3577 752 3612 ,-
785 3571 842 3604 curn
853 3555 940 3603 incidit
951 3553 976 3602 iu
988 3555 1100 3602 umbram
1111 3562 1190 3611 terrae,
1205 3559 1248 3600 aut
1264 3549 1328 3600 clte-

214 3627 287 3688 quetp
313 3630 428 3679 sequatur
454 3621 496 3670 ille
524 3623 566 3685 qui
588 3625 752 3686 conjecturam
785 3621 837 3669 rius
848 3620 950 3683 alicujus
962 3619 1032 3682 opaci
1048 3617 1158 3682 corporis
1173 3616 1238 3679 quod
1254 3632 1269 3664 e
1285 3631 1327 3665 rc-

214 3679 355 3728 certrtudini
366 3685 471 3746 praefert.
785 3684 858 3747 gioue
868 3685 927 3733 solis
938 3684 1110 3745 interpositum
1121 3683 1328 3745 interjectumque

248 3740 302 3791 746.
328 3747 449 3808 Crepitam
475 3767 503 3799 ac
530 3753 636 3799 dentibus
663 3749 751 3814 Algae]
785 3749 825 3798 sit.
854 3750 906 3797 Aut
918 3748 1023 3811 denique
1034 3748 1071 3797 sol
1082 3757 1107 3796 et
1117 3748 1183 3805 luna,
1199 3762 1255 3795 cum
1272 3746 1337 3795 loca,

214 3804 327 3882 Vulgata
338 3809 458 3871 lectionis,
474 3819 605 3864 accentibus
621 3818 685 3878 Algi,
703 3831 753 3863 non
785 3813 896 3876 quasdam
907 3813 963 3862 coeli
974 3813 1025 3862 suis
1035 3812 1134 3876 ignibus
1144 3811 1233 3860 infesta
1245 3819 1270 3860 et
1284 3811 1326 3861 in-

213 3873 386 3933 memrnissem,
399 3877 512 3926 nisieam
525 3880 612 3942 Fayus,
626 3888 711 3928 acutus
729 3888 754 3928 et
785 3878 858 3926 imica
878 3887 1028 3942 pereurrant,
1049 3877 1183 3940 languent3
1212 3884 1237 3924 et
1256 3874 1328 3939 quasi

213 3935 383 3998 bellushomo,
395 3942 459 3999 huic,
472 3959 520 4005 qua
537 3944 604 3992 nulla
619 3953 657 3992 est
675 3943 754 3992 verior
786 3942 919 4004 deliquium
931 3943 1065 4008 patiuntur,
1078 3959 1100 3990 v.
1114 3944 1152 3990 20.
1290 3996 1292 3998 ,

213 4010 256 4049 aut
267 4004 399 4063 venustior,
410 4007 564 4069 pretulisset
818 4007 873 4058 759.
890 4011 1000 4056 Flammis
1016 4006 1113 4070 tuceta]
1131 4007 1188 4055 Ver.
1200 4004 1255 4056 769.
1273 4006 1326 4054 Lu·

247 4065 302 4117 750.
319 4071 444 4119 Sotirirem
461 4089 554 4134 quoque,
570 4071 626 4134 etc]
646 4073 753 4121 Demum
785 4075 883 4121 minibus
892 4076 994 4134 propriis
1005 4076 1104 4120 inimico.
1134 4070 1269 4120 Lambinus
1280 4085 1326 4118 au-

213 4131 242 4178 fit
258 4133 316 4181 solis
333 4135 448 4194 desectus,
467 4151 522 4183 cum
545 4136 604 4184 luna
623 4146 665 4185 aut
684 4135 752 4186 aliud
785 4146 842 4195 tem,
856 4136 961 4186 flammis
979 4136 1146 4186 immoderatis
1165 4135 1266 4200 opleta
1284 4134 1326 4184 vel

212 4212 316 4271 ppacum
335 4216 424 4265 corpus
446 4203 582 4264 subjectum
601 4201 647 4249 soli
669 4202 750 4250 radios
783 4211 908 4266 occupata,
926 4210 951 4249 et
974 4201 1151 4262 quodammodo
1167 4151 1284 4249 inldstata
1300 4209 1327 4250 et

212 4260 279 4312 illius
291 4264 389 4330 excipit,
402 4276 427 4316 et
438 4268 468 4315 ab
485 4265 595 4315 ulteriori
612 4267 643 4314 ad
659 4276 750 4315 terram
783 4278 878 4315 vexata
903 4264 970 4314 Huic
982 4280 1040 4313 vero
1048 4265 1178 4330 interpreti
1187 4281 1218 4314 uc
1229 4263 1325 4314 eredas

212 4341 343 4392 progressu
354 4331 473 4394 prohibet.
503 4332 574 4381 Luna
584 4330 644 4379 item
660 4330 749 4390 deficit,
816 4331 871 4382 762.
892 4333 1028 4393 Oppressum
1045 4333 1118 4380 Solem
1133 4347 1203 4393 super
1218 4333 1271 4392 ipra
1287 4337 1324 4381 te·

207 4540 228 4575 O
