2872 4852
351 708 483 791 ΤΙΤΙ
518 708 825 793 LUCRETII
860 709 1014 794 CARI

657 932 713 986 DE

203 1118 603 1222 RERUM
679 1117 1161 1224 NATURA

403 1397 611 1469 LIBER
649 1399 962 1480 QUINTUS.

528 1822 831 1872 ARGUMENTUM.

126 1932 146 1979 1.
176 1932 272 1981 Laudes
301 1932 410 1997 Epicuri,
434 1933 473 1981 cui
499 1943 600 1998 propter
627 1936 753 2002 inuentam
777 1945 849 2000 atque
873 1937 1020 2001 explicatam
1050 1937 1235 2002 Philosophiam

156 2014 212 2077 plus
223 2013 313 2061 debent
324 2014 442 2071 homines,
455 2029 528 2077 quam
540 2016 632 2073 Cereri,
646 2016 750 2074 Baccho,
769 2016 881 2075 Herculi,
893 2017 996 2080 aliisque
1010 2018 1089 2077 Divis,
1101 2034 1162 2081 quos
1172 2019 1236 2082 grati

156 2103 311 2154 venerantur,
328 2096 359 2143 ad
376 2112 398 2143 v.
417 2095 455 2142 56.
492 2096 528 2142 Il.
547 2096 644 2144 Deinde
661 2097 693 2143 ad
709 2112 731 2142 v.
750 2099 789 2145 92.
806 2097 923 2161 proponit
939 2097 1014 2146 totius
1031 2096 1087 2146 libri
1104 2114 1234 2161 argumen-

158 2183 217 2232 tum,
228 2177 298 2237 quus
314 2185 396 2238 partes
413 2185 498 2239 postea
510 2175 622 2239 explicat.
657 2176 691 2223 Et
704 2176 755 2223 lll.
768 2177 798 2224 ad
813 2192 834 2224 v.
851 2176 904 2228 157.
922 2177 1032 2236 Terram,
1050 2193 1125 2235 mare,
1138 2180 1234 2238 coelum,

154 2255 237 2315 solem,
252 2256 333 2304 sidera
348 2256 461 2305 mortalia
476 2257 563 2311 docet;
581 2271 634 2314 nec,
645 2256 709 2318 quod
726 2256 802 2304 Stoici
819 2261 944 2320 putarunt,
957 2257 1073 2315 animata,
1092 2259 1140 2306 Dei
1157 2259 1236 2323 ipsius

155 2345 252 2398 partem
271 2345 314 2385 aut
325 2338 408 2387 sedem
421 2347 446 2386 et
457 2337 607 2386 domicilium
620 2324 729 2385 Deorum
742 2353 802 2395 esse,
812 2337 877 2399 quod
887 2338 985 2401 Vulgus
996 2336 1127 2397 existimat,
1140 2339 1234 2388 asserit.

155 2417 200 2466 1v.
214 2418 308 2480 Nequis
319 2419 438 2468 muudum
450 2434 464 2467 a
477 2418 533 2467 Diis
549 2417 625 2467 fuisse
642 2417 741 2476 sactum,
758 2426 831 2480 atque
848 2418 905 2466 ideo
920 2418 1084 2467 immortalem
1101 2419 1191 2476 credat,
1203 2421 1235 2469 ad

155 2514 177 2546 v.
196 2499 251 2546 236.
268 2499 348 2548 varias
364 2499 472 2548 rationes
489 2499 600 2562 congerit
617 2508 666 2547 tam
683 2507 802 2547 enatura
819 2499 936 2557 Deorum,
954 2514 1026 2560 quam
1043 2514 1058 2547 a
1075 2498 1142 2548 vitiis
1162 2501 1237 2563 hujus

155 2579 240 2628 mundi
252 2580 344 2637 ductas,
356 2580 444 2644 quibus
455 2581 559 2645 probare
570 2588 673 2628 conatur
681 2580 744 2627 hanc
755 2595 897 2643 compagem
910 2595 959 2627 non
971 2579 1134 2628 fixisseaDiis
1142 2580 1233 2628 consti·

154 2669 238 2709 tutam.
273 2661 303 2708 V.
321 2660 353 2708 ad
364 2677 385 2709 v.
403 2660 459 2712 417.
477 2661 588 2715 Quatuor
605 2660 741 2718 Elementa,
761 2670 857 2717 terram,
875 2675 972 2723 aquam,
989 2662 1051 2718 aera,
1070 2668 1095 2708 et
1111 2659 1201 2724 ignem,
1220 2677 1235 2710 e

158 2741 246 2805 quibus
258 2741 364 2790 mundus
375 2751 479 2800 constat,
491 2740 558 2790 nasci
570 2749 595 2789 et
605 2740 715 2800 interire,
727 2750 752 2789 et
767 2740 871 2804 proinde
881 2741 1000 2789 mundum
1010 2740 1093 2805 ipsum
1104 2742 1236 2805 aliquando

156 2822 285 2886 incepisse,
296 2822 426 2884 aliquando
436 2823 509 2870 etiam
521 2822 658 2886 periturum
670 2823 765 2886 arguit;
784 2822 906 2885 variisque
917 2821 971 2870 aliis
983 2822 1133 2885 argumentis
1143 2823 1232 2870 confir-

156 2913 207 2952 mat
217 2904 280 2951 hanc
290 2919 433 2967 compagem
445 2920 489 2952 nec
501 2905 531 2952 ab
542 2913 634 2953 aeterno
646 2905 765 2964 extitisse,
777 2921 856 2968 neque
873 2905 979 2953 futuram
992 2919 1045 2952 esse
1062 2904 1234 2953 immortalem.

156 2985 202 3033 vl.
215 2985 279 3033 adv.
293 2986 347 3033 509.
358 2985 409 3048 agit
417 2985 447 3034 de
458 2986 538 3050 primo
549 2987 635 3035 mundi
644 2996 738 3045 exortu,
751 2995 777 3035 et
788 2986 892 3051 singulis
901 2988 953 3048 ejus
965 2985 1083 3049 partibus,
1095 2996 1168 3049 prout
1177 3001 1233 3049 gra·

154 3065 235 3115 viores
246 3076 289 3115 aut
299 3065 404 3115 leviores
415 3077 479 3125 sunt,
492 3069 563 3118 sedes
574 3085 630 3118 suar
640 3083 666 3116 et
676 3069 742 3117 locos
754 3069 869 3132 assignat
888 3068 950 3115 Vll.
963 3065 993 3114 ad
1006 3083 1028 3115 v.
1042 3068 1096 3114 613.
1110 3066 1191 3114 Multa
1202 3066 1235 3114 de

156 3146 208 3194 coeli
225 3154 251 3195 et
266 3147 373 3196 siderum
391 3147 497 3197 motibus
513 3149 636 3213 proponit,
653 3158 679 3197 at
694 3148 757 3197 nihil
774 3149 835 3198 certi
852 3147 974 3196 decernit:
996 3146 1085 3195 deinde
1102 3146 1174 3194 docet
1189 3161 1236 3194 cur

155 3237 227 3285 terra,
239 3244 283 3276 cur
294 3237 345 3277 tota
356 3243 493 3292 compages,
505 3229 570 3292 quod
581 3245 671 3294 corpus
682 3245 757 3292 grave
768 3239 813 3288 est,
825 3228 887 3277 nulli
898 3227 1058 3276 fundamento
1068 3225 1155 3273 innixa
1170 3241 1232 3289 pen·

155 3309 217 3357 deat.
252 3310 334 3358 Solem
348 3310 460 3372 denique,
478 3309 569 3367 lunam,
587 3309 667 3358 sidera
684 3309 791 3368 metitur,
805 3319 877 3372 atque
894 3308 936 3356 illa
952 3323 998 3356 nec
1014 3309 1107 3369 majora
1123 3322 1168 3356 nec
1185 3306 1233 3355 mi·

155 3404 215 3438 nora
226 3405 363 3454 essequam
374 3389 444 3438 nobis
456 3399 582 3454 apparent,
594 3389 748 3454 pronunciat.
772 3389 850 3438 Vlll.
861 3389 892 3437 ad
904 3404 926 3436 v.
938 3387 993 3440 7⁷0.
1007 3388 1095 3437 Varias
1106 3387 1235 3452 utriusque

155 3470 261 3528 solstitii,
274 3471 353 3520 aestivi
365 3479 390 3519 et
404 3471 531 3534 hyemalis,
543 3485 629 3519 causas
640 3470 720 3519 reddit
730 3489 736 3526 ς
754 3486 802 3533 quo
816 3469 889 3517 modo
902 3484 953 3517 nox
963 3469 1021 3525 fiat;
1039 3484 1083 3517 cur
1094 3484 1181 3517 aurora
1193 3485 1233 3519 so-

155 3549 204 3599 lem
218 3552 356 3616 praecedat:
374 3567 418 3600 cur
429 3551 482 3600 dies
493 3560 519 3599 et
535 3561 619 3599 noctes
630 3550 738 3599 vicissim
755 3565 809 3599 sese
821 3558 953 3613 superent;
971 3565 1015 3598 cur
1031 3549 1090 3598 luna
1101 3549 1195 3598 vultum
1208 3562 1234 3599 et

155 3631 258 3695 figuram
270 3632 363 3687 cariem
381 3647 425 3680 cur
436 3631 541 3695 denique
553 3631 589 3680 sol
601 3646 629 3679 ac
640 3631 699 3680 luna
710 3631 813 3696 eclipsin
824 3631 957 3696 patiantur,
969 3630 1085 3694 disputat.
1121 3631 1167 3678 lx.
1181 3632 1232 3680 De-

154 3711 212 3762 inde
222 3713 308 3762 aeoelo
318 3713 477 3772 descendens,
490 3713 628 3769 herbarum,
640 3714 761 3770 arborum,
772 3713 862 3771 avium,
875 3713 1009 3770 brutorum,
1018 3711 1146 3759 hominum
1158 3711 1233 3775 origi-

155 3809 200 3844 nes
215 3795 339 3854 describit,
351 3795 383 3843 ad
394 3811 416 3844 v.
435 3797 489 3843 835.
525 3795 556 3843 Χ.
575 3795 689 3844 Monstra
703 3810 808 3858 quoque,
824 3792 911 3843 mutila
925 3793 1035 3856 quaedam
1052 3801 1124 3855 atque
1140 3792 1233 3856 imper-

153 3874 216 3924 fecta
232 3876 348 3926 animalia
364 3876 431 3924 nasci
448 3876 568 3935 concedit,
588 3876 633 3924 sed
649 3875 791 3935 Chimaeras,
808 3876 952 3932 Centauros,
974 3873 1073 3938 Scyllas,
1091 3872 1235 3934 reliquaque

155 3951 419 4022 Poetarumportenta
439 3948 548 4006 suaviter
566 3957 668 4016 deridet,
690 3957 721 4006 ad
738 3973 761 4006 v.
782 3959 838 4006 922.
872 3956 919 4004 Xl.
942 3956 1049 4004 Demum
1070 3953 1101 4002 ad
1119 3968 1142 4000 v.
1163 3953 1234 4000 1⁰90.

155 4037 293 4087 Primorum
304 4039 432 4088 hominum
443 4039 515 4098 vires,
527 4038 614 4087 rudem
625 4038 708 4097 vitam,
719 4038 820 4096 cultum,
831 4038 932 4097 victum,
944 4036 1079 4100 ingenium,
1090 4047 1178 4088 mores,
1190 4031 1233 4080 do-

154 4117 253 4173 micilia,
271 4119 427 4168 matrimonia
439 4119 563 4178 describit,
581 4127 605 4167 et
622 4119 693 4166 docet
709 4117 774 4168 unde
791 4133 878 4176 sermo,
896 4133 974 4175 voces,
987 4126 1012 4164 et
1027 4129 1109 4164 rerum
1127 4109 1235 4160 nomina.

157 4199 220 4247 XII.
238 4200 348 4248 'landem
365 4210 420 4263 post
439 4201 520 4264 ignem
539 4201 564 4250 in
583 4209 685 4249 terrase
701 4199 804 4249 fulmine
821 4199 936 4256 delatum,
949 4197 1037 4245 cultior
1048 4194 1106 4252 vita,
1119 4202 1143 4241 ct
1156 4190 1237 4241 victus
