2872 4852
214 222 283 293 26'4
434 223 438 229 ’
595 221 638 286 'R
671 219 946 285 LUCRETII

236 392 286 438 680
304 379 351 444 Et
366 379 466 443 minui
482 376 603 454 LuceS,
619 398 692 441 cum
708 387 836 440 sumant
851 375 1002 460 augmina
1018 374 1145 440 Noctes
1150 402 1165 452 ,·

302 481 374 545 Aut
389 481 465 565 quia
481 479 538 543 Sol
553 478 639 543 idem
653 479 714 542 sub
730 488 847 554 terras,
863 487 963 560 atque
978 499 1132 561 superne,
1237 469 1239 472 ’

303 583 486 667 Imparibus
502 603 636 646 currens
653 579 852 645 anfractibus
868 579 1000 644 aetheris
1016 602 1089 643 oras

306 685 423 760 Partit,
439 695 472 747 et
487 684 519 747 in
534 682 656 767 parteis
672 704 738 746 non
754 705 864 766 aequas
881 682 997 745 dividit
1012 683 1143 759 orbem3

305 786 352 850 Et
367 786 457 870 quod
471 787 513 849 ab
529 783 686 848 alterutra
701 785 845 849 detraxit
859 796 964 868 parte,
981 785 1112 868 reponit

239 899 288 947 685
307 888 392 973 Ejus
407 889 440 952 in
455 888 594 951 adversa
609 898 699 951 tanto
714 885 788 971 plus
804 897 897 970 parte
913 885 1046 964 relatus,

305 989 470 1054 Donicum
486 989 528 1053 ad
543 989 577 1052 id
593 990 720 1072 signum
735 987 810 1051 coeli
824 988 984 1072 pervenit,
999 989 1057 1052 ubi
1072 989 1148 1052 anni

304 1092 425 1157 Nodus
441 1102 616 1156 nocturnas
632 1101 784 1175 exaequat
798 1089 926 1154 lucibus
942 1092 1084 1155 umbras.

305 1193 393 1256 Nam
408 1194 515 1257 medio
531 1215 629 1258 cursu
646 1192 743 1256 flatus
760 1190 945 1275 Aquilonis,
962 1202 995 1255 et
1010 1190 1138 1267 Austri,

306 1295 451 1359 Distinet
465 1305 594 1379 aequato
611 1293 729 1359 coelum
743 1294 928 1359 discrimine
943 1304 1057 1370 metae,
1084 1335 1086 1337 >

238 1409 289 1457 ⁶90
307 1397 449 1481 Propter
466 1395 620 1480 Signiferi
635 1397 814 1480 posituram
829 1396 929 1459 totius
944 1396 1051 1471 orbis3

304 1497 425 1563 Annua
441 1497 499 1562 Sol
513 1498 546 1561 in
561 1521 627 1582 quo
642 1498 813 1562 contundit
829 1507 977 1582 tempora
992 1518 1140 1580 serpens,

307 1600 454 1685 Obliquo
470 1610 585 1676 terras,
602 1610 635 1664 et
651 1599 769 1664 coelum
783 1598 903 1664 lumine
918 1599 1079 1663 lustrans:

232 1738 236 1742 ·
306 1703 355 1766 Ut
369 1703 452 1766 ratio
468 1701 612 1766 declarat
628 1702 765 1778 Eorum,
781 1702 838 1786 qui
852 1700 923 1766 loca
938 1700 1013 1765 coeli

306 1804 426 1869 Omnia
441 1804 607 1887 dispositis
625 1805 724 1888 signis
740 1814 854 1868 ornata
869 1802 1034 1869 notarunt.

239 1918 288 1965 695
347 1904 419 1970 Aut
433 1906 510 1989 quia
525 1907 665 1970 crassior
679 1917 730 1970 est
745 1907 842 1971 certis
857 1907 890 1971 in
905 1908 1054 1991 partibus
1069 1903 1151 1981 Aer,

306 2008 376 2072 Sub
392 2008 486 2072 terris
502 2008 577 2072 ideo
592 2008 765 2072 tremulum
775 2009 875 2093 jubar
888 2008 1021 2073 haesitat
1034 2008 1129 2092 ignis

304 2109 379 2175 Nec
394 2120 568 2193 penetrare
582 2120 692 2193 potest
707 2109 800 2183 facile
816 2120 914 2194 atque
930 2131 1096 2194 emergere
1111 2109 1154 2172 ad
1170 2117 1280 2172 ortus:

306 2211 489 2295 Propterea
502 2223 615 2276 noctes
631 2212 769 2277 hiberno
784 2223 930 2296 tempore
945 2213 1051 2297 longae

309 2315 460 2392 Cessent,
474 2315 552 2380 dum
567 2316 674 2380 veniat
688 2316 851 2381 radiatum
862 2317 989 2402 insigne
1005 2317 1080 2380 diei.

241 2428 291 2480 7⁰0
349 2416 420 2482 Aut
435 2417 542 2494 etiam,
558 2418 635 2501 quia
651 2418 696 2482 sic
712 2417 843 2482 alternis
861 2419 1009 2503 partibus
1025 2419 1100 2482 anni

308 2520 453 2585 Tardius
469 2531 502 2584 et
517 2521 614 2585 citius
630 2532 828 2585 consuerunt
845 2520 1009 2586 confluere
1024 2521 1129 2604 ignes,

306 2622 376 2696 Qui
392 2622 511 2686 faciant
527 2621 636 2686 Solem
651 2633 740 2687 certa
758 2625 800 2688 de
817 2645 951 2708 surgere
966 2633 1070 2708 parte.

352 2723 449 2789 Luna
465 2734 574 2808 potest
589 2723 674 2788 Solis
690 2725 788 2789 radiis
804 2747 962 2810 percussa
976 2726 1091 2802 nitere,

219 2936 320 3002 excipit,
332 2937 411 3001 quiin
423 2937 508 3001 quavis
524 2938 599 2986 etiarn
616 2938 758 3002 obliquitate
791 2936 925 2987 sectionem
939 2937 1039 2987 Zodiaci
1051 2945 1077 2986 et
1090 2935 1237 2999 AEquatoris.

220 3003 247 3050 in
259 3003 319 3050 duas
330 3017 412 3064 aquas
427 3012 510 3066 partes
527 3005 558 3052 ab
575 3003 702 3052 horizonte
720 3003 757 3052 di·
824 3003 879 3051 696.
897 3002 1014 3066 Hatitat]
1027 3001 1132 3050 Tardius
1143 3016 1197 3050 sese
1214 3000 1331 3065 expedit;

219 3067 326 3125 viditur3
344 3083 376 3115 ex
384 3084 432 3130 quo
441 3069 507 3117 fitut
518 3068 554 3116 sol
566 3067 603 3116 bis
615 3067 706 3143 inipso
718 3068 756 3116 in·
793 3070 875 3116 Faber.

220 3141 259 3180 tra
270 3148 361 3180 annum
372 3133 528 3191 constitutus,
540 3134 589 3181 duo
601 3132 681 3181 ubivis
696 3148 757 3196 gen·
824 3132 879 3184 703.
907 3135 975 3180 Luna
991 3139 1067 3194 potest
1087 3134 1147 3180 Solia
1168 3133 1251 3188 radas,
1273 3129 1332 3194 eta]

220 3197 282 3246 tium
291 3198 364 3247 faciat
372 3197 533 3261 aequinoctia:
549 3198 608 3246 hinc
619 3197 716 3261 signum
728 3197 758 3246 il·
791 3199 863 3253 Quod
875 3198 906 3246 ad
917 3198 1000 3246 lunam
1012 3196 1107 3253 attinet,
1120 3195 1141 3244 si
1152 3196 1232 3244 lucem
1246 3211 1263 3244 a
1279 3195 1332 3245 sole

219 3261 303 3311 ludin
320 3280 368 3326 quo
387 3265 478 3313 nodum
494 3263 689 3326 aequinoctialem
706 3279 758 3312 esse
791 3263 902 3328 accipiat,
920 3262 941 3310 si
958 3262 1064 3325 globosae
1082 3261 1115 3310 sit
1132 3262 1224 3324 figurae,
1241 3268 1268 3308 et
1285 3262 1332 3309 sub

218 3328 283 3376 dixit
300 3328 487 3393 intelligendum
508 3329 600 3394 duplex
619 3339 664 3386 est,
685 3328 758 3377 Aries
791 3329 842 3377 sole
853 3344 952 3376 cursum
963 3342 1035 3375 suum
1050 3335 1157 3391 peragat,
1171 3335 1223 3374 tum
1235 3323 1332 3373 varium

219 3393 265 3441 viz.
278 3402 303 3441 et
321 3393 401 3452 Libra,
414 3395 440 3442 in
457 3397 526 3457 cujus
543 3394 670 3457 utriusque
686 3393 758 3443 initio
790 3392 857 3442 illius
873 3392 1082 3456 multiplicemque
1100 3391 1193 3440 vultum
1211 3399 1278 3439 recte
1294 3388 1332 3438 illi

219 3466 305 3505 mutua
316 3458 345 3505 lit
355 3458 473 3522 signiferi,
486 3460 664 3522 aequatorisque
681 3459 757 3508 inter·
791 3458 923 3524 explicant,
944 3457 986 3521 qui
1003 3456 1071 3505 varia
1089 3455 1148 3504 solis
1165 3454 1332 3504 illustratione

219 3521 303 3569 sectio.
333 3524 429 3572 Deinde
447 3525 579 3588 subjungit,
592 3541 614 3574 v.
628 3526 650 3572 5.
664 3524 689 3572 id
705 3524 759 3572 fieri
790 3532 864 3586 prout
882 3523 912 3571 ad
930 3523 1005 3571 solem
1024 3521 1125 3578 aceedit,
1144 3520 1182 3569 vel
1202 3518 1297 3568 recedit
1317 3534 1333 3568 a

219 3599 298 3647 posse,
311 3589 376 3648 quod
388 3598 455 3637 certa
465 3599 524 3638 sunt
534 3605 579 3652 per
590 3589 706 3637 aetherem
721 3589 758 3636 lo·
791 3588 850 3646 sole,
863 3589 951 3651 pheses
962 3587 1028 3634 lunae
1039 3584 1128 3634 variari
1145 3585 1295 3642 existimant,
1307 3600 1330 3633 v.

218 3664 320 3711 eaquae
331 3652 515 3713 possintasole
529 3654 560 3701 ob
576 3653 664 3701 factam
682 3655 758 3714 maj0·
794 3654 831 3699 ll.
866 3652 892 3700 Si
909 3667 967 3701 vero
983 3651 1064 3699 lucem
1081 3650 1180 3698 aliunde
1197 3664 1245 3698 non
1265 3649 1331 3698 acri·

219 3728 271 3760 rem
289 3713 456 3778 minoremque
472 3717 638 3765 resistentiam
649 3717 757 3766 velocius
789 3716 849 3780 piat,
868 3728 919 3764 turn
937 3715 1032 3780 concipi
1051 3725 1132 3780 potest
1152 3715 1219 3762 aliud
1239 3729 1331 3778 corpus

219 3776 349 3840 segniusve
360 3781 478 3842 percurri.
508 3782 623 3839 Demum,
632 3797 655 3829 v.
666 3784 688 3829 3.
701 3780 758 3844 quia
790 3796 893 3845 opacum
905 3780 1010 3843 quidem,
1023 3789 1048 3828 et
1059 3795 1154 3828 cassum
1171 3778 1238 3828 omni
1255 3778 1330 3828 lumi-

219 3841 320 3890 alternis
331 3843 390 3890 anni
401 3844 512 3906 partibus
524 3846 617 3894 tardius
628 3855 671 3894 aut
685 3845 757 3894 citius
790 3861 829 3903 ne,
842 3846 905 3909 quod
918 3861 1033 3893 unacum
1050 3844 1109 3893 luna
1125 3845 1209 3902 fertur,
1222 3851 1247 3892 et
1262 3842 1332 3892 illius
1353 3851 1354 3854 ’

219 3906 367 3955 conveniant
387 3907 429 3956 isti
448 3908 518 3970 ignes
539 3909 581 3970 qui
598 3909 699 3968 faciunt,
717 3910 758 3958 vel
790 3909 872 3959 radios
894 3910 990 3969 avertit,
1013 3926 1036 3958 r.
1060 3912 1082 3957 5.
1122 3909 1169 3958 Vel
1191 3907 1331 3972 intelligere

218 3971 356 4020 accendunt
367 3971 450 4019 solem.
789 3990 919 4039 possumus
930 3975 996 4024 lunae
1006 3975 1105 4038 globum
1118 3990 1149 4022 ex
1160 3972 1262 4022 dimidia
1274 3983 1330 4021 tan-

252 4037 307 4084 680.
328 4039 383 4084 Cum
400 4044 491 4085 mmant
506 4037 628 4100 augmina]
647 4038 700 4087 Lib.
720 4039 756 4087 11.
790 4049 843 4088 tum
859 4049 929 4103 parte
944 4039 1061 4098 lucidum,
1073 4039 1123 4102 qui,
1137 4038 1158 4088 si
1175 4039 1240 4087 circa
1257 4045 1331 4087 suu'm

219 4104 445 4164 Augmtnammunt.
474 4102 612 4164 Augentur.
790 4113 902 4153 centrum
913 4105 1032 4160 volvatur,
1044 4104 1125 4152 varias
1141 4119 1201 4168 ques
1218 4102 1331 4152 videmus

253 4167 308 4215 ost.
336 4164 503 4230 Ansraettbur]
527 4165 581 4214 Viis
603 4165 709 4216 sinuosis
732 4178 757 4216 et
789 4170 878 4233 pheses
901 4167 1033 4225 exhibebit,
1054 4184 1077 4216 v.
1099 4170 1121 4218 9.
1159 4167 1255 4224 Quibus
1277 4167 1330 4216 baee

219 4230 343 4280 flexuosis„
790 4233 873 4282 omnia
895 4232 1033 4296 displicent,
1056 4232 1096 4281 isti
1125 4234 1231 4282 habeant
1257 4232 1332 4283 lum

253 4296 309 4355 686,
319 4295 374 4347 687.
390 4300 454 4345 Anni
464 4294 557 4358 Nodos]
569 4297 672 4360 Propter
680 4296 757 4345 inter·
791 4296 900 4359 quotidie
918 4306 1047 4345 nascentes
1067 4307 1091 4346 et
1111 4297 1277 4354 intereuntem
1302 4296 1331 4346 id
