2872 4852
444 223 617 300 mssa
646 220 904 287 ruamus.
1097 297 1099 301 y
1172 219 1234 284 175

209 382 283 447 Nec
299 381 388 447 videt
402 381 535 457 interea,
552 379 608 463 qui
624 379 780 442 terminus
795 399 868 441 esse
883 374 1040 440 malorum

210 485 332 561 Possit,
349 505 408 548 nec
423 505 497 567 quae
514 483 556 546 sit
570 503 740 566 poenarum
757 481 897 564 denique
912 479 1005 555 linis;

137 598 200 644 1035
211 586 324 671 Atque
336 586 451 650 eadem
465 585 580 650 metuit
594 584 696 668 magis
711 583 783 648 haec
798 606 838 647 ne
854 583 887 646 in
901 592 1006 646 morte
1022 590 1231 665 gravescunt:

211 688 300 753 Hinc
314 688 499 753 Acherusia
513 687 552 751 fit
568 685 748 753 Stultorum
764 686 905 769 denique
921 685 996 748 vita.

254 790 330 854 Hoc
346 791 443 854 etiam
458 791 517 854 tibi
532 790 621 854 Tute
635 789 799 853 interdum
814 789 922 852 dicere
938 786 1062 871 possis:

212 892 352 956 Lumina
368 895 411 957 sis
427 892 529 958 oculis
545 893 641 957 etiam
656 893 762 956 bonus
780 890 885 956 Ancu'
900 889 1042 973 reliquit,

211 995 280 1068 Qui
294 995 407 1060 melior
421 994 541 1072 multis,
558 1017 655 1079 quam
669 993 736 1071 Tu,
753 993 825 1070 fuit,
842 991 1005 1077 Improbe,
1021 992 1131 1056 rebus.

138 1109 200 1155 1⁰40
213 1098 296 1162 Inde
312 1097 365 1160 alii
378 1097 471 1161 multi
484 1120 591 1181 reges,
607 1119 781 1180 rerumque
796 1105 947 1180 potentes

213 1200 428 1276 Occiderunt,
443 1201 568 1283 magnis
584 1199 641 1283 qui
655 1199 807 1282 gentibus
823 1195 1061 1282 imperitdrunt.

255 1301 314 1367 Ille
330 1324 460 1386 quoque
473 1301 562 1385 Ipse,
574 1303 657 1364 viam
670 1302 726 1384 qui
737 1300 901 1385 quondam
912 1322 972 1384 per
981 1320 1069 1363 mare
1084 1321 1235 1383 magnum

214 1404 347 1480 Stravit,
364 1404 490 1486 iterque
506 1403 598 1467 dedit
612 1401 795 1486 legionibus
809 1403 857 1465 ire
868 1424 928 1485 per
943 1400 1054 1477 altum,

213 1506 265 1570 Ac
281 1505 421 1589 pedibus
438 1503 539 1568 salsas
555 1501 666 1570 docuit
682 1527 781 1589 super
796 1505 842 1568 ire
857 1503 1010 1567 lacunas:

141 1620 202 1667 1045
216 1608 262 1672 Et
277 1609 460 1684 contemsit,
477 1608 569 1691 aquis
585 1606 755 1683 insultam,
770 1628 936 1670 murmura
950 1607 1054 1690 ponti,

214 1710 353 1791 Lumine
368 1709 509 1786 ademto,
526 1709 663 1783 animam
678 1708 871 1773 moribundo
885 1730 1022 1792 corpore
1038 1707 1134 1772 fudit.

256 1812 438 1896 Scipiades,
454 1810 532 1875 belli
545 1809 678 1887 fulmen,
695 1809 903 1894 Carthaginis
919 1809 1047 1887 horror,

213 1916 301 1979 Ossa
316 1914 408 1978 dedit
421 1925 530 1990 terrae,
545 1913 683 1997 proinde
700 1934 737 1977 ac
753 1911 852 1976 famul
866 1911 997 1976 infimus
1013 1923 1111 1977 esset.

255 2017 356 2080 Adde
371 2026 556 2101 repertores
573 2015 804 2091 doctrinarum,
821 2024 919 2097 atque
933 2012 1093 2097 lepomm,

139 2132 201 2177 105⁰
214 2119 313 2185 Adde
329 2117 581 2182 Heliconiadum
595 2116 747 2192 comites3
772 2136 911 2198 quorum
924 2138 1009 2180 unus
1024 2115 1192 2182 Homerus

216 2220 355 2304 Sceptra
370 2219 505 2302 potitus,
523 2217 638 2281 eadem
652 2215 722 2280 aliis
739 2216 855 2300 sopitu’
871 2217 979 2299 quiete
995 2216 1045 2279 ’st.

260 2321 415 2403 Denique
429 2318 655 2384 Democritum
670 2327 843 2400 postquam
857 2327 984 2381 matura
998 2327 1144 2383 vetustas

162 2546 232 2598 1037.
249 2548 381 2595 Hocetiam
395 2550 439 2595 tibi
456 2549 521 2604 Tute,
540 2547 596 2610 eto]
614 2547 665 2595 De·
700 2547 802 2595 Frustra
820 2546 896 2610 igitur
915 2547 1013 2611 quidam
1036 2547 1129 2612 legunt,
1153 2551 1240 2598 lumino

128 2626 203 2669 mum,
212 2627 235 2659 v.
247 2614 285 2660 29.
296 2611 384 2674 vulgus
393 2611 527 2670 hominum,
537 2627 666 2661 numerum
699 2617 733 2660 sic
743 2617 814 2660 etiam
824 2615 885 2661 solis.

128 2677 210 2735 istum,
227 2686 255 2725 ut
271 2675 380 2738 loquitur
398 2676 524 2735 Horatius,
542 2686 567 2725 et
584 2677 667 2740 fruges
733 2677 796 2725 lbid.
814 2680 892 2726 Bonus
909 2676 996 2740 Ancu’]
1016 2679 1055 2726 De
1071 2694 1119 2740 quo
1138 2676 1240 2735 Li'vius's

127 2757 271 2790 consumere
283 2740 496 2805 natumincrepat,
522 2742 588 2796 Quid
600 2743 667 2790 enim
699 2744 776 2790 Aoitce
785 2745 866 2805 glorie
882 2758 972 2800 memor,
989 2747 1087 2791 medium
1103 2752 1155 2791 erat
1171 2747 1195 2791 iu
1213 2761 1239 2792 eo

127 2806 169 2857 isti
180 2806 227 2855 sibi
238 2806 341 2868 aliisque
352 2822 452 2870 prorsus
468 2806 568 2855 inutiles
584 2806 665 2870 indig·
698 2810 821 2869 ingenium,
830 2810 944 2856 etNumoe
955 2815 979 2856 et
987 2811 1079 2856 Romuli
1087 2825 1176 2866 memor,
1187 2812 1238 2856 cui·

128 2880 253 2930 narentur,
265 2887 291 2920 se
302 2871 389 2919 iisdem
403 2871 498 2934 legibus
514 2871 667 2920 necessitatis
699 2874 755 2919 libet
766 2875 907 2933 superiorum
920 2889 999 2935 regum
1018 2876 1072 2921 belli
1086 2877 1195 2936 pacisque
1214 2881 1239 2922 ei

127 2936 222 2998 subjici,
250 2936 338 2999 quibus
365 2936 467 2984 maximi
497 2936 666 3000 imperatores,
698 2940 970 2999 ortibusetgioriopom

127 3001 265 3050 conditores
276 3001 358 3064 legum
373 3010 445 3064 atque
462 3001 567 3058 urbium,
585 3001 664 3051 scien·
733 3003 802 3049 1042.
820 3004 864 3050 Ille
880 3019 966 3064 quoque
984 3002 1050 3066 Ipse]
1072 3002 1176 3060 Xerxes,
1195 3001 1238 3065 qui

129 3066 216 3116 riarum
227 3066 349 3123 authores,
365 3075 390 3114 et
407 3065 507 3129 ingenio
524 3066 666 3128 artibusque
699 3066 863 3130 Hellesponto
868 3069 955 3129 juncto
965 3067 1053 3130 (Tullii
1064 3068 1145 3116 verbis
1156 3067 1183 3115 in
1194 3068 1238 3117 lib.

128 3130 235 3180 illustres
243 3130 290 3179 viri
295 3132 348 3192 jam
357 3139 479 3188 tenentur,
490 3139 515 3178 et
526 3131 585 3179 olim
596 3141 665 3179 tene-
700 3131 736 3178 ΙΙ.
749 3131 780 3178 de
792 3131 847 3179 Fin.
860 3131 935 3193 utor),
947 3148 1014 3180 mare
1026 3133 1166 3180 ambulavit.

128 3196 230 3244 bantur:
249 3195 356 3243 deterior
364 3195 437 3243 debet
446 3211 499 3243 esse
511 3211 595 3243 eorum
606 3211 665 3243 con·
733 3197 803 3244 1045.
816 3199 890 3257 Aquis
901 3196 1028 3258 insultans]
1041 3197 1080 3244 Ita
1088 3205 1154 3244 recte
1163 3197 1236 3244 Lam

128 3259 196 3317 ditio,
209 3268 327 3308 ettamen
339 3259 369 3308 de
382 3275 451 3321 aequs
467 3268 602 3321 queruntur
618 3260 665 3307 im·
699 3259 777 3307 binus.
795 3262 912 3308 Insultare
929 3263 981 3317 solo,
999 3261 1126 3322 Virgilius.
1159 3262 1237 3308 Insui·

129 3324 247 3372 modesril
265 3325 349 3372 Ancus
366 3323 480 3381 Martius,
497 3333 597 3385 quartus
614 3324 665 3371 Ro·
700 3332 750 3372 tore
779 3327 850 3380 busto,
880 3323 1006 3372 Horatius.
1035 3325 1149 3372 Gifanius
1170 3339 1238 3381 vero,

129 3401 257 3436 manorum
268 3402 320 3444 rex,
331 3403 354 3435 v.
368 3389 390 3434 5.
408 3388 505 3436 Xerxes
518 3387 561 3435 ille
578 3388 666 3436 Persa-
699 3390 763 3449 equis
787 3391 908 3444 insultans,
932 3387 973 3435 cui
996 3387 1063 3436 favet
1090 3388 1237 3445 Salmasiuss

129 3466 185 3500 rum
198 3451 340 3515 imperator,
351 3466 374 3498 v.
387 3453 410 3498 5.
428 3451 511 3514 Scipio
528 3451 665 3508 Africanus,
700 3450 768 3513 quasi
782 3451 808 3499 id
824 3462 907 3514 ageret
924 3452 1060 3512 Lucretius,
1077 3463 1105 3501 ut
1121 3453 1239 3502 sciremus

130 3532 152 3564 v.
166 3519 188 3563 2.
205 3516 263 3564 olim
279 3515 398 3563 obierunt.
433 3517 515 3564 Pottae
531 3531 624 3573 omnes,
642 3526 668 3564 et
700 3516 811 3563 Xerxem
822 3515 1077 3580 Hellespontojuncto
1086 3527 1136 3566 tum
1145 3517 1241 3580 equites

130 3596 214 3629 eorum
227 3581 300 3629 Pater
311 3580 442 3637 Homerus,
452 3596 474 3628 v.
488 3582 510 3628 3.
538 3580 666 3629 Democri·
700 3595 773 3643 quam
784 3581 880 3644 pedites
891 3581 1021 3643 trajecisse.

130 3654 169 3694 tus
180 3645 293 3708 denique,
305 3660 328 3693 v.
342 3647 364 3692 3.
382 3646 463 3707 Atque
475 3644 598 3709 Epicurus
609 3645 666 3693 reli·
736 3647 804 3693 1048.
824 3645 918 3708 Fumat]
936 3647 1055 3695 Oscorum
1073 3663 1122 3696 vox
1137 3663 1183 3712 pro
1193 3646 1237 3710 fa-

129 3710 184 3772 quis
200 3709 313 3758 omnibus
333 3709 488 3773 prestantior
508 3710 668 3774 philosophus
701 3713 796 3758 mulus:
827 3710 942 3766 Enniust
972 3713 1095 3761 Mortalem
1129 3729 1239 3775 summum

129 3775 230 3834 interiit,
243 3791 266 3822 v.
280 3777 302 3823 3.
332 3775 380 3823 Abi
395 3774 471 3837 igitur
484 3783 517 3834 tu,
530 3775 669 3838 quicunque
702 3779 805 3824 Fortuna
825 3785 917 3837 repente
939 3778 1033 3833 Reddit,
1057 3785 1084 3825 ut
1105 3795 1134 3826 ec
1155 3795 1240 3826 summo

129 3856 163 3899 es,
173 3857 219 3888 nec
232 3840 333 3903 deplora
344 3839 391 3888 ista
402 3849 500 3897 sortem,
518 3856 591 3903 quam
608 3839 669 3888 tales
701 3843 780 3904 Regno
795 3840 870 3889 famul
886 3843 975 3901 infimus
991 3849 1066 3891 erret:
1090 3843 1159 3890 Idem
1178 3845 1242 3891 dciii

130 3906 239 3968 tantique
257 3904 311 3962 viri,
328 3904 452 3968 praecipue
470 3905 627 3954 Democritus
645 3913 670 3954 et
701 3905 774 3953 homo
784 3920 830 3968 pro
841 3909 931 3954 debilis.
959 3906 1122 3970 Vsrro,soeul
1137 3917 1162 3954 et
1178 3910 1240 3968 diffi-

131 3971 252 4034 Epicurus
264 3969 314 4018 laeti
325 3970 460 4018 subierunt.
701 3973 755 4024 cuis
773 3973 832 4032 quod
842 3979 919 4019 utrum
930 3974 962 4019 sit
973 3989 1086 4035 maguum,
1098 3989 1128 4020 oo
1135 3988 1240 4032 porrum,

165 4036 234 4084 103⁸.
258 4037 358 4083 Lumina
380 4038 412 4082 sis
435 4034 519 4097 oculis]
541 4033 594 4083 viz.
615 4037 669 4082 Satis
693 4035 770 4098 facul,
783 4050 814 4082 an
826 4038 919 4096 difficul.

131 4101 217 4154 eculin
234 4114 290 4147 nam
302 4103 341 4158 sis,
353 4116 396 4157 sos,
409 4115 456 4158 sas,
472 4115 517 4163 pro
535 4103 590 4156 suis,
609 4116 667 4156 suos,
735 4101 805 4148 1050.
824 4103 888 4149 Unus
896 4098 1021 4162 Homerus]
1034 4100 1094 4158 Alii,
1104 4116 1176 4153 oeus,-
1193 4099 1239 4146 im·

132 4179 201 4217 sums
223 4173 324 4213 veteres
359 4163 472 4219 Ennius;
494 4167 600 4227 Virgines
616 4181 668 4212 nom
702 4163 787 4228 perite.

133 4229 178 4274 sibi
197 4231 290 4289 quisque
309 4232 370 4278 domi
388 4231 504 4278 Romam
522 4229 596 4278 habet
613 4243 667 4277 sas:
737 4231 806 4277 1052.
818 4232 923 4292 Denique
932 4231 1094 4286 Democritum,
1104 4226 1162 4288 eta]
1174 4227 1241 4276 Her·

135 4289 244 4348 Naevius,
256 4291 295 4340 Sis
303 4295 370 4342 Poeni
380 4297 554 4342 contremiscunt
564 4297 668 4342 arturius.
703 4293 801 4358 mippus
812 4294 878 4357 apud
890 4293 1015 4341 Lairtium
1026 4293 1092 4339 hunc
1103 4291 1184 4356 locum
1195 4307 1239 4340 ex·
