2872 4852
221 235 286 298 188
597 234 640 299 Τ.
672 221 950 299 LUCRETII

306 389 455 462 Quorum
470 389 628 473 quantula
642 413 720 475 pars
734 392 776 454 sit
790 391 914 474 lmago,
930 390 1041 454 dicere
1055 413 1150 454 nemo
1165 393 1206 455 ’st

307 489 375 563 Qui
389 491 505 574 possit,
519 513 628 574 neque
641 514 712 555 eam
728 492 886 556 rationem
900 492 1040 556 reddere
1057 492 1163 557 dictis

243 603 289 650 130
340 593 415 656 'Sed
430 616 471 656 ne
487 592 573 658 forte
586 605 685 678 putes
698 617 738 658 ea
753 595 884 659 demum
898 593 966 658 sola
981 616 1113 678 vagare,

307 693 521 779 Quaecunqne
534 697 579 760 ab
589 699 687 761 rebus
702 719 813 760 rerum
828 694 1007 761 Sirnulacra
1021 696 1199 760 recedunt:

307 796 393 860 Sunt
407 798 517 875 etiam,
531 822 606 882 quae
620 810 737 883 sponte
752 822 811 862 sua
826 800 1015 883 gignuntur,
1032 809 1066 862 et
1080 799 1153 882 ipsa

310 898 561 964 Constituantur
572 901 606 964 in
620 901 684 965 hoc
699 899 795 978 coelo,
811 901 868 984 qui
882 900 1001 964 dicitur
1016 905 1093 978 aer3
1167 937 1169 943 s

308 1000 395 1073 Quae
408 1001 517 1065 multis
533 1002 671 1066 formata
686 1003 790 1066 modis
807 1001 943 1066 sublime
958 1001 1122 1079 feruntur,

245 1115 291 1162 rat
307 1102 380 1167 Nec
397 1105 537 1187 speciem
552 1113 678 1167 mutare
692 1109 784 1167 suam
798 1103 954 1187 liquentia
968 1114 1121 1182 cessant;

306 1204 353 1267 Et
368 1205 639 1289 quoiusquemodi
653 1205 828 1270 formarum
842 1215 970 1270 vertere
984 1206 1017 1268 in
1033 1228 1101 1270 ora.

307 1305 355 1370 Ut
370 1307 486 1371 nubeis
501 1306 594 1371 facile
609 1307 773 1371 interdum
788 1329 997 1372 concrescere
1012 1309 1046 1370 in
1061 1307 1129 1371 alto
1152 1370 1154 1374 ,

307 1407 490 1485 Cernimus,
505 1422 539 1473 et
553 1409 666 1473 mundi
680 1409 822 1492 speciem
837 1406 957 1472 violare
974 1430 1134 1486 serenam,

306 1509 397 1575 Aera
411 1510 600 1575 mulcenteis
616 1520 723 1575 motu:
747 1519 822 1575 nam
836 1533 924 1594 saepe
941 1509 1121 1594 Gigantum

244 1626 290 1672 140
309 1613 380 1676 Ora
395 1612 503 1677 volare
519 1612 681 1689 ridentur,
695 1624 731 1677 et
744 1615 889 1678 umbram
904 1613 1029 1678 ducere
1041 1613 1129 1679 late:

306 1715 476 1779 Interdum
491 1715 600 1799 magni
611 1726 750 1792 montes,
766 1713 941 1800 avolsaque
955 1738 1036 1779 saxa

307 1818 478 1881 Montibus
494 1818 630 1894 anteire,
646 1827 680 1881 et
695 1817 795 1881 solem
810 1819 987 1883 succedere
1002 1830 1141 1903 praeter;

299 1920 389 1984 ⁴Inde
406 1919 484 1984 alios
502 1919 644 1997 trahere,
661 1929 758 2003 atque
774 1920 929 1985 inducere
945 1920 1054 1985 bellua
1068 1921 1207 1986 nimbos.

350 2022 449 2086 Nunc
464 2029 503 2087 ea
519 2043 616 2106 quam
631 2021 728 2099 facili,
743 2033 777 2086 et
792 2021 889 2087 celeri
903 2024 1030 2087 ratione
1044 2033 1217 2107 genantur,

255 2231 308 2278 130.
326 2234 374 2279 Sed
382 2231 478 2294 uefhrte
486 2240 562 2293 putes,
574 2230 631 2292 eta]
645 2231 703 2278 Post
715 2246 758 2278 ex·
826 2231 880 2279 139,
897 2233 960 2278 Αὲνα
971 2233 1102 2280 mulcentes}
1113 2229 1186 2294 motu]
1200 2230 1259 2288 Alii,
1269 2235 1337 2279 A'e'n

220 2294 758 2360 positumfamiliaremillum,aepraecipuum
791 2298 912 2343 mulcentes
928 2303 1025 2342 nautum:
1048 2295 1170 2353 Gifanius,
1186 2298 1249 2343 A'e'rc
1266 2296 1333 2343 mul-

221 2359 320 2408 modum
346 2361 512 2424 generationis
535 2361 670 2424 imaginum
699 2375 761 2422 quas
791 2369 877 2423 gentes
900 2367 969 2417 motu,
991 2359 1018 2407 id
1040 2369 1083 2416 est,
1107 2359 1269 2422 impellentes,
1292 2361 1336 2408 uel

221 2422 367 2474 ἀποστάσεις
378 2436 403 2473 et
414 2423 540 2489 ἀποῤῥοίας
548 2435 621 2474 uocat
629 2424 760 2488 Epicurus,
793 2425 921 2487 agitantes.
958 2424 998 2472 Sic
1018 2424 1122 2481 Ennius,
1146 2424 1267 2472 Mulserat
1288 2427 1338 2473 ltue

221 2488 353 2550 quiafiunt
368 2491 485 2539 continua
501 2490 605 2552 quadam
623 2489 760 2553 direptione
793 2505 871 2536 ααυοιυ
888 2491 1023 2550 compulsam
1034 2491 1152 2549 fluctuans
1168 2491 1263 2536 Pontus.
1289 2488 1335 2536 Ci-

221 2553 406 2617 avolationeque
424 2555 534 2603 tenuium
550 2554 619 2617 quasi
639 2555 761 2602 membra·
793 2569 851 2601 cero
861 2553 887 2600 in
897 2553 968 2600 Arati
980 2553 1137 2601 Pbaenomen.
1158 2557 1193 2601 At
1200 2561 1297 2615 propter
1307 2571 1337 2603 se

221 2617 334 2667 aularum
346 2621 376 2667 ab
388 2619 487 2668 extimis
501 2618 656 2682 corporibus,
679 2635 701 2666 υ.
722 2620 759 2665 14.
793 2620 872 2679 aquila
883 2621 976 2665 ardenti
987 2635 1037 2666 cum
1048 2635 1140 2680 corpore
1150 2626 1231 2680 portet
1241 2617 1335 2681 [gaire-

221 2682 328 2745 explicat
350 2683 417 2731 aliud
438 2699 516 2746 genus
539 2683 681 2745 imaginum,
701 2698 761 2744 quas
793 2699 843 2729 rum
861 2682 973 2744 mulgeas
994 2685 1146 2731 tremebundis
1165 2685 1221 2730 u'e'ru
1239 2687 1336 2744 pennis.

221 2744 351 2796 amedeus
373 2756 443 2795 vocat
465 2747 595 2811 Epicurus,
614 2747 676 2808 'qnia
702 2755 760 2794 sunt
792 2746 851 2803 Alii,
864 2747 929 2794 Atra
940 2749 1065 2796 mulcentes
1075 2757 1159 2795 motu:
1176 2750 1277 2795 manare
1286 2762 1335 2796 au·

221 2810 290 2871 quasi
305 2811 416 2872 quaedam
432 2811 655 2874 coagmentationes
671 2820 759 2874 sponte
792 2819 842 2858 tem
863 2812 999 2868 verberare,
1019 2821 1044 2859 et
1061 2826 1125 2874 pene
1143 2811 1256 2860 mutilare
1278 2822 1334 2868 est;

221 2890 265 2922 sua
274 2874 300 2922 in
310 2875 390 2922 medio
400 2878 455 2923 ae're
465 2885 534 2932 nate,
546 2885 661 2936 tanquam
673 2876 759 2932 nubes,
792 2875 864 2922 modo
875 2885 956 2923 autem
973 2876 1044 2933 dixit,
1064 2879 1123 2924 Coeli
1135 2875 1223 2938 sacten
1239 2875 1336 2926 violare

221 2954 300 3000 neque
321 2955 335 2987 e
353 2940 426 2988 rebus
444 2939 506 3002 ipsis
522 2955 608 2987 revera
625 2939 757 3003 profluunt.
791 2956 899 2988 serenam.
925 2940 1016 2988 Decem
1025 2940 1333 2990 hiversussuntincodd.

222 3003 285 3051 lnde
306 3003 427 3067 gigantes,
448 3012 552 3062 montes,
575 3005 655 3061 urbes,
681 3012 705 3051 et
733 3003 759 3051 id
791 3003 879 3052 misere
899 3005 996 3062 turbati,
1013 3005 1039 3052 iu
1060 3005 1165 3068 aliquem
1184 3004 1270 3054 saltem
1289 3021 1333 3054 or·

220 3084 298 3130 genus
310 3068 357 3116 alia
366 3068 432 3116 inter
442 3070 519 3117 nubes
529 3085 594 3132 saepe
604 3067 720 3125 videmus,
734 3077 759 3116 et
791 3068 874 3117 dinem
885 3069 980 3132 redegit
992 3070 1133 3127 Lambinus,
1145 3070 1226 3118 forsan
1238 3085 1288 3118 non
1303 3070 1334 3120 in

219 3133 288 3181 stulti
311 3133 478 3190 admirantum
513 3133 637 3182 Diodorus
662 3132 760 3182 Siculus
791 3133 918 3196 optimum.
960 3134 1064 3182 Versum
1087 3134 1163 3197 igitur
1189 3136 1243 3183 143.
1272 3137 1334 3184 Inde

219 3208 316 3262 spectra
323 3208 497 3247 commemorat
507 3198 607 3247 formari
618 3207 706 3262 sponte
717 3214 756 3246 so·
790 3201 848 3247 altos
863 3202 954 3246 trabere
969 3207 1037 3261 atque
1051 3202 1158 3248 inducere
1174 3198 1255 3247 bellua
1270 3203 1333 3248 utst-

219 3263 263 3311 lita
285 3264 311 3312 in
334 3264 425 3312 Africae
447 3263 596 3327 regionibus,
619 3279 673 3326 quae
700 3272 757 3310 sunt
791 3263 1061 3321 bos,locosuomotum
1074 3263 1154 3312 versui
1174 3266 1227 3311 138.
1244 3266 1333 3314 Mundi

219 3328 283 3377 ultra
296 3330 386 3393 Syrtes,
398 3339 423 3378 et
435 3330 548 3392 Cyrenen
559 3328 628 3380 sitoe:
646 3327 700 3390 cepi
709 3324 758 3390 γάρ
789 3332 884 3390 speciem
904 3331 990 3376 uiolare
1009 3345 1119 3385 serenam,
1142 3328 1282 3390 subjungas,
1306 3339 1335 3378 et

219 3410 285 3442 τινας
296 3393 389 3457 καιροὺς
400 3394 439 3443 uul
450 3391 557 3454 μάλιστα
574 3392 636 3442 κατὰ
653 3392 697 3442 ads
714 3411 755 3450 νη-
789 3408 845 3442 cnm
857 3393 985 3441 Gassendo
995 3393 1070 3456 legas,
1082 3395 1140 3440 Inde
1156 3396 1214 3440 ulios
1229 3395 1333 3453 trabere,

220 3455 300 3517 reulus
308 3456 441 3508 Συσσάσειι
452 3461 550 3521 ὁρῶνται
562 3457 624 3507 κατὰ
633 3457 678 3506 τὸν
687 3455 759 3520 Ἀέρα
790 3467 858 3520 atque
869 3461 976 3506 inducere
992 3457 1077 3506 nubila
1092 3460 1186 3505 nimbos.
1204 3456 1275 3505 Nihil
1292 3467 1333 3508 ta·

219 3520 337 3570 ramulae
354 3521 419 3583 ζώων
438 3521 501 3573 ἰδέαι
519 3524 682 3586 ἐμφαίνουσαι·
701 3521 757 3571 σού·
790 3532 931 3570 menmuto.

218 3603 267 3632 σοιν
283 3584 310 3632 δὲ
326 3588 351 3635 αἱ
365 3586 409 3646 μὲν
425 3589 558 3649 ἠρεμοῦσιν,
577 3589 602 3636 αἱ
621 3585 647 3635 δὲ
664 3585 760 3644 κίνησιν
825 3589 879 3635 144.
897 3590 966 3635 Nune
983 3604 1011 3635 ea
1032 3605 1099 3649 quem
1112 3585 1191 3648 sacili,
1210 3593 1234 3635 et
1253 3589 1334 3647 celeri,

219 3646 377 3708 λαμβάνουσι,
391 3650 431 3699 καί
446 3668 505 3700 ποτε
521 3650 567 3711 μὲν
585 3649 755 3713 ὑποφεύγουσι,
789 3651 846 3713 etc]
866 3653 989 3714 Perpetuo
1007 3660 1032 3698 et
1045 3652 1099 3714 jugi
1119 3651 1196 3700 fluore
1214 3659 1240 3698 et
1259 3653 1331 3702 omni

220 3711 279 3760 ποτὲ
299 3711 325 3760 δὲ
345 3714 461 3772 διώκουσι,
485 3725 531 3764 etc.
572 3714 675 3790 Epicuri
697 3730 756 3762 voce
790 3716 907 3778 temporis
924 3724 1047 3763 momento
1064 3716 1211 3764 simulachra
1225 3731 1240 3763 a
1255 3717 1334 3767 rebus

220 3775 352 3828 Ξυοτιίοεις
363 3777 441 3826 utitur
453 3779 583 3838 Diodorus,
595 3794 650 3842 rpse
663 3778 756 3841 Epicu·
790 3779 855 3827 mitti
864 3796 886 3827 v.
902 3781 938 3826 18.
947 3780 1042 3842 probat,
1053 3790 1197 3843 argumento
1206 3796 1221 3828 a
1231 3784 1335 3841 speculis

218 3856 282 3890 reus.
312 3842 407 3889 Similia
421 3843 494 3890 habet
512 3843 663 3907 Pomponius
682 3842 757 3900 Mela,
790 3845 877 3899 ducto;
895 3843 978 3906 profer
991 3844 1125 3908 speculum,
1142 3844 1272 3908 qu’uslibet
1293 3847 1333 3895 rei

220 3907 250 3954 de
264 3906 413 3954 Mauritania
425 3923 479 3968 quae
488 3916 554 3954 retro
563 3907 705 3954 Atlantem:
723 3907 756 3954 si·
790 3908 891 3968 obJ‘ecue
901 3907 983 3971 imago
994 3909 1074 3958 subito
1085 3919 1195 3984 apparet,
1211 3909 1276 3972 quod
1291 3919 1331 3960 ta-

220 3970 287 4019 milia
316 3970 410 4018 Plinius
433 3972 464 4018 de
487 3971 593 4034 Scythiae
617 3970 757 4034 regionibus
790 3987 847 4019 men
868 3987 918 4020 non
935 3972 1013 4031 fieret,
1032 3973 1080 4022 nisi
1100 3975 1172 4022 istius
1189 3975 1226 4023 rei
1248 3974 1283 4022 im

219 4051 274 4099 qnae
290 4036 353 4083 intra
374 4036 478 4083 Imaum.
512 4036 579 4083 Nota
600 4035 673 4083 etiam
690 4045 756 4093 suut,
789 4035 999 4100 abipsocorpore
1016 4037 1094 4086 fluens
1113 4040 1144 4087 ab
1162 4039 1211 4087 isto
1228 4054 1287 4114 spec
1315 4058 1333 4090 ο

219 4116 272 4164 quae
283 4101 314 4149 de
326 4103 448 4164 Morgana,
460 4115 504 4148 seu
520 4099 610 4148 celebri
627 4099 670 4147 illo
688 4101 755 4148 Rhe·
789 4099 947 4162 rejiceretur:
975 4102 996 4150 si
1018 4102 1136 4164 inquiras,
1157 4119 1201 4152 cur
1218 4104 1273 4152 alra
1291 4121 1335 4156 res

218 4165 332 4229 gitium
340 4165 479 4228 spectaculo
487 4164 596 4228 prodidit
606 4164 754 4213 Kircherus:
789 4181 838 4214 non
866 4165 988 4228 repellant
1015 4167 1156 4230 imagines?
1188 4170 1334 4232 respondet,

219 4228 756 4293 etinomuilereregioneistinsmodispectra
788 4230 848 4279 alias
865 4245 919 4279 esse
936 4246 1011 4289 raras,
1030 4248 1091 4294 quas
1113 4235 1254 4282 ιὶιαιιὶοοονσ
1271 4248 1334 4297 μοι,

219 4295 319 4360 plurimi
329 4295 419 4355 vident,
430 4295 515 4344 saltem
524 4303 612 4357 putant
621 4309 647 4342 se
657 4293 754 4343 vidisse.
788 4303 885 4351 meant3
904 4294 964 4344 alias
980 4313 1083 4361 porosas
1097 4307 1139 4346 aut
1157 4313 1256 4361 asperas
1274 4315 1333 4352 essa
