2872 4852
619 185 674 258 'xi

99 359 292 446 luptatibuS,
322 363 383 423 nec
411 357 617 442 praemiorum
646 357 807 423 mercibus
837 364 1012 422 evocatam.
1039 355 1208 423 ltacum

100 480 210 543 amicis
224 478 305 542 mori
320 477 485 554 sustinuit,
501 477 640 541 moriens
654 499 711 542 eos
728 477 919 562 superstites
931 499 1055 542 summa
1068 478 1209 554 benevo-

100 595 199 662 lentia
213 597 382 681 amplexus
397 608 458 676 est,
475 606 509 661 et
531 597 559 660 si
579 597 754 661 maximum
774 595 854 661 fidei
875 596 1029 662 indicium
1047 597 1206 681 requiras,

100 713 182 779 non⁷
196 717 357 781 dubitavit
372 738 433 799 pro
450 713 567 780 Amico
581 715 672 779 mori.

144 834 212 908 Qui
232 834 399 900 libidinem
423 834 569 918 Epicuro
593 835 716 919 objicit,
740 835 941 899 demonstret
962 832 1047 898 illius
1067 832 1154 898 furta
1174 842 1208 898 et

100 953 263 1032 delicias⁸;
279 955 334 1038 qui
348 953 467 1038 gulam,
480 952 619 1032 fercula3
636 953 734 1017 adeat
748 953 874 1031 hortos,
885 951 1072 1018 lautissimae
1086 974 1208 1018 mensae

102 1076 282 1151 accumbat,
298 1084 332 1138 et
347 1074 478 1138 tandem
500 1071 616 1157 plenus
632 1082 666 1136 et
681 1082 771 1137 satur
792 1073 942 1137 instituat
956 1072 1205 1150 accusationem,

101 1191 238 1256 Sobrius
254 1193 334 1257 vixit
348 1203 382 1257 et
397 1191 484 1276 frugi
504 1212 616 1268 senex,
632 1189 743 1255 laetus⁹
758 1191 869 1275 exigui
890 1190 979 1254 horti
990 1189 1205 1274 plantaribus,

100 1309 205 1374 maza¹
224 1309 450 1393 fructibusque
473 1309 590 1373 famem
611 1307 750 1392 maligne
773 1309 923 1385 extinxit,
946 1306 1042 1392 aqua¹
1056 1315 1101 1370 et
1123 1327 1208 1390 pane

102 1428 237 1513 simplici
251 1437 434 1505 contentus,
450 1427 569 1512 quibus
591 1448 721 1491 caseum
736 1427 874 1504 addidit,
890 1425 1021 1511 quando
1043 1425 1139 1511 genio
1161 1425 1210 1489 in·

101 1547 247 1633 dulgere,
263 1557 296 1611 et
312 1546 533 1629 sumptuosius
549 1545 711 1610 convivari
724 1535 829 1609 libuit.
876 1544 963 1617 Quae
980 1543 1037 1607 his
1047 1543 1209 1609 contraria

100 1690 120 1731 a
141 1664 320 1731 Plutarcho
342 1675 376 1728 et
395 1663 552 1728 Cicerone
575 1663 772 1741 referuntur,
795 1662 934 1748 plurima
957 1674 1068 1726 sunta
1088 1661 1207 1727 Stoicis
1264 1652 1266 1656 ⁸

98 1784 376 1870 impudentissime
399 1782 531 1861 efficta³,
551 1793 584 1848 et
605 1783 764 1847 invidiose
785 1783 920 1855 recitata
936 1782 977 1845 ab
999 1782 1070 1845 istis
1086 1781 1208 1845 autori·

98 1905 172 1981 bus,
186 1904 243 1988 qui
265 1905 501 1989 oppugnabant
523 1903 691 1987 opiniones
713 1903 746 1966 in
769 1924 850 1987 quas
872 1898 1079 1986 popularius*
1099 1899 1209 1965 dicere

98 2033 296 2107 potuerunt:
319 2045 426 2108 neque
443 2021 625 2108 Epicurum
640 2020 718 2087 mihi
732 2022 889 2086 videntur⁴
900 2021 978 2084 satis
995 2017 1207 2095 intellexisse,

98 2164 237 2226 namque
260 2141 331 2220 Ille,
353 2153 391 2206 ut
413 2152 484 2206 erat
502 2141 639 2218 facetuS,
657 2140 745 2203 varia
767 2139 951 2224 Voluptatis
974 2136 1208 2222 significatione

98 2259 197 2324 illusit
225 2261 364 2339 Stoicos,
388 2261 529 2325 fastosos
550 2270 586 2324 et
608 2257 781 2323 irritabiles
806 2259 904 2334 viros,
931 2267 968 2326 ut
989 2256 1133 2320 habeant
1154 2254 1209 2317 isti

98 2379 186 2442 unde
210 2379 370 2457 rixentur,
395 2389 429 2443 et
451 2379 533 2443 fiant
559 2379 660 2463 magis
684 2377 832 2441 ridiculi:
868 2374 1078 2440 familiaribus
1100 2380 1208 2435 autem

99 2518 175 2561 vera
190 2498 360 2583 rigidaque
375 2498 491 2564 Virtus
508 2509 578 2563 erat
593 2497 756 2583 explicata
769 2495 904 2573 verbis⁵,
921 2495 986 2559 vita
997 2493 1207 2576 moribusque

99 2616 283 2696 declarata;
319 2628 353 2681 et
374 2617 461 2682 nulla
483 2639 626 2702 unquam
648 2614 770 2680 Schola
791 2615 872 2679 vidit
893 2615 1032 2698 majores
1056 2612 1153 2688 vitoe,
1174 2618 1208 2674 et

98 2737 200 2820 magis
215 2737 301 2801 omni
315 2735 420 2802 laudis
436 2758 557 2823 genere
570 2735 726 2818 insignes,

142 2855 196 2919 De
220 2864 385 2920 contemtu
408 2854 664 2940 Disciplinarum
684 2851 764 2937 quid
784 2850 1124 2935 responderem-cum
1144 2846 1206 2913 uti-

97 2973 145 3038 les
170 2975 222 3038 vix
243 2974 437 3059 neglexerit,
460 2984 494 3055 et
516 2996 578 3060 ego
600 2995 666 3039 non
689 2994 760 3036 sum
782 2970 866 3035 adeo
889 2967 1058 3044 delicatus,
1081 2976 1119 3031 ut
1136 2961 1207 3029 nul-

98 3091 161 3158 lam
184 3095 388 3159 admitterem
411 3091 657 3177 Philosophiam
681 3090 744 3156 nisi
767 3110 904 3174 operose
928 3095 962 3151 et
986 3083 1128 3171 phaleris
1155 3102 1207 3145 or·

98 3217 225 3279 natam?
259 3212 308 3278 At
331 3215 416 3279 serio
443 3215 496 3278 isti
518 3218 683 3290 accusant,
706 3210 763 3296 qui
785 3209 930 3273 invidum
954 3206 1076 3281 dicunt,
1099 3204 1207 3287 ingra-

98 3342 178 3411 tum,
209 3330 417 3409 Democriti⁶‚
447 3341 481 3395 et
506 3330 744 3415 Nausiphanis,
771 3349 790 3391 e
813 3322 950 3412 quibus'
976 3321 1126 3408 profecit,
1154 3342 1207 3385 ca-

131 3571 141 3604 ⁷
153 3570 208 3620 Vid
221 3579 286 3620 ratas
298 3570 433 3620 sententias
444 3570 510 3635 apud
522 3570 603 3618 La'e'rt.
669 3565 830 3617 Plutarchum
836 3567 890 3615 adv.
896 3565 1015 3622 Colorem,
1021 3569 1046 3610 et
1053 3561 1083 3610 Α.
1089 3556 1204 3616 Gellium,

129 3655 140 3685 ⁸
152 3652 277 3717 Diogenes
289 3652 409 3712 Laertius,
423 3652 465 3702 lib.
478 3652 510 3701 X.
523 3660 549 3700 et
561 3650 635 3700 Nazi-
668 3650 710 3700 lib.
725 3651 761 3698 11.
774 3665 826 3714 cap.
839 3651 861 3697 8.
874 3657 899 3697 et
912 3650 934 3697 9.

97 3734 276 3784 unuani-lamb.
291 3736 328 3783 18.
701 3732 787 3781 ⁵lnde
811 3729 928 3795 Epicurei
948 3727 1014 3793 apud
1034 3724 1111 3774 Clem.
1132 3719 1206 3769 Alex.

129 3815 140 3848 ⁹
151 3816 278 3865 luvenalis
291 3816 341 3865 Sat.
354 3817 434 3864 Xlll.
446 3825 471 3865 et
484 3816 556 3865 XIV.
667 3815 757 3863 Strom.
765 3814 795 3862 V.
810 3829 834 3877 p.
845 3813 900 3864 575.
913 3811 998 3859 dicunt
1010 3807 1048 3857 nal
1060 3804 1114 3868 παρ’
1126 3802 1206 3852 αὐτοῖς

130 3897 139 3928 ¹
152 3897 310 3962 ¹²⁰¹'Phy1'll182
323 3897 366 3946 lib·
380 3898 400 3946 1·
414 3898 444 3946 de
458 3898 528 3946 Abst.
542 3897 635 3946 Seneca
668 3893 789 3958 ἆπόρῤητα
801 3893 867 3954 εἶναι,
879 3908 951 3956 quem
965 3892 1045 3940 locum
1057 3884 1206 3940 Gassendue,

96 3977 176 4042 Epist.
189 3980 227 4027 21.
241 3978 386 4028 Plutarchus
398 3978 452 4027 adv.
465 3977 583 4027 Colorem.
667 3984 725 4026 tom.
738 3976 768 4024 V.
781 3992 805 4040 p.
819 3977 857 4024 95.
870 3990 920 4023 non
931 3983 998 4023 recte
1010 3968 1123 4034 explicat.

128 4059 139 4090 ²
151 4059 270 4119 Lairtius,
283 4059 324 4108 lib.
338 4059 370 4108 X.
700 4056 710 4089 ⁶
722 4056 816 4116 Cicero,
828 4056 869 4105 lib.
881 4057 901 4104 1.
915 4055 945 4104 de
956 4053 1011 4103 Pin.
1022 4051 1064 4100 lib.
1075 4049 1099 4110 l.
1107 4048 1137 4096 de
1146 4045 1207 4094 Nat.

129 4140 214 4189 ³1hiu
669 4139 787 4187 Deorum.

129 4221 207 4271 ⁴Vid.
228 4223 379 4280 Ciceronem,
401 4222 443 4272 lib.
462 4222 513 4271 lll.
533 4221 632 4270 Tuscul.
699 4218 812 4269 ⁷Sextus
835 4219 982 4283 Empiricus,
1008 4216 1049 4265 lib.
1076 4213 1095 4261 1.
1125 4207 1206 4256 adver·

97 4304 164 4350 Orat.
184 4303 210 4352 in
223 4303 352 4360 Pisonem
368 4303 410 4353 lib.
425 4304 476 4353 111.
489 4303 520 4352 de
533 4305 600 4352 Orat.
614 4311 638 4351 et
673 4300 869 4350 Mathematicos.
