2872 4852
602 231 644 296 T.
672 231 947 299 LUCRETII

307 387 406 451 Unde
421 385 522 451 refert
537 389 631 452 nobis
647 388 748 452 victor
762 388 842 472 quid
857 389 961 472 possit
976 387 1064 463 oriri,

308 489 400 561 Quid
415 477 573 573 nequeat;
597 489 690 553 finita
704 501 851 574 potestas
868 490 1007 574 denique
1023 489 1165 573 quoique

308 591 460 663 Quanam
475 593 516 656 sit
531 592 666 669 ratione,
683 603 781 675 atque
797 592 860 657 alte
877 593 1033 656 terminus
1048 590 1187 656 haerens.

309 692 421 765 Quare
437 692 579 778 Relligio
594 695 735 778 pedibus
751 696 898 779 subjecta
911 695 1050 757 vicissim

260 789 298 852 θ’θ’
310 795 495 873 Obteritur,
511 817 570 859 uos
587 805 739 880 exaequat
754 797 888 861 victoria
903 794 1006 860 Coelo.
1027 797 1030 801 ’

350 897 437 961 Illud
451 899 485 960 in
497 897 550 962 his
565 899 664 962 rebus
679 920 805 975 vereor,
820 921 861 962 ne
877 898 960 962 forte
976 898 1076 961 rearis

307 1001 412 1084 Impia
425 1010 458 1063 te
474 1001 608 1064 rationis
623 1000 704 1064 inire
719 1000 889 1077 elementa,
905 1000 1053 1082 viamque

307 1101 501 1186 Endogredi
517 1100 666 1166 sceleris:
685 1103 792 1175 'Quod
809 1113 931 1179 contra,
948 1103 1067 1186 saepius
1082 1099 1157 1165 olim

308 1202 450 1288 Relligio
466 1205 595 1288 peperit
611 1203 772 1268 scelerosa
787 1215 885 1288 atque
899 1205 997 1287 impia
1011 1202 1114 1267 facta:

260 1321 290 1367 at
309 1305 430 1370 Aulide
446 1328 512 1390 quo
527 1317 624 1390 pacto
639 1305 764 1370 Triviai
780 1307 912 1390 virginis
929 1328 1017 1369 aram

309 1407 511 1491 Iphianassai
528 1405 703 1491 turpirunt
718 1409 875 1492 sanguine
890 1407 979 1471 foede

307 1510 474 1574 Ductores
491 1507 656 1584 Danairm',
673 1507 802 1586 delecti,
818 1509 922 1593 prima
937 1509 1088 1573 virorum.

309 1611 372 1675 Cui
387 1610 481 1675 simul
492 1609 594 1674 infula
605 1612 767 1694 virgineos
783 1611 983 1676 circumdata
997 1620 1145 1694 comptus

309 1713 364 1776 Ex
380 1724 518 1796 utraque
534 1713 605 1796 pari
620 1711 776 1775 malarum
791 1723 885 1796 parte
900 1712 1036 1797 profusa
1050 1713 1101 1788 ’st,

260 1830 292 1876 9ο
308 1816 355 1879 Et
369 1826 522 1879 moestum
538 1813 721 1877 simulante
738 1837 810 1877 aras
826 1815 957 1879 adstare
973 1825 1141 1897 parentem

309 1917 429 1994 Sensit,
445 1928 479 1981 et
492 1914 581 1979 hunc
596 1925 733 1998 propter
748 1913 869 1979 ferrum
884 1916 989 1980 celare
1005 1916 1186 1992 ministros;

307 2019 525 2103 Aspectuque
542 2039 601 2080 suo
615 2014 772 2101 lacrymas
788 2017 958 2082 effundere
974 2018 1089 2082 civeis:

308 2121 406 2185 Muta
420 2130 508 2185 metu
523 2130 643 2184 terram
657 2120 795 2203 genibus
812 2121 979 2184 summissa
994 2120 1147 2204 petebat3

225 2352 267 2401 lib.
281 2354 318 2402 11.
331 2355 361 2403 dc
373 2354 482 2405 Divinat.
512 2355 635 2420 Epicurus
645 2358 694 2404 τῶν
702 2353 766 2404 ὅλων
798 2359 885 2404 Exitus
896 2364 922 2404 ut
933 2359 1002 2404 classi
1006 2355 1078 2417 foeliu
1080 2354 1218 2417 faustusque
1231 2356 1338 2401 daretur.

226 2417 306 2480 φύσιν,
325 2428 350 2467 et
366 2422 431 2484 apud
448 2421 607 2469 Plutarchum
624 2423 674 2469 τῶν
691 2419 766 2469 durau
831 2420 1148 2484 83.Eudogredi]1ngredi.
1181 2417 1243 2472 Quis
1253 2427 1340 2465 autem

226 2481 299 2544 φύσιν
309 2484 378 2532 dixit.
412 2485 531 2549 Idemque
543 2486 626 2534 valent
636 2486 701 2548 apud
714 2486 764 2533 Lu·
797 2486 876 2533 nescit
887 2489 950 2544 cuda,
964 2484 1038 2542 ἔνδον,
1047 2489 1079 2542 ia,
1091 2489 1161 2542 iuius,
1174 2498 1227 2531 esse
1239 2496 1338 2546 proepo-

224 2547 335 2606 cratium,
352 2552 447 2598 Natura
465 2567 548 2607 rerum,
571 2553 663 2599 Summa
680 2567 764 2606 rerum,
798 2550 912 2597 sitionem
924 2549 1031 2610 antiquis
1042 2552 1141 2596 notamt

225 2613 317 2658 Summa
326 2617 404 2671 amuis,
415 2615 506 2661 Summa
518 2621 572 2671 tota,
586 2617 682 2662 Stemma
694 2617 764 2662 totius
831 2613 893 2661 Ibid.
909 2617 975 2665 Quod
985 2611 1076 2673 contra]
1087 2613 1172 2660 Cicero
1181 2612 1208 2660 iu
1218 2609 1339 2660 Oratione

225 2683 373 2731 summam.
403 2677 459 2724 Hoc
471 2680 540 2725 Omue
552 2678 617 2741 apud
629 2678 764 2741 Epicureos
796 2692 842 2740 pro
853 2677 953 2731 Quinto.
980 2679 1101 2736 Reliquum
1115 2685 1150 2724 est
1166 2685 1192 2724 ut
1208 2693 1258 2725 cum
1274 2693 1341 2725 uento

225 2746 264 2784 est
283 2738 408 2789 Infinitum
431 2749 456 2789 et
478 2742 662 2804 sempiternum,
682 2741 762 2789 incre·
790 2742 883 2802 judicio
894 2739 1029 2802 defenderit,
1047 2743 1107 2802 quod
1123 2750 1209 2798 cantra,
1229 2743 1338 2802 caputia-

225 2802 303 2849 menti
312 2804 384 2851 simul
392 2814 417 2851 et
424 2805 574 2854 decrementi
582 2805 698 2868 incapax;
707 2807 766 2854 dum
798 2809 853 2854 ame
864 2821 914 2852 eum
923 2802 1038 2865 defensum
1050 2808 1247 2857 ostendi—Quod
1257 2812 1341 2854 cantra

226 2868 336 2925 Mundus,
359 2868 444 2917 finitus
466 2869 505 2927 sit,
529 2869 659 2932 aliquando
686 2879 765 2927 natus,
798 2873 943 2931 suptuaetc.
957 2868 1005 2916 Gif.
1018 2870 1127 2918 absurde.

227 2940 253 2978 et
263 2930 375 2980 interitui
387 2934 513 2982 obnoxius.
833 2933 895 2981 Ibid.
911 2932 982 2995 Olim]
995 2937 1049 2992 Illa,
1063 2936 1091 2982 B.

259 2994 298 3046 78.
319 2997 573 3060 Qicamm].ttuautum,
587 2999 615 3046 B.
832 2998 871 3049 87.
890 3001 969 3046 Prima
981 2998 1092 3061 uirorum]
1106 2999 1179 3047 Dion.
1198 3002 1283 3062 Πρῶτα
1293 3000 1342 3058 τῆς

261 3061 325 3108 Ibid.
336 3061 426 3124 Atque]
444 3066 525 3125 thue,
538 3063 588 3111 Gis.
602 3072 626 3112 et
638 3064 666 3110 C.
799 3064 890 3120 βουλῆς
910 3065 948 3112 ὤν.
984 3063 1020 3111 Τὰ
1038 3067 1119 3126 πρῶτα
1138 3065 1267 3122 Ἀθηναίων
1284 3062 1340 3122 ian,

260 3125 324 3174 Ibid.
337 3127 447 3190 Harena]
460 3131 564 3185 Haereat,
578 3128 609 3175 D.
624 3128 651 3175 P.
664 3129 691 3176 C.
706 3128 738 3176 N.
800 3127 931 3186 Lucienus,
952 3137 977 3176 et
994 3128 1043 3176 alil.
1082 3129 1153 3177 ovid.
1174 3130 1259 3177 Amor.
1279 3127 1295 3175 l.
1318 3129 1339 3177 1.

260 3192 299 3238 80.
319 3192 451 3254 Obteritur]
464 3193 504 3239 Al.
515 3196 635 3241 exteritur.
800 3192 870 3254 Eleg.
883 3194 905 3240 9.
934 3196 1025 3241 Summa
1038 3196 1129 3241 Ducum
1140 3197 1244 3242 Atrides.
1262 3215 1264 3219 ·

261 3254 323 3305 Ibid.
345 3256 461 3318 Victoria]
482 3256 584 3320 Epicuri
604 3257 650 3305 viz.
671 3256 720 3320 qui,
739 3265 767 3304 ut
833 3259 871 3305 88.
889 3254 981 3320 Insula]
994 3258 1167 3306 Velamentum
1180 3274 1193 3306 e
1205 3258 1261 3305 lana
1273 3257 1341 3308 intra

226 3320 308 3369 verbis
320 3320 418 3369 Manilii
429 3322 470 3370 lib.
484 3322 505 3369 Ι.
518 3337 540 3369 v.
559 3321 598 3372 97.
619 3329 681 3378 utar,
700 3324 767 3382 Cepit
800 3321 945 3371 HostIarum
965 3338 1063 3370 cornua
1091 3326 1170 3371 Varro.
1203 3322 1289 3370 Fascia
1312 3323 1340 3372 In

222 3385 362 3447 pruffuudam
373 3389 489 3435 Naturam
500 3403 577 3436 rerum
590 3389 679 3443 Cauris,
694 3389 765 3434 uidit·
798 3387 898 3434 modum
911 3388 1070 3444 Diadematis‚
1088 3403 1102 3435 a
1121 3403 1169 3450 qua
1186 3402 1217 3434 ex
1234 3395 1340 3449 utraque

226 3453 341 3510 qucquod
353 3468 447 3513 usquam
463 3460 504 3500 est.
538 3455 629 3500 Nubila
645 3467 686 3498 cur
702 3458 766 3498 tauta
798 3461 868 3515 parte
883 3452 950 3501 vittae
967 3452 1113 3516 dependent.
1148 3455 1240 3501 Servius
1254 3455 1287 3499 ad
1305 3453 1338 3500 X.

226 3521 375 3573 quaterentur
384 3519 452 3576 pulsu
454 3516 560 3579 fragore,
572 3517 765 3578 eta—Solvitque
798 3520 891 3565 AEueid.
1371 3530 1378 3537 ’

226 3579 318 3624 Animis
328 3582 440 3628 miracula
450 3597 544 3635 rerum,·
561 3583 701 3643 Eripuitquc
712 3583 764 3628 Jovi
829 3583 867 3630 91.
888 3580 980 3644 Celare]
995 3584 1123 3641 delatrare,
1136 3581 1184 3629 Gif.
1206 3580 1266 3638 Alii,
1278 3585 1337 3630 celc-

226 3643 330 3698 Fulmeu,
341 3647 444 3706 uiresque
457 3647 568 3692 Touaudi.
797 3663 857 3704 rare,
865 3646 880 3693 i.
890 3663 910 3693 e.
920 3647 1052 3720 expedIre:
1070 3663 1124 3708 quae
1131 3646 1204 3694 lectio
1213 3647 1340 3710 probanda

260 3707 298 3752 81.
316 3706 392 3770 Illud]
407 3708 454 3756 His
466 3711 504 3755 22.
517 3725 540 3757 v.
552 3708 609 3757 huic
621 3717 672 3757 tam
682 3709 765 3772 impia
798 3719 848 3765 est;
866 3710 932 3758 haud
944 3719 1042 3758 timeret
1053 3711 1118 3759 enim
1133 3710 1261 3775 Iphigenia
1274 3712 1341 3773 quod

226 3769 350 3828 doctrina,
360 3787 414 3833 quae
422 3775 593 3821 Prouidentiam
602 3784 683 3837 negat,
694 3789 764 3822 aver·
797 3775 924 3823 ministras
934 3774 1026 3822 ferrum
1038 3778 1112 3823 celare
1123 3776 1246 3824 sensisset

226 3849 280 3882 sum
289 3834 341 3882 fore
351 3836 497 3884 Memmium
506 3838 652 3901 suspicatur,
661 3838 765 3901 ideoque
831 3841 869 3887 93.
887 3841 957 3887 Muta
973 3838 1048 3902 metu]
1064 3840 1190 3888 Avancius
1207 3841 1341 3903 legendum

225 3897 291 3946 illins
307 3898 415 3947 anImum
432 3902 560 3950 coufirmat
570 3904 699 3961 monendo,
714 3903 764 3951 Re-
815 3912 868 3951 utat
879 3907 941 3951 volta
957 3911 1026 3959 metu,
1043 3912 1086 3952 etc.
1100 3914 1129 3952 ut
1144 3905 1179 3952 sic
1196 3905 1247 3952 haec
1264 3905 1339 3966 hujus

224 3961 341 4024 ligionem
352 3964 424 4013 istam
436 3981 490 4028 quae
507 3967 689 4015 Providentiam
705 3984 764 4016 con·
797 3920 844 4016 luci
854 3968 983 4025 sententia,
994 3969 1125 4032 Iphigenia
1132 3969 1206 4017 Volta
1215 3970 1243 4031 (i.
1254 3985 1274 4017 e.
1285 3969 1340 4018 vul-

225 4026 309 4074 fitctur
320 4043 384 4092 soepe
400 4029 458 4078 olim
475 4030 582 4079 maxima
599 4032 691 4080 scelera
708 4047 762 4080 sua·
798 4041 845 4090 tus,
860 4048 919 4080 voce
933 4033 998 4081 enim
1015 4033 1062 4082 ista
1077 4034 1155 4082 utitur
1169 4033 1306 4092 Lucretius,
1321 4034 1340 4082 l.

225 4091 304 4148 sisse3
342 4093 407 4154 quod
434 4096 522 4158 probat
552 4096 666 4159 exemplo
696 4099 762 4157 Iphi·
798 4097 1339 4162 IV.)summissa,i.evultusubmissoprop-

222 4160 297 4218 genia
324 4157 422 4216 Aulide,
452 4159 554 4207 Boeotiaa
579 4160 611 4207 ad
642 4160 763 4224 Euripum
797 4171 937 4210 termetum.
958 4162 1340 4226 Sedquidindigeamusingenio,

224 4230 305 4283 portu,
314 4236 329 4268 a
337 4231 407 4285 patre
416 4239 460 4271 suo
471 4225 655 4286 Agamemnone
667 4225 698 4272 ad
709 4241 763 4274 aras
796 4242 852 4275 cum
859 4226 935 4275 altera
942 4227 1014 4275 lectio
1020 4229 1096 4291 proba
1103 4227 1142 4286 sit,
1151 4237 1175 4277 et
1184 4244 1198 4276 a
1207 4227 1342 4277 Codicibus

225 4284 313 4334 Dianae
321 4286 412 4336 Triviae
420 4304 451 4336 ex
457 4290 527 4350 jussu
537 4288 635 4337 Oraculi
645 4299 763 4349 mactatoe,
796 4291 955 4340 confirmata?
