2872 4852
453 235 623 300 LIBER
651 237 909 310 QUINTUS.
1171 244 1234 308 alr

215 390 247 454 E
263 392 381 476 quibus
396 391 467 457 haec
483 415 592 456 rerum
607 394 785 458 consistere
802 393 934 458 Summa
949 395 1089 474 videtur,

214 493 334 557 Omnia
350 495 458 558 nativo
473 517 510 558 ao
526 495 654 559 mortali
670 517 807 579 corpore
823 508 990 560 constant:

151 607 198 654 240
214 595 326 660 Debet
341 607 409 660 tota
424 596 538 660 eadem
553 596 673 661 Mundi
688 609 804 662 natura
820 599 938 682 putari.

215 697 348 783 Quippe
362 701 480 763 etenim
495 721 634 784 quorum
649 701 782 785 parteis,
799 712 833 764 et
847 701 991 764 membra
1006 701 1153 766 videmus

215 799 362 885 Corpore
377 805 486 866 nativo
501 813 534 867 et
549 803 738 867 mortalibus
752 825 824 867 esse
840 801 974 887 figuris3

213 901 297 967 Haeo
313 905 427 969 eadem
442 905 542 969 ferme
558 906 705 969 mortalia
719 907 879 970 cernimus
895 927 980 981 esse,

213 1003 260 1068 Et
274 1008 382 1069 nativa
398 1007 501 1070 simul.
548 1006 762 1091 Quapropter
774 1006 912 1069 maxima
928 1005 1048 1069 Mundi

149 1119 196 1164 245
213 1105 296 1170 Cum
311 1109 437 1173 videam
449 1101 604 1186 membra,
621 1130 658 1172 ac
674 1109 795 1192 parteis
811 1119 979 1171 consumta
994 1108 1137 1192 regigni;

214 1208 305 1272 Scire
321 1208 407 1286 licet,
424 1209 508 1273 Coeli
523 1230 653 1294 quoque
668 1210 755 1272 idem
769 1208 950 1292 Terraeque
965 1208 1066 1272 fuisse

214 1308 409 1394 Principiale
424 1310 556 1395 aliquod
572 1325 711 1395 tempuS,
728 1309 919 1394 clademque
933 1310 1087 1374 suturam.

258 1410 345 1474 Illud
358 1413 391 1475 in
405 1412 457 1476 his
472 1414 571 1477 rebus
586 1435 627 1476 ne
643 1434 694 1476 me
710 1412 886 1496 arripuisse
902 1413 1015 1488 rearis,

215 1511 360 1592 Memmi,
376 1516 466 1598 quod
481 1515 631 1592 Terram,
648 1535 746 1599 atque
763 1515 876 1599 Ignem
891 1515 1038 1579 mortalia
1054 1518 1178 1600 sumpsi

147 1627 196 1673 250
212 1613 316 1679 Esse:
339 1639 448 1701 neque
463 1617 645 1682 Humorem
660 1619 817 1695 dubitavi,
833 1616 1008 1702 Aurasque
1023 1620 1152 1703 perire3

213 1715 326 1802 Atque
340 1720 455 1784 eadem
469 1722 569 1804 gigni,
586 1743 766 1805 rursusque
781 1743 957 1804 augescere
974 1721 1053 1785 dixi.
1075 1789 1077 1795 ¹

255 1818 431 1906 Principio,
447 1845 524 1906 pars
539 1823 658 1887 Terrai
673 1821 827 1887 nonnulla
842 1833 977 1906 perusta

213 1920 344 1986 Solibus
360 1926 511 2002 assiduis,
526 1924 627 1989 multa
642 1925 772 2009 pulsata
786 1926 908 2010 pedum
923 1927 954 1988 vi

212 2022 360 2089 Pulveris
374 2026 506 2091 exhalat
520 2026 682 2104 nebulam,
698 2027 879 2109 nubeisque
896 2026 1065 2103 volenteis,

149 2138 196 2183 255
212 2125 304 2205 Quas
318 2127 416 2191 validi
432 2139 501 2192 toto
515 2129 710 2212 dispergunt
724 2133 800 2191 aere
815 2129 920 2192 venti:

212 2228 295 2292 Pars
310 2231 407 2294 etiam
421 2230 590 2314 glebarum
605 2231 648 2294 ad
664 2229 816 2294 diluviem
830 2240 1002 2294 revocatur

210 2330 386 2410 ImbribuS,
402 2345 435 2397 et
448 2335 536 2418 ripas
550 2334 699 2397 radentia
714 2332 848 2395 flumina
863 2332 994 2396 rodunt.

212 2433 391 2512 Praeterea,
407 2457 468 2519 pro
482 2445 576 2520 parte
591 2457 650 2498 sua
666 2435 885 2518 quodcunque
901 2431 966 2497 alid
981 2445 1092 2518 auget,

212 2534 375 2616 Roditur;
399 2549 433 2602 et
447 2539 599 2622 quoniam
613 2538 714 2601 dubio
729 2536 844 2621 procul
859 2558 931 2600 esse
948 2537 1077 2601 videtur

146 2649 194 2697 260
209 2639 438 2724 OmniparenS,
455 2642 570 2706 eadem
585 2663 693 2706 rerum
708 2662 876 2705 commune
893 2637 1100 2723 sepulcrum:

213 2741 306 2826 Ergo
322 2743 429 2807 Terra
443 2745 503 2808 tibi
517 2743 658 2822 limatur,
673 2756 708 2808 et
723 2753 819 2807 aucta
833 2742 998 2806 recrescit.

257 2844 358 2918 Quod
374 2857 534 2931 superest,
552 2848 701 2912 Humore
717 2870 801 2911 novo
816 2868 916 2922 mare,
932 2844 1077 2921 fiumina,
1094 2843 1213 2909 fonteis

213 2948 350 3033 Semper
365 2951 544 3029 abundare,
560 2962 593 3016 et
607 2951 719 3015 latices
735 2971 866 3014 manare
881 2949 1065 3034 perenneis,

213 3049 272 3114 Nil
287 3073 369 3135 opus
384 3063 436 3116 est
448 3054 568 3131 verbis,
583 3075 720 3137 magnus
737 3054 896 3117 decursus
911 3070 1070 3134 aquarum

160 3260 214 3306 240.
228 3263 302 3308 Debet
309 3268 357 3310 toto
366 3261 457 3324 eadem]
467 3261 587 3320 Gisauius‚
597 3265 665 3310 debet
696 3262 798 3310 formam
810 3261 898 3319 induit,
910 3278 933 3308 v.
949 3264 986 3310 12.
1010 3261 1108 3318 Aerem,
1119 3259 1160 3322 qui
1172 3259 1234 3307 reci-

119 3324 202 3393 ,comm
213 3329 291 3383 omnis,
303 3325 348 3373 viz.
361 3342 429 3389 reque
441 3327 524 3375 nativo
534 3338 559 3375 et
568 3327 665 3375 mortali
696 3327 734 3390 pit
751 3342 836 3374 omnes
867 3325 982 3374 articulas
1000 3326 1104 3372 erebus
1122 3323 1236 3372 omnibus

126 3399 227 3452 corpore
238 3399 357 3439 constare.
697 3401 817 3453 perpetuo
855 3399 947 3447 uentes,
970 3399 995 3438 et
1016 3404 1056 3436 res
1075 3387 1130 3436 illas
1150 3403 1236 3436 omnes

160 3454 214 3501 243.
224 3457 283 3502 Haec
293 3453 464 3518 cademjerme]
483 3455 576 3504 Debuit
591 3454 665 3518 plane
697 3455 783 3513 reficit,
801 3470 873 3502 nemo
884 3453 975 3502 dixerit
990 3464 1116 3510 aeternum,
1129 3463 1172 3500 aut
1187 3452 1234 3500 im·
1302 3483 1309 3493 ·

127 3526 152 3564 et
163 3517 253 3567 diserte
264 3520 420 3578 concludere,¹
426 3521 470 3569 sed
481 3520 515 3568 ita
527 3520 585 3568 alibi
596 3519 663 3567 locu·
697 3519 832 3577 mortalem,
845 3535 867 3567 v.
882 3521 904 3566 8.
932 3519 971 3567 De
983 3519 1040 3581 igne
1052 3517 1157 3580 denique
1169 3516 1236 3566 idem

127 3590 167 3630 tus
189 3592 232 3632 est.
275 3585 388 3633 Donatus
409 3583 486 3646 sermo
508 3601 553 3649 pro
573 3584 665 3647 focile.-
697 3583 899 3642 concludendum,
912 3599 967 3631 cum
979 3583 1041 3631 radii
1052 3581 1118 3640 solis,
1126 3582 1168 3644 qui
1179 3581 1235 3630 uui·

127 3645 226 3696 Terent
239 3648 317 3697 Andr.
330 3660 376 3698 act.
389 3653 411 3698 3.
424 3667 457 3698 sc.
473 3652 493 3698 1.
698 3665 741 3697 cus
764 3659 801 3696 est
823 3649 885 3696 lucis
908 3657 933 3696 et
954 3647 1020 3711 iguis
1042 3647 1104 3705 fons,
1127 3647 1235 3709 quolibet

159 3713 214 3759 248.
235 3715 301 3761 Illud
318 3718 343 3762 ia
363 3717 399 3762 his
421 3717 495 3773 rebus,
516 3713 572 3777 etc]
593 3713 666 3768 Quod
698 3724 822 3762 momento
834 3712 916 3761 emissi
928 3722 1044 3776 pereuntr
1060 3711 1162 3774 ideoque
1170 3711 1235 3774 quod

126 3790 184 3824 vero
193 3778 324 3842 praecipuae
334 3779 572 3842 partes‚etmaxima
579 3778 665 3826 mundi
697 3778 733 3828 sol
752 3778 806 3843 ipse
826 3787 961 3842 reparetur,
981 3793 1049 3840 aeque
1066 3793 1094 3826 ac
1110 3776 1194 3841 lychni
1210 3785 1236 3824 et

126 3843 242 3899 membra,
255 3852 327 3902 terra,
339 3859 408 3906 aqua,
421 3846 469 3902 aer,
481 3843 546 3907 ignis
556 3843 663 3906 gignun·
698 3843 767 3899 tedae,
779 3841 879 3891 omnino
890 3842 1064 3900 confitendum,
1077 3858 1100 3891 v.
1113 3843 1152 3890 25.

126 3914 173 3963 tur,
191 3915 217 3954 et
232 3907 364 3966 intereunt,
378 3924 399 3955 v.
413 3910 451 3957 59.
468 3909 546 3957 fusius
561 3909 662 3956 demon·
730 3908 792 3957 Ibid.
810 3905 958 3970 Arripm'sse]
975 3907 1101 3970 Arripere,
1111 3920 1235 3955 assumere
1307 3951 1310 3956 ,

125 3978 194 4019 strat
228 3972 399 4021 Multaeterrae
409 3973 535 4037 particulae
549 3973 664 4021 inultum
695 3988 745 4021 non
768 3973 852 4033 datum
874 3982 917 4020 aut
937 3987 1080 4021 concessum
1099 3972 1129 4019 ab
1149 3970 1233 4018 altero.

126 4034 244 4094 feruntur,
264 4046 289 4086 et
307 4041 363 4086 aera
383 4048 549 4102 componuntr
574 4037 663 4086 multas
697 4037 800 4096 Tullius,
817 4037 858 4085 lib.
878 4037 898 4084 1.
911 4038 942 4085 dc
959 4037 1017 4084 Nat.
1036 4037 1110 4083 Deor.
1122 4038 1236 4095 Arripere

125 4099 240 4150 auferunt
250 4101 358 4161 flumina,
369 4103 431 4152 etin
442 4119 509 4152 mare
518 4102 627 4160 volvunt,
639 4118 662 4151 v.
694 4106 751 4150 mibi
762 4105 876 4160 videmini,
886 4105 953 4164 quari
963 4101 1106 4164 vestrojure,
1116 4116 1163 4146 rem
1172 4098 1237 4145 nullo

128 4165 165 4212 14.
178 4181 242 4228 aqua
257 4166 318 4215 item
333 4183 397 4216 nova
413 4167 494 4216 indies
510 4167 625 4224 nascitur,
638 4175 664 4215 at
695 4170 758 4215 modo
767 4170 914 4230 probabilem

125 4244 183 4294 pars
200 4231 267 4280 illius
284 4231 309 4284 ui
325 4232 384 4281 solis
402 4232 428 4280 in
449 4236 530 4282 aerem
547 4240 662 4290 mutatur,
729 4234 784 4280 258.
797 4235 856 4281 Ab'd
866 4229 948 4295 auget]
960 4228 1019 4287 Alii,
1031 4231 1082 4284 alst,
1094 4233 1172 4300 auget.
1195 4265 1197 4270 .

125 4309 183 4358 pars
209 4295 236 4344 in
258 4295 379 4345 meatibus
405 4296 570 4346 subterraneis
592 4306 664 4344 terrae
730 4297 784 4344 261.
805 4294 923 4357 Limatur]
936 4297 1044 4350 Libetur,
1056 4290 1151 4340 melius.
