2872 4852
457 255 630 320 LIBER
664 255 891 321 SEXTUS.
1166 255 1232 318 305

204 415 335 481 Clamor
348 414 407 491 uti,
423 435 461 478 ac
476 412 602 490 Voces3
628 413 744 477 transit
759 433 818 496 per
832 434 922 489 saxa,
939 434 998 496 per
1013 434 1098 490 ara,

205 517 252 582 Et
265 516 423 601 liquidum
437 525 559 601 puncto
574 513 652 580 facit
666 537 711 578 aes
726 515 759 577 in
773 523 931 600 tempore,
946 525 981 579 et
996 535 1121 578 aurum.

141 620 397 685 aromatiten
411 629 448 682 ut
461 619 546 681 vasis
561 617 697 701 integris
715 605 801 681 Vina
816 626 951 700 repente

204 721 407 806 Diffugient3
430 720 507 804 quia
521 719 669 783 nimirum
683 717 775 783 facile
791 719 897 783 omnia
913 719 1035 783 circum

204 823 375 900 Conlaxat,
390 843 528 905 rareque
544 821 622 885 facit
636 819 825 885 lateramina
839 820 937 896 vasis,

205 925 394 990 Adveniens
410 923 498 988 calor
512 923 583 1007 ejus
599 933 633 986 et
647 923 829 986 insinuatur
844 923 877 985 in
891 922 1016 1006 ipsum;
1039 931 1073 1011 et

205 1027 375 1092 Mobiliter
389 1025 518 1090 solvens
533 1024 644 1089 differt
659 1024 835 1109 primordia
848 1022 944 1088 Vini:

141 1142 188 1188 aaa
204 1129 306 1203 Quod
321 1126 407 1192 Solis
422 1149 523 1212 vapor
539 1137 669 1192 aetatem
683 1149 749 1190 non
763 1147 861 1210 posse
874 1125 1003 1206 videtur

206 1231 366 1295 Efficere:
390 1229 579 1313 usqueadeo
594 1226 720 1313 pollens
737 1227 864 1292 fervore
879 1248 1028 1303 corusco,

206 1332 316 1396 Tanto
330 1329 479 1395 mobilior
493 1331 552 1408 vis,
568 1340 603 1394 et
618 1329 834 1394 dominantior
848 1328 919 1393 haec
934 1339 995 1394 est.

249 1433 350 1498 Nunc
365 1455 404 1497 ea
417 1455 482 1517 quo
496 1443 593 1517 pacto
608 1433 794 1518 gignantur,
810 1444 844 1497 et
857 1433 977 1516 impete
992 1440 1083 1496 tanto

205 1535 313 1613 Fiant,
330 1545 367 1599 ut
380 1535 507 1620 possint
521 1535 588 1599 ictu
602 1534 787 1600 discludere
804 1534 952 1612 Turreis,

141 1652 190 1696 240
205 1638 402 1703 Disturbare
417 1638 542 1716 domos,
559 1637 696 1702 avellere
713 1639 813 1723 tigna,
830 1639 1029 1720 trabeisque,

207 1740 254 1804 Et
270 1740 484 1804 Monumenta
498 1739 601 1804 virrim
615 1738 774 1818 demoliri,
790 1750 888 1825 atque
904 1741 1001 1816 ciere,

206 1842 403 1907 Exanimare
419 1842 590 1919 Homines,
609 1841 760 1908 Pecudes
775 1852 984 1927 prosternere
1000 1841 1138 1925 passim:

205 1945 333 2010 Caetera
348 1946 389 2009 de
404 1966 523 2028 genere
539 1944 602 2010 hoc
617 1969 682 2030 qua
697 1946 729 2009 vi
743 1945 854 2010 faeere
868 1945 975 2009 omnia
989 1944 1128 2030 possint,

206 2048 403 2133 Expediam,
419 2069 525 2131 neque
541 2046 593 2120 Te
609 2048 642 2110 in
657 2048 824 2131 promissis
840 2047 935 2131 plura
948 2046 1111 2110 morabor.

143 2164 190 2210 245
247 2148 396 2213 Fulmina
412 2150 537 2232 gignier
553 2170 571 2212 e
587 2149 717 2225 crassis,
733 2147 862 2232 alteque
877 2147 1059 2238 putandum
1072 2147 1112 2210 ’st

206 2252 362 2316 Nubibus
378 2251 571 2327 exstructis3
593 2272 668 2313 nam
683 2248 766 2313 ooelo
781 2248 869 2313 nulla
885 2271 1012 2326 sereno,

208 2352 282 2416 Nec
297 2351 411 2418 leviter
426 2352 535 2416 densis
552 2351 723 2413 mittuntur
738 2351 879 2413 nubibus
895 2372 1047 2434 unquam.

206 2453 294 2517 Nam
309 2453 410 2518 dubio
424 2451 539 2538 procul
551 2451 615 2515 hoc
629 2450 703 2514 fieri
716 2449 886 2514 manifesta
899 2451 997 2516 docet
1012 2473 1076 2528 res,

207 2555 309 2629 Quod
323 2565 401 2620 tunc
416 2577 477 2640 per
491 2565 595 2619 totum
610 2563 823 2618 concrescunt
838 2551 930 2616 Adra
945 2555 1050 2618 nubes

142 2669 190 2715 ato
205 2656 371 2742 Undique,
388 2658 437 2721 uti
453 2658 605 2721 tenebras
621 2655 743 2719 omneis
758 2652 953 2719 Acherunta
967 2677 1096 2719 reamur

209 2759 373 2844 Liquisse,
390 2770 423 2824 et
437 2781 571 2842 magnas
586 2756 662 2823 ooeli
675 2755 856 2841 complesse
872 2778 1044 2822 cavernas:

206 2861 407 2946 Usqueadeo
421 2871 506 2925 tetra
520 2861 701 2924 nimborum
717 2868 812 2924 nocte
826 2869 938 2924 coorta

158 3096 212 3142 228.
222 3096 312 3143 Clamor
320 3099 363 3153 ati,
370 3112 398 3144 ac
410 3094 492 3157 Voces]
500 3094 559 3153 Alii,
569 3097 660 3144 Clamor
692 3096 776 3153 nubes,
795 3103 868 3157 etque
887 3095 936 3143 alte
957 3104 1094 3154 exstructa,
1112 3110 1162 3143 non
1184 3095 1228 3144 illa

123 3163 158 3207 uti
174 3163 239 3207 vorm.
275 3159 323 3208 Sed
340 3170 406 3208 totus
421 3159 462 3207 hie
478 3175 563 3208 versus
575 3162 659 3208 abesse
692 3159 819 3222 grandinis
825 3169 850 3207 et
861 3159 946 3208 imbris
955 3159 1025 3224 copia
1036 3159 1128 3208 fulmen
1139 3175 1226 3222 seque·

122 3232 210 3287 potest
692 3232 766 3271 retur.
793 3225 822 3272 In
834 3223 889 3271 istis
900 3223 976 3286 igitur
987 3224 1092 3272 nubibus
1103 3223 1228 3289 concipias

155 3289 209 3334 232.
234 3291 384 3336 Lateramina
405 3285 479 3348 omis]
502 3287 574 3335 Dolia
594 3287 658 3335 enim
692 3298 793 3336 ventum
817 3287 912 3351 pernici
936 3297 1006 3336 motu
1029 3288 1228 3337 circumrotatum

121 3351 216 3398 vinaria
231 3351 332 3399 lateritii
348 3350 429 3415 operis
446 3360 523 3409 erant,
546 3352 658 3408 Horatio,
690 3351 738 3399 isto
754 3360 822 3400 motu
839 3351 1008 3408 calmontem,
1026 3363 1051 3400 et
1067 3351 1144 3400 multa
1163 3352 1229 3416 ignis

125 3417 214 3463 Testa.-
243 3424 319 3463 etex
335 3415 412 3463 latere
431 3418 561 3473 lateranen,
580 3424 607 3464 ut
628 3431 660 3463 ex
691 3415 785 3464 semina
802 3431 816 3463 e
834 3415 940 3463 nubibus
959 3415 1014 3464 istis
1033 3416 1227 3480 exprimentem

122 3478 186 3527 ferro
192 3477 318 3540 ferramere,
331 3495 362 3527 ex
374 3495 421 3528 oere
432 3496 538 3536 eramen,
550 3488 592 3529 etc.
691 3480 789 3528 tandem
802 3480 841 3528 vel
852 3489 921 3528 mom
932 3495 977 3528 suo
988 3481 1027 3529 vel
1038 3482 1068 3529 ab
1084 3480 1164 3544 igneis
1173 3480 1229 3530 istis

155 3546 210 3592 235.
231 3543 348 3606 AEtatem]
367 3543 504 3601 Terentius,
527 3540 658 3593 Eunl'act
691 3543 1228 3609 particulisaecensumingenticumfragore,

122 3611 144 3656 4.
158 3625 190 3657 sc.
202 3610 224 3656 5.
229 3608 369 3671 jamdudum
378 3616 469 3657 atatem
478 3612 660 3662 litermntinter
692 3618 717 3657 et
732 3609 834 3657 immani
851 3608 945 3672 impetu
961 3625 1105 3674 erumpere;
1122 3610 1169 3659 ista
1183 3626 1228 3660 au-

121 3691 158 3722 eos
169 3671 245 3735 sacta
265 3678 375 3722 maxim.
408 3675 548 3722 Iamdudum
569 3681 660 3722 etatem
692 3681 741 3722 tem
758 3673 887 3738 eruptione
902 3673 938 3722 ita
954 3675 1062 3723 concutit
1078 3683 1103 3723 et
1116 3675 1230 3725 disnahit

121 3754 166 3804 pro
186 3738 319 3802 longinquo
337 3747 453 3802 tempore
488 3737 605 3797 Lucilius,
629 3741 660 3786 Ut
692 3737 794 3787 nubium
812 3747 902 3802 partes,
921 3747 949 3786 ut
966 3748 1024 3788 totae
1041 3739 1067 3788 in
1085 3739 1230 3803 grandinem

121 3807 203 3853 maltos
226 3820 362 3866 memetque,
384 3805 491 3864 desque.-
519 3820 563 3851 non
586 3811 661 3851 tamen
693 3805 788 3861 abeant,
811 3802 850 3851 vel
877 3802 904 3852 in
931 3803 1034 3854 imbrem
1058 3804 1229 3860 dissolvantur,

122 3877 232 3918 atatem:
250 3870 370 3917 Donatus.
695 3868 764 3925 Hac,
777 3883 798 3916 v.
812 3869 851 3916 55.

155 3935 210 3982 236.
232 3932 337 3996 Pellena]
360 3933 437 3981 Recte
458 3931 607 3988 Lambinus3
637 3941 662 3980 et
726 3934 781 3981 241.
793 3932 919 3996 Demob'rs']
932 3933 991 3991 alii,
1003 3937 1132 3983 commoliri.

122 3997 661 4056 seleatGilaniitolbnastallorumcaadens‚
728 3999 783 4056 245,
801 3998 856 4046 246.
879 4001 1075 4051 Alte—Nutibus
1095 3997 1231 4061 exstractis]

120 4061 162 4117 nvel
175 4066 264 4122 cellans,
276 4063 322 4111 viz.
335 4061 464 4111 excellens
695 4062 799 4121 Tullius,
807 4065 955 4125 Sepulchrum
961 4067 1033 4112 ultim
1039 4071 1161 4112 eastnoera.
1177 4062 1232 4110 Ho-

156 4129 212 4174 238.
220 4129 289 4175 Nunc
297 4145 325 4177 ea
333 4145 377 4190 quo
383 4135 452 4189 pacto
459 4130 595 4191 gignantur,
605 4125 662 4190 eta]
695 4126 780 4185 ratius,
793 4127 843 4175 Sat.
856 4128 879 4176 6.
890 4127 932 4176 lib.
951 4128 987 4177 ΙΙ.
1014 4131 1070 4180 Qua
1086 4127 1172 4191 procul
1188 4141 1231 4175 ex·

124 4189 189 4238 Cum
208 4201 289 4240 ortum
305 4192 416 4240 fulminis
435 4192 557 4255 exquiras,
578 4193 661 4240 obser·
696 4192 796 4242 structis
807 4196 898 4241 inerant
909 4196 1015 4242 matema
1025 4195 1140 4241 oenotria.

125 4254 279 4312 vandumest
290 4272 415 4319 nunquam
428 4257 662 4307 sinenubibusden-
730 4259 786 4306 2⁶0.
809 4261 921 4320 Undique,
934 4255 990 4318 eta]
1008 4256 1065 4304 Vid.
1084 4255 1126 4311 lib,
1146 4254 1191 4302 1v.
1210 4269 1232 4304 v.

125 4317 159 4365 sis
176 4317 319 4376 fulminare3
337 4321 385 4369 nisi
401 4321 467 4370 e'nim
484 4321 569 4386 spissae
584 4331 665 4371 essent
700 4321 754 4373 170.
1167 4343 1170 4353 ·

804 4400 846 4433 nr
