<?xml version="1.0" encoding="UTF-8"?>
<!DOCTYPE html PUBLIC "-//W3C//DTD XHTML 1.0 Transitional//EN"
    "http://www.w3.org/TR/xhtml1/DTD/xhtml1-transitional.dtd">
<html xmlns="http://www.w3.org/1999/xhtml" xml:lang="en" lang="en">
 <head>
  <title>
</title>
<meta http-equiv="Content-Type" content="text/html;charset=utf-8" />
  <meta name='ocr-system' content='tesseract 3.04.00' />
  <meta name='ocr-capabilities' content='ocr_page ocr_carea ocr_par ocr_line ocrx_word'/>
</head>
<body>
  <div class='ocr_page' id='page_1' title='image "./titilucretiicar04carugoog_0153.png"; bbox 0 0 2872 4852; ppageno 0'>
   <div class='ocr_carea' id='block_1_1' title="bbox 475 220 1257 298">
    <p class='ocr_par' dir='ltr' id='par_1_1' title="bbox 475 220 1257 298">
     <span class='ocr_line' id='line_1_1' title="bbox 475 220 1257 298; baseline 0.001 -14"><span class='ocrx_word' id='word_1_1' title='bbox 475 221 644 286; x_wconf 88' lang='lat' dir='ltr'><strong>LIBER</strong></span> <span class='ocrx_word' id='word_1_2' title='bbox 674 220 931 287; x_wconf 87' lang='lat' dir='ltr'><strong>TERTIUS.</strong></span> <span class='ocrx_word' id='word_1_3' title='bbox 971 291 973 296; x_wconf 60' lang='grc'><strong>,</strong></span> <span class='ocrx_word' id='word_1_4' title='bbox 1196 221 1257 298; x_wconf 76' lang='lat'><strong>129</strong></span> 
     </span>
    </p>
   </div>
   <div class='ocr_carea' id='block_1_2' title="bbox 189 375 1184 2292">
    <p class='ocr_par' dir='ltr' id='par_1_2' title="bbox 189 375 1184 2292">
     <span class='ocr_line' id='line_1_2' title="bbox 236 375 1184 462; baseline 0 -22"><span class='ocrx_word' id='word_1_5' title='bbox 236 378 379 462; x_wconf 79' lang='lat' dir='ltr'><strong>Cycnist</strong></span> <span class='ocrx_word' id='word_1_6' title='bbox 403 386 460 440; x_wconf 89' lang='lat' dir='ltr'><strong>aut</strong></span> <span class='ocrx_word' id='word_1_7' title='bbox 476 377 630 460; x_wconf 81' lang='lat' dir='ltr'><strong>quidnam</strong></span> <span class='ocrx_word' id='word_1_8' title='bbox 645 376 789 443; x_wconf 86' lang='lat' dir='ltr'>tremulis</span> <span class='ocrx_word' id='word_1_9' title='bbox 804 376 911 441; x_wconf 84' lang='lat' dir='ltr'><strong>facere</strong></span> <span class='ocrx_word' id='word_1_10' title='bbox 927 377 1062 441; x_wconf 87' lang='lat' dir='ltr'><strong>artubus</strong></span> <span class='ocrx_word' id='word_1_11' title='bbox 1080 375 1184 440; x_wconf 89' lang='lat' dir='ltr'><strong>Hoedi</strong></span> 
     </span>
     <span class='ocr_line' id='line_1_3' title="bbox 237 477 1079 563; baseline 0 -21"><span class='ocrx_word' id='word_1_12' title='bbox 237 477 410 544; x_wconf 90' lang='lat' dir='ltr'><strong>Consimile</strong></span> <span class='ocrx_word' id='word_1_13' title='bbox 426 480 459 541; x_wconf 91' lang='lat' dir='ltr'><strong>in</strong></span> <span class='ocrx_word' id='word_1_14' title='bbox 474 501 573 543; x_wconf 88' lang='lat' dir='ltr'><strong>cursu</strong></span> <span class='ocrx_word' id='word_1_15' title='bbox 588 479 727 563; x_wconf 84' lang='lat' dir='ltr'>possint,</span> <span class='ocrx_word' id='word_1_16' title='bbox 743 501 781 543; x_wconf 89' lang='lat' dir='ltr'><strong>ao</strong></span> <span class='ocrx_word' id='word_1_17' title='bbox 797 478 889 543; x_wconf 84' lang='lat' dir='ltr'><strong>fortis</strong></span> <span class='ocrx_word' id='word_1_18' title='bbox 905 477 995 563; x_wconf 91' lang='lat' dir='ltr'><strong>Equi</strong></span> <span class='ocrx_word' id='word_1_19' title='bbox 1008 478 1079 542; x_wconf 77' lang='lat' dir='ltr'><strong>visi</strong></span> 
     </span>
     <span class='ocr_line' id='line_1_4' title="bbox 236 579 1072 665; baseline -0.005 -20"><span class='ocrx_word' id='word_1_20' title='bbox 236 580 291 645; x_wconf 87' lang='lat' dir='ltr'><strong>Tu</strong></span> <span class='ocrx_word' id='word_1_21' title='bbox 307 581 418 657; x_wconf 92' lang='lat' dir='ltr'><strong>Pater,</strong></span> <span class='ocrx_word' id='word_1_22' title='bbox 434 590 468 644; x_wconf 92' lang='lat' dir='ltr'><strong>et</strong></span> <span class='ocrx_word' id='word_1_23' title='bbox 483 602 592 644; x_wconf 92' lang='lat' dir='ltr'><strong>rerum</strong></span> <span class='ocrx_word' id='word_1_24' title='bbox 606 579 782 645; x_wconf 75' lang='lat' dir='ltr'><strong>Inventorr</strong></span> <span class='ocrx_word' id='word_1_25' title='bbox 806 590 842 644; x_wconf 89' lang='lat' dir='ltr'><strong>tu</strong></span> <span class='ocrx_word' id='word_1_26' title='bbox 857 580 963 665; x_wconf 92' lang='lat' dir='ltr'><strong>patria</strong></span> <span class='ocrx_word' id='word_1_27' title='bbox 977 579 1072 643; x_wconf 92' lang='lat' dir='ltr'><strong>nobis</strong></span> 
     </span>
     <span class='ocr_line' id='line_1_5' title="bbox 190 680 1140 767; baseline -0.002 -22"><span class='ocrx_word' id='word_1_28' title='bbox 190 693 219 738; x_wconf 91' lang='lat'><strong>10</strong></span> <span class='ocrx_word' id='word_1_29' title='bbox 237 682 437 767; x_wconf 88' lang='lat' dir='ltr'><strong>Suppeditas</strong></span> <span class='ocrx_word' id='word_1_30' title='bbox 453 692 630 766; x_wconf 87' lang='lat' dir='ltr'><strong>praeeepta,</strong></span> <span class='ocrx_word' id='word_1_31' title='bbox 646 683 775 767; x_wconf 89' lang='lat' dir='ltr'><strong>tuisque</strong></span> <span class='ocrx_word' id='word_1_32' title='bbox 790 704 843 760; x_wconf 84' lang='lat' dir='ltr'><strong>ex,</strong></span> <span class='ocrx_word' id='word_1_33' title='bbox 859 680 991 759; x_wconf 88' lang='lat' dir='ltr'><strong>inclute,</strong></span> <span class='ocrx_word' id='word_1_34' title='bbox 1007 680 1140 757; x_wconf 89' lang='lat' dir='ltr'><strong>chartis,</strong></span> 
     </span>
     <span class='ocr_line' id='line_1_6' title="bbox 236 783 1004 868; baseline -0.001 -20"><span class='ocrx_word' id='word_1_35' title='bbox 236 783 402 848; x_wconf 86' lang='lat' dir='ltr'><strong>Floriferis</strong></span> <span class='ocrx_word' id='word_1_36' title='bbox 417 793 455 848; x_wconf 92' lang='lat' dir='ltr'><strong>ut</strong></span> <span class='ocrx_word' id='word_1_37' title='bbox 469 805 548 868; x_wconf 92' lang='lat' dir='ltr'><strong>apes</strong></span> <span class='ocrx_word' id='word_1_38' title='bbox 562 784 596 847; x_wconf 93' lang='lat' dir='ltr'><strong>iu</strong></span> <span class='ocrx_word' id='word_1_39' title='bbox 612 783 746 849; x_wconf 87' lang='lat' dir='ltr'><strong>saltibus</strong></span> <span class='ocrx_word' id='word_1_40' title='bbox 762 785 868 848; x_wconf 91' lang='lat' dir='ltr'><strong>omnia</strong></span> <span class='ocrx_word' id='word_1_41' title='bbox 881 783 1004 861; x_wconf 92' lang='lat' dir='ltr'><strong>limant,</strong></span> 
     </span>
     <span class='ocr_line' id='line_1_7' title="bbox 237 885 1004 970; baseline 0 -20"><span class='ocrx_word' id='word_1_42' title='bbox 237 885 356 950; x_wconf 89' lang='lat' dir='ltr'><strong>Omnia</strong></span> <span class='ocrx_word' id='word_1_43' title='bbox 369 908 430 950; x_wconf 90' lang='lat' dir='ltr'><strong>nos</strong></span> <span class='ocrx_word' id='word_1_44' title='bbox 445 886 557 950; x_wconf 91' lang='lat' dir='ltr'><strong>itidem</strong></span> <span class='ocrx_word' id='word_1_45' title='bbox 572 886 777 970; x_wconf 89' lang='lat' dir='ltr'><strong>depascimur</strong></span> <span class='ocrx_word' id='word_1_46' title='bbox 792 909 891 951; x_wconf 93' lang='lat' dir='ltr'><strong>aurea</strong></span> <span class='ocrx_word' id='word_1_47' title='bbox 905 887 1004 964; x_wconf 89' lang='lat' dir='ltr'><strong>dicta,</strong></span> 
     </span>
     <span class='ocr_line' id='line_1_8' title="bbox 236 986 971 1073; baseline 0.003 -22"><span class='ocrx_word' id='word_1_48' title='bbox 236 986 359 1066; x_wconf 91' lang='lat' dir='ltr'><strong>Aurea,</strong></span> <span class='ocrx_word' id='word_1_49' title='bbox 375 997 536 1073; x_wconf 88' lang='lat' dir='ltr'><strong>perpetua</strong></span> <span class='ocrx_word' id='word_1_50' title='bbox 552 1009 679 1072; x_wconf 85' lang='lat' dir='ltr'><strong>semper</strong></span> <span class='ocrx_word' id='word_1_51' title='bbox 694 988 881 1072; x_wconf 83' lang='lat' dir='ltr'><strong>dignissima</strong></span> <span class='ocrx_word' id='word_1_52' title='bbox 896 988 971 1053; x_wconf 85' lang='lat' dir='ltr'><strong>vita.</strong></span> 
     </span>
     <span class='ocr_line' id='line_1_9' title="bbox 236 1088 973 1173; baseline -0.001 -21"><span class='ocrx_word' id='word_1_53' title='bbox 236 1089 324 1154; x_wconf 91' lang='lat' dir='ltr'><strong>Nam</strong></span> <span class='ocrx_word' id='word_1_54' title='bbox 340 1088 485 1153; x_wconf 88' lang='lat' dir='ltr'><strong>simulac</strong></span> <span class='ocrx_word' id='word_1_55' title='bbox 502 1088 601 1153; x_wconf 85' lang='lat' dir='ltr'><strong>Ratio</strong></span> <span class='ocrx_word' id='word_1_56' title='bbox 617 1100 674 1152; x_wconf 92' lang='lat' dir='ltr'><strong>tua</strong></span> <span class='ocrx_word' id='word_1_57' title='bbox 688 1090 790 1173; x_wconf 88' lang='lat' dir='ltr'><strong>ooepit</strong></span> <span class='ocrx_word' id='word_1_58' title='bbox 804 1088 973 1154; x_wconf 84' lang='lat' dir='ltr'><strong>vociferari</strong></span> 
     </span>
     <span class='ocr_line' id='line_1_10' title="bbox 190 1189 1055 1265; baseline 0 -11"><span class='ocrx_word' id='word_1_59' title='bbox 190 1202 219 1248; x_wconf 84' lang='lat'><strong>15</strong></span> <span class='ocrx_word' id='word_1_60' title='bbox 237 1191 400 1256; x_wconf 84' lang='lat' dir='ltr'><strong>Naturam</strong></span> <span class='ocrx_word' id='word_1_61' title='bbox 417 1211 525 1254; x_wconf 93' lang='lat' dir='ltr'><strong>rerum</strong></span> <span class='ocrx_word' id='word_1_62' title='bbox 539 1189 629 1253; x_wconf 92' lang='lat' dir='ltr'><strong>haud</strong></span> <span class='ocrx_word' id='word_1_63' title='bbox 645 1189 766 1253; x_wconf 89' lang='lat' dir='ltr'><strong>Divina</strong></span> <span class='ocrx_word' id='word_1_64' title='bbox 779 1200 886 1254; x_wconf 91' lang='lat' dir='ltr'><strong>mente</strong></span> <span class='ocrx_word' id='word_1_65' title='bbox 901 1201 1055 1265; x_wconf 88' lang='lat' dir='ltr'><strong>coortam,</strong></span> 
     </span>
     <span class='ocr_line' id='line_1_11' title="bbox 238 1290 996 1374; baseline -0.001 -19"><span class='ocrx_word' id='word_1_66' title='bbox 238 1291 427 1374; x_wconf 85' lang='lat' dir='ltr'><strong>Diffugiunt</strong></span> <span class='ocrx_word' id='word_1_67' title='bbox 443 1290 553 1355; x_wconf 90' lang='lat' dir='ltr'><strong>Animi</strong></span> <span class='ocrx_word' id='word_1_68' title='bbox 568 1301 728 1367; x_wconf 84' lang='lat' dir='ltr'><strong>terrores3</strong></span> <span class='ocrx_word' id='word_1_69' title='bbox 751 1291 870 1356; x_wconf 91' lang='lat' dir='ltr'><strong>moenia</strong></span> <span class='ocrx_word' id='word_1_70' title='bbox 884 1291 996 1354; x_wconf 90' lang='lat' dir='ltr'><strong>mundi</strong></span> 
     </span>
     <span class='ocr_line' id='line_1_12' title="bbox 239 1391 1019 1477; baseline -0.001 -22"><span class='ocrx_word' id='word_1_71' title='bbox 239 1392 437 1469; x_wconf 84' lang='lat' dir='ltr'><strong>Discedunt,</strong></span> <span class='ocrx_word' id='word_1_72' title='bbox 454 1403 558 1455; x_wconf 86' lang='lat' dir='ltr'><strong>totum</strong></span> <span class='ocrx_word' id='word_1_73' title='bbox 572 1392 668 1455; x_wconf 90' lang='lat' dir='ltr'><strong>video</strong></span> <span class='ocrx_word' id='word_1_74' title='bbox 682 1414 742 1476; x_wconf 92' lang='lat' dir='ltr'><strong>per</strong></span> <span class='ocrx_word' id='word_1_75' title='bbox 756 1391 857 1456; x_wconf 85' lang='lat' dir='ltr'><strong>lnane</strong></span> <span class='ocrx_word' id='word_1_76' title='bbox 871 1393 942 1477; x_wconf 86' lang='lat' dir='ltr'><strong>geri</strong></span> <span class='ocrx_word' id='word_1_77' title='bbox 956 1413 1019 1455; x_wconf 83' lang='lat' dir='ltr'><strong>rea.</strong></span> 
     </span>
     <span class='ocr_line' id='line_1_13' title="bbox 239 1491 999 1578; baseline 0 -22"><span class='ocrx_word' id='word_1_78' title='bbox 239 1491 391 1577; x_wconf 79' lang='lat' dir='ltr'><strong>Apparet</strong></span> <span class='ocrx_word' id='word_1_79' title='bbox 406 1491 527 1557; x_wconf 81' lang='lat' dir='ltr'><strong>Divdm</strong></span> <span class='ocrx_word' id='word_1_80' title='bbox 542 1515 672 1569; x_wconf 92' lang='lat' dir='ltr'><strong>numen,</strong></span> <span class='ocrx_word' id='word_1_81' title='bbox 686 1494 846 1578; x_wconf 88' lang='lat' dir='ltr'><strong>sedesque</strong></span> <span class='ocrx_word' id='word_1_82' title='bbox 861 1494 999 1576; x_wconf 83' lang='lat' dir='ltr'><strong>quietae:</strong></span> 
     </span>
     <span class='ocr_line' id='line_1_14' title="bbox 238 1592 1150 1680; baseline 0.001 -23"><span class='ocrx_word' id='word_1_83' title='bbox 238 1592 331 1666; x_wconf 88' lang='lat' dir='ltr'><strong>Quas</strong></span> <span class='ocrx_word' id='word_1_84' title='bbox 347 1617 452 1680; x_wconf 91' lang='lat' dir='ltr'><strong>neque</strong></span> <span class='ocrx_word' id='word_1_85' title='bbox 468 1595 657 1660; x_wconf 85' lang='lat' dir='ltr'><strong>concutiunt</strong></span> <span class='ocrx_word' id='word_1_86' title='bbox 671 1595 769 1671; x_wconf 88' lang='lat' dir='ltr'><strong>venti,</strong></span> <span class='ocrx_word' id='word_1_87' title='bbox 786 1616 892 1679; x_wconf 86' lang='lat' dir='ltr'><strong>neque</strong></span> <span class='ocrx_word' id='word_1_88' title='bbox 908 1592 1020 1660; x_wconf 88' lang='lat' dir='ltr'><strong>nubila</strong></span> <span class='ocrx_word' id='word_1_89' title='bbox 1034 1595 1150 1658; x_wconf 89' lang='lat' dir='ltr'><strong>nimbis</strong></span> 
     </span>
     <span class='ocr_line' id='line_1_15' title="bbox 192 1695 1042 1783; baseline 0.007 -29"><span class='ocrx_word' id='word_1_90' title='bbox 192 1709 223 1755; x_wconf 83' lang='lat' dir='ltr'><strong>ao</strong></span> <span class='ocrx_word' id='word_1_91' title='bbox 241 1695 468 1783; x_wconf 84' lang='lat' dir='ltr'><strong>Adspergunt,</strong></span> <span class='ocrx_word' id='word_1_92' title='bbox 485 1719 591 1781; x_wconf 87' lang='lat' dir='ltr'><strong>neque</strong></span> <span class='ocrx_word' id='word_1_93' title='bbox 607 1698 663 1762; x_wconf 87' lang='lat' dir='ltr'><strong>nix</strong></span> <span class='ocrx_word' id='word_1_94' title='bbox 678 1697 743 1761; x_wconf 87' lang='lat' dir='ltr'><strong>acri</strong></span> <span class='ocrx_word' id='word_1_95' title='bbox 759 1707 911 1761; x_wconf 89' lang='lat' dir='ltr'><strong>concreta</strong></span> <span class='ocrx_word' id='word_1_96' title='bbox 925 1697 1042 1782; x_wconf 90' lang='lat' dir='ltr'><strong>pruina</strong></span> 
     </span>
     <span class='ocr_line' id='line_1_16' title="bbox 238 1797 1107 1885; baseline 0.001 -23"><span class='ocrx_word' id='word_1_97' title='bbox 238 1798 328 1863; x_wconf 85' lang='lat' dir='ltr'><strong>Cana</strong></span> <span class='ocrx_word' id='word_1_98' title='bbox 342 1801 462 1865; x_wconf 91' lang='lat' dir='ltr'><strong>cadens</strong></span> <span class='ocrx_word' id='word_1_99' title='bbox 478 1797 593 1877; x_wconf 79' lang='lat' dir='ltr'><strong>violat3</strong></span> <span class='ocrx_word' id='word_1_100' title='bbox 618 1820 809 1885; x_wconf 88' lang='lat' dir='ltr'><strong>semperque</strong></span> <span class='ocrx_word' id='word_1_101' title='bbox 825 1799 989 1865; x_wconf 85' lang='lat' dir='ltr'><strong>innubilus</strong></span> <span class='ocrx_word' id='word_1_102' title='bbox 1004 1800 1107 1865; x_wconf 87' lang='lat' dir='ltr'><strong>aether</strong></span> 
     </span>
     <span class='ocr_line' id='line_1_17' title="bbox 237 1900 901 1987; baseline 0.002 -21"><span class='ocrx_word' id='word_1_103' title='bbox 237 1901 369 1986; x_wconf 81' lang='lat' dir='ltr'><strong>integit,</strong></span> <span class='ocrx_word' id='word_1_104' title='bbox 384 1913 417 1967; x_wconf 91' lang='lat' dir='ltr'><strong>et</strong></span> <span class='ocrx_word' id='word_1_105' title='bbox 431 1901 521 1987; x_wconf 83' lang='lat' dir='ltr'><strong>large</strong></span> <span class='ocrx_word' id='word_1_106' title='bbox 537 1901 657 1967; x_wconf 87' lang='lat' dir='ltr'><strong>diffuso</strong></span> <span class='ocrx_word' id='word_1_107' title='bbox 671 1900 791 1967; x_wconf 91' lang='lat' dir='ltr'><strong>lumine</strong></span> <span class='ocrx_word' id='word_1_108' title='bbox 806 1902 901 1967; x_wconf 90' lang='lat' dir='ltr'><strong>ridet.</strong></span> 
     </span>
     <span class='ocr_line' id='line_1_18' title="bbox 237 2001 1032 2089; baseline 0 -22"><span class='ocrx_word' id='word_1_109' title='bbox 237 2002 356 2067; x_wconf 92' lang='lat' dir='ltr'><strong>Omnia</strong></span> <span class='ocrx_word' id='word_1_110' title='bbox 368 2005 558 2089; x_wconf 88' lang='lat' dir='ltr'><strong>suppeditat</strong></span> <span class='ocrx_word' id='word_1_111' title='bbox 573 2026 671 2088; x_wconf 89' lang='lat' dir='ltr'><strong>porro</strong></span> <span class='ocrx_word' id='word_1_112' title='bbox 686 2003 829 2080; x_wconf 89' lang='lat' dir='ltr'><strong>Natura,</strong></span> <span class='ocrx_word' id='word_1_113' title='bbox 845 2026 951 2087; x_wconf 88' lang='lat' dir='ltr'><strong>neque</strong></span> <span class='ocrx_word' id='word_1_114' title='bbox 965 2001 1032 2068; x_wconf 90' lang='lat' dir='ltr'><strong>ulla</strong></span> 
     </span>
     <span class='ocr_line' id='line_1_19' title="bbox 237 2104 1003 2191; baseline 0.003 -22"><span class='ocrx_word' id='word_1_115' title='bbox 237 2105 307 2170; x_wconf 91' lang='lat' dir='ltr'><strong>Res</strong></span> <span class='ocrx_word' id='word_1_116' title='bbox 323 2107 419 2169; x_wconf 89' lang='lat' dir='ltr'><strong>animi</strong></span> <span class='ocrx_word' id='word_1_117' title='bbox 434 2128 548 2191; x_wconf 86' lang='lat' dir='ltr'><strong>paoem</strong></span> <span class='ocrx_word' id='word_1_118' title='bbox 561 2105 702 2171; x_wconf 88' lang='lat' dir='ltr'><strong>delibrat</strong></span> <span class='ocrx_word' id='word_1_119' title='bbox 717 2115 863 2190; x_wconf 89' lang='lat' dir='ltr'><strong>tempore</strong></span> <span class='ocrx_word' id='word_1_120' title='bbox 878 2106 911 2169; x_wconf 89' lang='lat' dir='ltr'><strong>in</strong></span> <span class='ocrx_word' id='word_1_121' title='bbox 926 2104 1003 2171; x_wconf 91' lang='lat' dir='ltr'><strong>ullo.</strong></span> 
     </span>
     <span class='ocr_line' id='line_1_20' title="bbox 189 2205 1116 2292; baseline -0.003 -20"><span class='ocrx_word' id='word_1_122' title='bbox 189 2219 219 2266; x_wconf 83' lang='lat'><strong>25</strong></span> <span class='ocrx_word' id='word_1_123' title='bbox 238 2206 286 2271; x_wconf 90' lang='lat' dir='ltr'><strong>At</strong></span> <span class='ocrx_word' id='word_1_124' title='bbox 301 2217 414 2272; x_wconf 88' lang='lat' dir='ltr'><strong>contra</strong></span> <span class='ocrx_word' id='word_1_125' title='bbox 429 2230 589 2292; x_wconf 89' lang='lat' dir='ltr'><strong>nusquam</strong></span> <span class='ocrx_word' id='word_1_126' title='bbox 604 2218 764 2292; x_wconf 86' lang='lat' dir='ltr'><strong>apparent</strong></span> <span class='ocrx_word' id='word_1_127' title='bbox 780 2205 966 2271; x_wconf 89' lang='lat' dir='ltr'><strong>Acherusia</strong></span> <span class='ocrx_word' id='word_1_128' title='bbox 980 2206 1116 2290; x_wconf 89' lang='lat' dir='ltr'><strong>templa:</strong></span> 
     </span>
    </p>
   </div>
   <div class='ocr_carea' id='block_1_3' title="bbox 152 2411 1263 4398">
    <p class='ocr_par' dir='ltr' id='par_1_3' title="bbox 152 2411 1263 4398">
     <span class='ocr_line' id='line_1_21' title="bbox 152 2411 1261 2477; baseline -0.001 -15"><span class='ocrx_word' id='word_1_129' title='bbox 152 2411 219 2473; x_wconf 72' lang='grc' dir='ltr'><strong>λόλη</strong></span> <span class='ocrx_word' id='word_1_130' title='bbox 226 2415 339 2476; x_wconf 72' lang='grc' dir='ltr'><strong>χελιδών·</strong></span> <span class='ocrx_word' id='word_1_131' title='bbox 348 2414 456 2464; x_wconf 71' lang='lat' dir='ltr'><strong>Kdrrtos</strong></span> <span class='ocrx_word' id='word_1_132' title='bbox 465 2425 547 2465; x_wconf 85' lang='lat' dir='ltr'><strong>autem</strong></span> <span class='ocrx_word' id='word_1_133' title='bbox 556 2413 688 2472; x_wconf 62' lang='grc' dir='ltr'><strong>ἀπατηλὸς,</strong></span> <span class='ocrx_word' id='word_1_134' title='bbox 723 2415 757 2463; x_wconf 87' lang='lat' dir='ltr'><strong>Et</strong></span> <span class='ocrx_word' id='word_1_135' title='bbox 776 2413 902 2477; x_wconf 81' lang='lat' dir='ltr'><strong>Virgilius,</strong></span> <span class='ocrx_word' id='word_1_136' title='bbox 927 2417 996 2464; x_wconf 82' lang='lat' dir='ltr'><strong>Video</strong></span> <span class='ocrx_word' id='word_1_137' title='bbox 1018 2417 1115 2464; x_wconf 72' lang='lat' dir='ltr'><strong>medium</strong></span> <span class='ocrx_word' id='word_1_138' title='bbox 1136 2413 1261 2463; x_wconf 79' lang='lat' dir='ltr'><strong>discedere</strong></span> 
     </span>
     <span class='ocr_line' id='line_1_22' title="bbox 153 2476 810 2537; baseline -0.002 -10"><span class='ocrx_word' id='word_1_139' title='bbox 153 2479 268 2536; x_wconf 68' lang='grc' dir='ltr'><strong>ἁτατεὸν,</strong></span> <span class='ocrx_word' id='word_1_140' title='bbox 279 2476 367 2537; x_wconf 73' lang='grc' dir='ltr'><strong>δόλιος,</strong></span> <span class='ocrx_word' id='word_1_141' title='bbox 381 2476 466 2528; x_wconf 68' lang='lat' dir='ltr'><strong>saltos·</strong></span> <span class='ocrx_word' id='word_1_142' title='bbox 480 2478 578 2537; x_wconf 71' lang='lat' dir='ltr'><strong>uorlltu,</strong></span> <span class='ocrx_word' id='word_1_143' title='bbox 595 2487 687 2528; x_wconf 75' lang='grc' dir='ltr'>λαλεσ-</span> <span class='ocrx_word' id='word_1_144' title='bbox 723 2482 810 2527; x_wconf 68' lang='grc' dir='ltr'><strong>οωῑιηι.</strong></span> 
     </span>
     <span class='ocr_line' id='line_1_23' title="bbox 152 2540 1262 2605; baseline 0 -14"><span class='ocrx_word' id='word_1_145' title='bbox 152 2540 222 2602; x_wconf 64' lang='grc' dir='ltr'><strong><em>τύνη.</em></strong></span> <span class='ocrx_word' id='word_1_146' title='bbox 246 2544 307 2593; x_wconf 83' lang='lat' dir='ltr'><strong>Hcs.</strong></span> <span class='ocrx_word' id='word_1_147' title='bbox 756 2545 793 2591; x_wconf 80' lang='lat'><strong>18.</strong></span> <span class='ocrx_word' id='word_1_148' title='bbox 812 2546 917 2605; x_wconf 79' lang='lat' dir='ltr'><strong>Apparet</strong></span> <span class='ocrx_word' id='word_1_149' title='bbox 935 2546 1020 2593; x_wconf 72' lang='lat' dir='ltr'><strong>Divum</strong></span> <span class='ocrx_word' id='word_1_150' title='bbox 1038 2560 1119 2592; x_wconf 78' lang='lat' dir='ltr'><strong>numen</strong></span> <span class='ocrx_word' id='word_1_151' title='bbox 1151 2542 1200 2592; x_wconf 83' lang='lat' dir='ltr'><strong>Sed</strong></span> <span class='ocrx_word' id='word_1_152' title='bbox 1218 2558 1262 2591; x_wconf 89' lang='lat' dir='ltr'><strong>cur</strong></span> 
     </span>
     <span class='ocr_line' id='line_1_24' title="bbox 186 2604 1261 2682; baseline 0 -25"><span class='ocrx_word' id='word_1_153' title='bbox 186 2607 208 2658; x_wconf 78' lang='grc'><strong>7.</strong></span> <span class='ocrx_word' id='word_1_154' title='bbox 226 2607 343 2670; x_wconf 74' lang='lat' dir='ltr'><strong>Artatur]</strong></span> <span class='ocrx_word' id='word_1_155' title='bbox 365 2607 416 2656; x_wconf 87' lang='lat' dir='ltr'><strong>Alii</strong></span> <span class='ocrx_word' id='word_1_156' title='bbox 432 2611 529 2664; x_wconf 78' lang='lat' dir='ltr'><strong>ortibus,</strong></span> <span class='ocrx_word' id='word_1_157' title='bbox 547 2608 613 2669; x_wconf 86' lang='lat' dir='ltr'><strong>quod</strong></span> <span class='ocrx_word' id='word_1_158' title='bbox 631 2607 689 2655; x_wconf 89' lang='lat' dir='ltr'><strong>olim</strong></span> <span class='ocrx_word' id='word_1_159' title='bbox 722 2616 820 2670; x_wconf 81' lang='lat' dir='ltr'><strong>apparet</strong></span> <span class='ocrx_word' id='word_1_160' title='bbox 839 2611 924 2656; x_wconf 76' lang='lat' dir='ltr'><strong>Dtcurn</strong></span> <span class='ocrx_word' id='word_1_161' title='bbox 946 2612 1050 2657; x_wconf 70' lang='lat' dir='ltr'><strong>marcu?</strong></span> <span class='ocrx_word' id='word_1_162' title='bbox 1077 2604 1135 2682; x_wconf 56' lang='lat' dir='ltr'><strong>So*</strong></span> <span class='ocrx_word' id='word_1_163' title='bbox 1152 2617 1184 2665; x_wconf 82' lang='lat' dir='ltr'><strong>et,</strong></span> <span class='ocrx_word' id='word_1_164' title='bbox 1207 2623 1261 2670; x_wconf 82' lang='lat' dir='ltr'><strong>quae</strong></span> 
     </span>
     <span class='ocr_line' id='line_1_25' title="bbox 153 2672 1263 2810; baseline 0.001 -26"><span class='ocrx_word' id='word_1_165' title='bbox 153 2673 690 2810; x_wconf 57' lang='lat' dir='ltr'><strong>tttttsstl‘ttttttttlttttt</strong></span> <span class='ocrx_word' id='word_1_166' title='bbox 723 2672 1263 2793; x_wconf 57' lang='lat' dir='ltr'><strong>titlttttttdtttbtbtt</strong></span> 
     </span>
     <span class='ocr_line' id='line_1_26' title="bbox 153 2801 1261 2859; baseline 0 -9"><span class='ocrx_word' id='word_1_167' title='bbox 153 2801 203 2850; x_wconf 87' lang='lat' dir='ltr'><strong>dici</strong></span> <span class='ocrx_word' id='word_1_168' title='bbox 216 2805 314 2850; x_wconf 74' lang='lat' dir='ltr'><strong>mitur:</strong></span> <span class='ocrx_word' id='word_1_169' title='bbox 333 2811 362 2850; x_wconf 91' lang='lat' dir='ltr'><strong>ut</strong></span> <span class='ocrx_word' id='word_1_170' title='bbox 375 2805 463 2850; x_wconf 73' lang='lat' dir='ltr'><strong>cerritus</strong></span> <span class='ocrx_word' id='word_1_171' title='bbox 477 2801 504 2849; x_wconf 94' lang='lat' dir='ltr'><strong>in</strong></span> <span class='ocrx_word' id='word_1_172' title='bbox 521 2801 615 2850; x_wconf 89' lang='lat' dir='ltr'><strong>Glossis</strong></span> <span class='ocrx_word' id='word_1_173' title='bbox 631 2801 690 2848; x_wconf 89' lang='lat' dir='ltr'><strong>Phr·</strong></span> <span class='ocrx_word' id='word_1_174' title='bbox 724 2810 801 2859; x_wconf 87' lang='lat' dir='ltr'><strong>erant,</strong></span> <span class='ocrx_word' id='word_1_175' title='bbox 818 2801 880 2850; x_wconf 89' lang='lat' dir='ltr'><strong>nibil</strong></span> <span class='ocrx_word' id='word_1_176' title='bbox 900 2811 928 2850; x_wconf 89' lang='lat' dir='ltr'><strong>ut</strong></span> <span class='ocrx_word' id='word_1_177' title='bbox 945 2803 976 2850; x_wconf 91' lang='lat' dir='ltr'><strong>de</strong></span> <span class='ocrx_word' id='word_1_178' title='bbox 992 2801 1025 2850; x_wconf 89' lang='lat' dir='ltr'><strong>iis</strong></span> <span class='ocrx_word' id='word_1_179' title='bbox 1041 2802 1102 2850; x_wconf 81' lang='lat' dir='ltr'><strong>certi</strong></span> <span class='ocrx_word' id='word_1_180' title='bbox 1122 2802 1261 2859; x_wconf 85' lang='lat' dir='ltr'><strong>baberetur,</strong></span> 
     </span>
     <span class='ocr_line' id='line_1_27' title="bbox 153 2863 1261 2928; baseline -0.001 -14"><span class='ocrx_word' id='word_1_181' title='bbox 153 2865 237 2914; x_wconf 83' lang='lat' dir='ltr'><strong>loxeni</strong></span> <span class='ocrx_word' id='word_1_182' title='bbox 249 2866 352 2916; x_wconf 82' lang='lat' dir='ltr'><strong>vertitur</strong></span> <span class='ocrx_word' id='word_1_183' title='bbox 362 2863 504 2928; x_wconf 71' lang='grc' dir='ltr'><strong><em>πάντεχνος,</em></strong></span> <span class='ocrx_word' id='word_1_184' title='bbox 520 2865 639 2923; x_wconf 69' lang='grc' dir='ltr'><strong>δαίδαλος,</strong></span> <span class='ocrx_word' id='word_1_185' title='bbox 656 2865 692 2914; x_wconf 87' lang='lat' dir='ltr'><strong>sio</strong></span> <span class='ocrx_word' id='word_1_186' title='bbox 724 2875 770 2914; x_wconf 84' lang='lat' dir='ltr'><strong>etc.</strong></span> <span class='ocrx_word' id='word_1_187' title='bbox 805 2866 919 2915; x_wconf 81' lang='lat' dir='ltr'><strong>Fortasse</strong></span> <span class='ocrx_word' id='word_1_188' title='bbox 934 2866 1010 2916; x_wconf 84' lang='lat' dir='ltr'><strong>etiam</strong></span> <span class='ocrx_word' id='word_1_189' title='bbox 1028 2883 1077 2915; x_wconf 90' lang='lat' dir='ltr'><strong>non</strong></span> <span class='ocrx_word' id='word_1_190' title='bbox 1096 2866 1176 2916; x_wconf 89' lang='lat' dir='ltr'><strong>minus</strong></span> <span class='ocrx_word' id='word_1_191' title='bbox 1195 2875 1261 2914; x_wconf 83' lang='lat' dir='ltr'><strong>recte</strong></span> 
     </span>
     <span class='ocr_line' id='line_1_28' title="bbox 154 2931 1261 2996; baseline -0.001 -17"><span class='ocrx_word' id='word_1_192' title='bbox 154 2932 258 2979; x_wconf 65' lang='lat' dir='ltr'><strong>abactio</strong></span> <span class='ocrx_word' id='word_1_193' title='bbox 267 2940 363 2989; x_wconf 81' lang='lat' dir='ltr'><strong>ortator,</strong></span> <span class='ocrx_word' id='word_1_194' title='bbox 373 2931 399 2980; x_wconf 92' lang='lat' dir='ltr'><strong>id</strong></span> <span class='ocrx_word' id='word_1_195' title='bbox 408 2935 555 2979; x_wconf 78' lang='lat' dir='ltr'><strong>estrcbustos</strong></span> <span class='ocrx_word' id='word_1_196' title='bbox 565 2931 690 2979; x_wconf 85' lang='lat' dir='ltr'><strong>vocabant</strong></span> <span class='ocrx_word' id='word_1_197' title='bbox 723 2931 822 2990; x_wconf 82' lang='lat' dir='ltr'><strong>dixeris,</strong></span> <span class='ocrx_word' id='word_1_198' title='bbox 834 2931 947 2996; x_wconf 84' lang='lat' dir='ltr'><strong>Apparet</strong></span> <span class='ocrx_word' id='word_1_199' title='bbox 962 2947 1055 2980; x_wconf 83' lang='lat' dir='ltr'><strong>numen</strong></span> <span class='ocrx_word' id='word_1_200' title='bbox 1072 2932 1181 2980; x_wconf 84' lang='lat' dir='ltr'><strong>Deorum</strong></span> <span class='ocrx_word' id='word_1_201' title='bbox 1192 2931 1261 2994; x_wconf 81' lang='lat' dir='ltr'><strong>quia·</strong></span> 
     </span>
     <span class='ocr_line' id='line_1_29' title="bbox 154 2994 1263 3060; baseline 0.002 -17"><span class='ocrx_word' id='word_1_202' title='bbox 154 2996 217 3043; x_wconf 83' lang='lat' dir='ltr'><strong>Sunt</strong></span> <span class='ocrx_word' id='word_1_203' title='bbox 228 3004 309 3045; x_wconf 79' lang='lat' dir='ltr'><strong>tamen</strong></span> <span class='ocrx_word' id='word_1_204' title='bbox 319 2997 409 3058; x_wconf 87' lang='lat' dir='ltr'><strong>quibus</strong></span> <span class='ocrx_word' id='word_1_205' title='bbox 420 2996 471 3044; x_wconf 77' lang='lat' dir='ltr'><strong>haro</strong></span> <span class='ocrx_word' id='word_1_206' title='bbox 482 2995 564 3044; x_wconf 82' lang='lat' dir='ltr'><strong>minus</strong></span> <span class='ocrx_word' id='word_1_207' title='bbox 575 3005 642 3044; x_wconf 85' lang='lat' dir='ltr'><strong>certa</strong></span> <span class='ocrx_word' id='word_1_208' title='bbox 653 2995 689 3043; x_wconf 86' lang='lat' dir='ltr'><strong>vi·</strong></span> <span class='ocrx_word' id='word_1_209' title='bbox 724 3005 783 3054; x_wconf 79' lang='lat' dir='ltr'><strong>urm,</strong></span> <span class='ocrx_word' id='word_1_210' title='bbox 792 2994 916 3060; x_wconf 74' lang='lat' dir='ltr'><strong>(sequitur</strong></span> <span class='ocrx_word' id='word_1_211' title='bbox 925 2996 991 3045; x_wconf 79' lang='lat' dir='ltr'><strong>anun</strong></span> <span class='ocrx_word' id='word_1_212' title='bbox 1000 2995 1263 3059; x_wconf 58' lang='lat' dir='ltr'><strong>conuocaturum·</strong></span> 
     </span>
     <span class='ocr_line' id='line_1_30' title="bbox 153 3060 1262 3123; baseline 0 -15"><span class='ocrx_word' id='word_1_213' title='bbox 153 3060 265 3118; x_wconf 81' lang='lat' dir='ltr'><strong>deantur,</strong></span> <span class='ocrx_word' id='word_1_214' title='bbox 277 3062 321 3110; x_wconf 88' lang='lat' dir='ltr'><strong>sed</strong></span> <span class='ocrx_word' id='word_1_215' title='bbox 330 3061 391 3109; x_wconf 89' lang='lat' dir='ltr'><strong>nibil</strong></span> <span class='ocrx_word' id='word_1_216' title='bbox 399 3061 431 3108; x_wconf 89' lang='lat' dir='ltr'><strong>ad</strong></span> <span class='ocrx_word' id='word_1_217' title='bbox 440 3060 589 3109; x_wconf 85' lang='lat' dir='ltr'><strong>Lucretium.</strong></span> <span class='ocrx_word' id='word_1_218' title='bbox 606 3063 690 3108; x_wconf 81' lang='lat' dir='ltr'><strong>Faber.</strong></span> <span class='ocrx_word' id='word_1_219' title='bbox 725 3070 752 3109; x_wconf 88' lang='lat' dir='ltr'><strong>ut</strong></span> <span class='ocrx_word' id='word_1_220' title='bbox 762 3063 793 3110; x_wconf 88' lang='lat' dir='ltr'><strong>ab</strong></span> <span class='ocrx_word' id='word_1_221' title='bbox 804 3060 835 3110; x_wconf 86' lang='lat' dir='ltr'><strong>iis</strong></span> <span class='ocrx_word' id='word_1_222' title='bbox 846 3061 882 3110; x_wconf 87' lang='lat' dir='ltr'><strong>nil</strong></span> <span class='ocrx_word' id='word_1_223' title='bbox 894 3061 956 3109; x_wconf 83' lang='lat' dir='ltr'><strong>male</strong></span> <span class='ocrx_word' id='word_1_224' title='bbox 968 3061 1134 3119; x_wconf 72' lang='lat' dir='ltr'><strong>metiendum,</strong></span> <span class='ocrx_word' id='word_1_225' title='bbox 1147 3076 1203 3109; x_wconf 88' lang='lat' dir='ltr'><strong>oum</strong></span> <span class='ocrx_word' id='word_1_226' title='bbox 1210 3062 1262 3123; x_wconf 79' lang='lat' dir='ltr'><strong>Jam</strong></span> 
     </span>
     <span class='ocr_line' id='line_1_31' title="bbox 186 3124 1261 3189; baseline 0 -16"><span class='ocrx_word' id='word_1_227' title='bbox 186 3126 211 3173; x_wconf 87' lang='grc'><strong>9.</strong></span> <span class='ocrx_word' id='word_1_228' title='bbox 229 3125 325 3188; x_wconf 76' lang='lat' dir='ltr'><strong>Putria]</strong></span> <span class='ocrx_word' id='word_1_229' title='bbox 345 3126 421 3174; x_wconf 86' lang='lat' dir='ltr'><strong>Modo</strong></span> <span class='ocrx_word' id='word_1_230' title='bbox 440 3125 538 3174; x_wconf 80' lang='lat' dir='ltr'><strong>dixerat</strong></span> <span class='ocrx_word' id='word_1_231' title='bbox 556 3124 691 3189; x_wconf 84' lang='lat' dir='ltr'><strong>Epicurum</strong></span> <span class='ocrx_word' id='word_1_232' title='bbox 723 3125 827 3175; x_wconf 86' lang='lat' dir='ltr'><strong>molesta</strong></span> <span class='ocrx_word' id='word_1_233' title='bbox 843 3126 886 3174; x_wconf 91' lang='lat' dir='ltr'><strong>illa</strong></span> <span class='ocrx_word' id='word_1_234' title='bbox 902 3125 1033 3188; x_wconf 80' lang='lat' dir='ltr'><strong>odioseque</strong></span> <span class='ocrx_word' id='word_1_235' title='bbox 1048 3124 1205 3189; x_wconf 82' lang='lat' dir='ltr'><strong>providentia</strong></span> <span class='ocrx_word' id='word_1_236' title='bbox 1221 3140 1261 3173; x_wconf 83' lang='lat' dir='ltr'><strong>re-</strong></span> 
     </span>
     <span class='ocr_line' id='line_1_32' title="bbox 154 3189 1263 3254; baseline -0.001 -16"><span class='ocrx_word' id='word_1_237' title='bbox 154 3199 313 3254; x_wconf 73' lang='lat' dir='ltr'><strong>estepamem</strong></span> <span class='ocrx_word' id='word_1_238' title='bbox 323 3199 350 3238; x_wconf 88' lang='lat' dir='ltr'><strong>et</strong></span> <span class='ocrx_word' id='word_1_239' title='bbox 361 3190 513 3238; x_wconf 84' lang='lat' dir='ltr'><strong>inventorem</strong></span> <span class='ocrx_word' id='word_1_240' title='bbox 525 3205 614 3238; x_wconf 89' lang='lat' dir='ltr'><strong>rerum.</strong></span> <span class='ocrx_word' id='word_1_241' title='bbox 725 3201 791 3239; x_wconf 87' lang='lat' dir='ltr'><strong>mota</strong></span> <span class='ocrx_word' id='word_1_242' title='bbox 807 3191 846 3239; x_wconf 83' lang='lat' dir='ltr'><strong>sit</strong></span> <span class='ocrx_word' id='word_1_243' title='bbox 881 3191 944 3238; x_wconf 69' lang='lat' dir='ltr'><strong>Haec</strong></span> <span class='ocrx_word' id='word_1_244' title='bbox 961 3190 1047 3240; x_wconf 81' lang='lat' dir='ltr'><strong>Faber.</strong></span> <span class='ocrx_word' id='word_1_245' title='bbox 1076 3189 1188 3252; x_wconf 71' lang='lat' dir='ltr'><strong>Frigidae</strong></span> <span class='ocrx_word' id='word_1_246' title='bbox 1205 3204 1263 3237; x_wconf 86' lang='lat' dir='ltr'><strong>vero</strong></span> 
     </span>
     <span class='ocr_line' id='line_1_33' title="bbox 189 3253 1262 3318; baseline -0.002 -16"><span class='ocrx_word' id='word_1_247' title='bbox 189 3256 225 3302; x_wconf 92' lang='lat' dir='ltr'><strong>ll.</strong></span> <span class='ocrx_word' id='word_1_248' title='bbox 243 3254 349 3317; x_wconf 77' lang='lat' dir='ltr'><strong>Limant]</strong></span> <span class='ocrx_word' id='word_1_249' title='bbox 370 3255 409 3303; x_wconf 88' lang='lat' dir='ltr'><strong>lta</strong></span> <span class='ocrx_word' id='word_1_250' title='bbox 426 3254 559 3303; x_wconf 82' lang='lat' dir='ltr'><strong>Lambinus</strong></span> <span class='ocrx_word' id='word_1_251' title='bbox 579 3270 593 3302; x_wconf 88' lang='lat' dir='ltr'><strong>e</strong></span> <span class='ocrx_word' id='word_1_252' title='bbox 610 3253 692 3309; x_wconf 80' lang='lat' dir='ltr'><strong>codd;</strong></span> <span class='ocrx_word' id='word_1_253' title='bbox 725 3255 784 3304; x_wconf 85' lang='lat' dir='ltr'><strong>istas</strong></span> <span class='ocrx_word' id='word_1_254' title='bbox 794 3254 975 3304; x_wconf 83' lang='lat' dir='ltr'><strong>observationes</strong></span> <span class='ocrx_word' id='word_1_255' title='bbox 985 3254 1082 3318; x_wconf 82' lang='lat' dir='ltr'><strong>respuit</strong></span> <span class='ocrx_word' id='word_1_256' title='bbox 1097 3255 1180 3301; x_wconf 79' lang='lat' dir='ltr'><strong>Poiitc.</strong></span> <span class='ocrx_word' id='word_1_257' title='bbox 1211 3256 1262 3314; x_wconf 83' lang='lat' dir='ltr'><strong>Ap·</strong></span> 
     </span>
     <span class='ocr_line' id='line_1_34' title="bbox 154 3316 1262 3381; baseline -0.003 -14"><span class='ocrx_word' id='word_1_258' title='bbox 154 3317 196 3367; x_wconf 88' lang='lat' dir='ltr'><strong>alii</strong></span> <span class='ocrx_word' id='word_1_259' title='bbox 207 3323 296 3368; x_wconf 73' lang='lat' dir='ltr'><strong>dicut:</strong></span> <span class='ocrx_word' id='word_1_260' title='bbox 314 3335 368 3381; x_wconf 87' lang='lat' dir='ltr'><strong>quae</strong></span> <span class='ocrx_word' id='word_1_261' title='bbox 384 3334 433 3367; x_wconf 80' lang='lat' dir='ltr'><strong>vox</strong></span> <span class='ocrx_word' id='word_1_262' title='bbox 448 3335 505 3367; x_wconf 89' lang='lat' dir='ltr'><strong>cum</strong></span> <span class='ocrx_word' id='word_1_263' title='bbox 523 3318 635 3381; x_wconf 82' lang='lat' dir='ltr'><strong>aequanti</strong></span> <span class='ocrx_word' id='word_1_264' title='bbox 649 3321 691 3367; x_wconf 74' lang='lat' dir='ltr'><strong>de·</strong></span> <span class='ocrx_word' id='word_1_265' title='bbox 723 3328 792 3381; x_wconf 81' lang='lat' dir='ltr'><strong>paret</strong></span> <span class='ocrx_word' id='word_1_266' title='bbox 809 3323 894 3368; x_wconf 73' lang='lat' dir='ltr'><strong>orcum</strong></span> <span class='ocrx_word' id='word_1_267' title='bbox 916 3336 1005 3376; x_wconf 71' lang='lat' dir='ltr'><strong>numan,</strong></span> <span class='ocrx_word' id='word_1_268' title='bbox 1025 3317 1140 3381; x_wconf 86' lang='lat' dir='ltr'><strong>quoniam</strong></span> <span class='ocrx_word' id='word_1_269' title='bbox 1160 3331 1205 3380; x_wconf 88' lang='lat' dir='ltr'><strong>per</strong></span> <span class='ocrx_word' id='word_1_270' title='bbox 1224 3316 1262 3365; x_wconf 92' lang='lat' dir='ltr'><strong>hi·</strong></span> 
     </span>
     <span class='ocr_line' id='line_1_35' title="bbox 153 3382 1263 3445; baseline 0 -13"><span class='ocrx_word' id='word_1_271' title='bbox 153 3387 269 3445; x_wconf 80' lang='lat' dir='ltr'><strong>paccimur</strong></span> <span class='ocrx_word' id='word_1_272' title='bbox 281 3383 369 3432; x_wconf 85' lang='lat' dir='ltr'><strong>melius</strong></span> <span class='ocrx_word' id='word_1_273' title='bbox 380 3382 502 3432; x_wconf 86' lang='lat' dir='ltr'><strong>convenit.</strong></span> <span class='ocrx_word' id='word_1_274' title='bbox 724 3383 792 3432; x_wconf 88' lang='lat' dir='ltr'><strong>antia</strong></span> <span class='ocrx_word' id='word_1_275' title='bbox 800 3382 889 3431; x_wconf 83' lang='lat' dir='ltr'><strong>Mundi</strong></span> <span class='ocrx_word' id='word_1_276' title='bbox 896 3383 987 3431; x_wconf 77' lang='lat' dir='ltr'><strong>moenis</strong></span> <span class='ocrx_word' id='word_1_277' title='bbox 994 3382 1021 3430; x_wconf 93' lang='lat' dir='ltr'><strong>in</strong></span> <span class='ocrx_word' id='word_1_278' title='bbox 1029 3383 1176 3431; x_wconf 87' lang='lat' dir='ltr'><strong>immensum</strong></span> <span class='ocrx_word' id='word_1_279' title='bbox 1186 3383 1263 3432; x_wconf 84' lang='lat' dir='ltr'><strong>inane</strong></span> 
     </span>
     <span class='ocr_line' id='line_1_36' title="bbox 189 3446 1262 3512; baseline 0.002 -17"><span class='ocrx_word' id='word_1_280' title='bbox 189 3450 227 3496; x_wconf 82' lang='lat'><strong>15.</strong></span> <span class='ocrx_word' id='word_1_281' title='bbox 256 3451 331 3497; x_wconf 78' lang='lat' dir='ltr'><strong>Haud</strong></span> <span class='ocrx_word' id='word_1_282' title='bbox 353 3446 452 3509; x_wconf 79' lang='lat' dir='ltr'><strong>Divina]</strong></span> <span class='ocrx_word' id='word_1_283' title='bbox 476 3449 551 3495; x_wconf 80' lang='lat' dir='ltr'><strong>Haud</strong></span> <span class='ocrx_word' id='word_1_284' title='bbox 569 3448 640 3495; x_wconf 87' lang='lat' dir='ltr'><strong>abest</strong></span> <span class='ocrx_word' id='word_1_285' title='bbox 660 3448 692 3495; x_wconf 86' lang='lat' dir='ltr'><strong>ab</strong></span> <span class='ocrx_word' id='word_1_286' title='bbox 724 3446 877 3512; x_wconf 83' lang='lat' dir='ltr'><strong>prospiciens</strong></span> <span class='ocrx_word' id='word_1_287' title='bbox 888 3462 938 3496; x_wconf 87' lang='lat' dir='ltr'><strong>non</strong></span> <span class='ocrx_word' id='word_1_288' title='bbox 949 3447 1031 3496; x_wconf 82' lang='lat' dir='ltr'><strong>minus</strong></span> <span class='ocrx_word' id='word_1_289' title='bbox 1043 3448 1117 3505; x_wconf 84' lang='lat' dir='ltr'><strong>Deos,</strong></span> <span class='ocrx_word' id='word_1_290' title='bbox 1130 3462 1202 3509; x_wconf 91' lang='lat' dir='ltr'><strong>quam</strong></span> <span class='ocrx_word' id='word_1_291' title='bbox 1214 3463 1262 3497; x_wconf 78' lang='lat' dir='ltr'><strong>aar·</strong></span> 
     </span>
     <span class='ocr_line' id='line_1_37' title="bbox 155 3510 1261 3576; baseline -0.001 -15"><span class='ocrx_word' id='word_1_292' title='bbox 155 3512 267 3561; x_wconf 83' lang='lat' dir='ltr'><strong>omnibus</strong></span> <span class='ocrx_word' id='word_1_293' title='bbox 283 3511 360 3570; x_wconf 88' lang='lat' dir='ltr'><strong>libris,</strong></span> <span class='ocrx_word' id='word_1_294' title='bbox 375 3512 420 3560; x_wconf 89' lang='lat' dir='ltr'><strong>sed</strong></span> <span class='ocrx_word' id='word_1_295' title='bbox 436 3511 551 3569; x_wconf 78' lang='lat' dir='ltr'><strong>restituit,</strong></span> <span class='ocrx_word' id='word_1_296' title='bbox 570 3511 692 3560; x_wconf 83' lang='lat' dir='ltr'><strong>sententia</strong></span> <span class='ocrx_word' id='word_1_297' title='bbox 725 3522 790 3560; x_wconf 88' lang='lat' dir='ltr'><strong>teras</strong></span> <span class='ocrx_word' id='word_1_298' title='bbox 805 3526 845 3559; x_wconf 90' lang='lat' dir='ltr'><strong>res</strong></span> <span class='ocrx_word' id='word_1_299' title='bbox 857 3510 926 3570; x_wconf 85' lang='lat' dir='ltr'><strong>vidit,</strong></span> <span class='ocrx_word' id='word_1_300' title='bbox 942 3528 965 3560; x_wconf 86' lang='lat' dir='ltr'><strong>v.</strong></span> <span class='ocrx_word' id='word_1_301' title='bbox 984 3513 1022 3560; x_wconf 81' lang='lat'><strong>25.</strong></span> <span class='ocrx_word' id='word_1_302' title='bbox 1053 3514 1174 3574; x_wconf 79' lang='lat' dir='ltr'><strong>Nssquuur</strong></span> <span class='ocrx_word' id='word_1_303' title='bbox 1188 3530 1261 3576; x_wconf 77' lang='lat' dir='ltr'><strong>appu·</strong></span> 
     </span>
     <span class='ocr_line' id='line_1_38' title="bbox 154 3575 1017 3642; baseline -0.001 -17"><span class='ocrx_word' id='word_1_304' title='bbox 154 3577 209 3640; x_wconf 89' lang='lat' dir='ltr'><strong>ipsa</strong></span> <span class='ocrx_word' id='word_1_305' title='bbox 235 3576 381 3642; x_wconf 83' lang='lat' dir='ltr'><strong>postulante,</strong></span> <span class='ocrx_word' id='word_1_306' title='bbox 410 3575 560 3625; x_wconf 87' lang='lat' dir='ltr'><strong>Lambinus:</strong></span> <span class='ocrx_word' id='word_1_307' title='bbox 592 3575 692 3639; x_wconf 85' lang='lat' dir='ltr'><strong>conjicit</strong></span> <span class='ocrx_word' id='word_1_308' title='bbox 724 3584 777 3626; x_wconf 81' lang='lat' dir='ltr'><strong>rent</strong></span> <span class='ocrx_word' id='word_1_309' title='bbox 787 3579 916 3629; x_wconf 68' lang='lat' dir='ltr'><strong>Acherusia</strong></span> <span class='ocrx_word' id='word_1_310' title='bbox 927 3579 1017 3639; x_wconf 75' lang='lat' dir='ltr'><strong>templu</strong></span> 
     </span>
     <span class='ocr_line' id='line_1_39' title="bbox 153 3639 1262 3705; baseline 0.003 -15"><span class='ocrx_word' id='word_1_311' title='bbox 153 3641 476 3705; x_wconf 77' lang='lat' dir='ltr'><strong>etiamlegandum,Dicum</strong></span> <span class='ocrx_word' id='word_1_312' title='bbox 486 3644 541 3690; x_wconf 76' lang='lat' dir='ltr'><strong>sine.</strong></span> <span class='ocrx_word' id='word_1_313' title='bbox 757 3643 796 3690; x_wconf 83' lang='lat'><strong>21.</strong></span> <span class='ocrx_word' id='word_1_314' title='bbox 824 3639 958 3704; x_wconf 80' lang='lat' dir='ltr'><strong>Iuaubilur]</strong></span> <span class='ocrx_word' id='word_1_315' title='bbox 983 3640 1088 3697; x_wconf 88' lang='lat' dir='ltr'><strong>Quidam</strong></span> <span class='ocrx_word' id='word_1_316' title='bbox 1114 3641 1184 3691; x_wconf 81' lang='lat' dir='ltr'><strong>codd.</strong></span> <span class='ocrx_word' id='word_1_317' title='bbox 1211 3647 1262 3693; x_wconf 76' lang='lat' dir='ltr'><strong>riae</strong></span> 
     </span>
     <span class='ocr_line' id='line_1_40' title="bbox 188 3705 1261 3772; baseline 0.003 -18"><span class='ocrx_word' id='word_1_318' title='bbox 188 3705 252 3755; x_wconf 90' lang='lat' dir='ltr'><strong>Ibid.</strong></span> <span class='ocrx_word' id='word_1_319' title='bbox 271 3705 388 3770; x_wconf 76' lang='lat' dir='ltr'><strong>coortum]</strong></span> <span class='ocrx_word' id='word_1_320' title='bbox 402 3706 453 3754; x_wconf 87' lang='lat' dir='ltr'><strong>Alii</strong></span> <span class='ocrx_word' id='word_1_321' title='bbox 466 3714 567 3756; x_wconf 67' lang='lat' dir='ltr'><strong>eoadem</strong></span> <span class='ocrx_word' id='word_1_322' title='bbox 582 3705 691 3762; x_wconf 83' lang='lat' dir='ltr'><strong>malunt;</strong></span> <span class='ocrx_word' id='word_1_323' title='bbox 725 3709 840 3760; x_wconf 63' lang='lat' dir='ltr'><strong>nubitum</strong></span> <span class='ocrx_word' id='word_1_324' title='bbox 866 3705 954 3755; x_wconf 82' lang='lat' dir='ltr'><strong>melius</strong></span> <span class='ocrx_word' id='word_1_325' title='bbox 975 3716 1056 3756; x_wconf 84' lang='lat' dir='ltr'><strong>tamen</strong></span> <span class='ocrx_word' id='word_1_326' title='bbox 1074 3711 1193 3756; x_wconf 65' lang='lat' dir='ltr'><strong>innubilus:</strong></span> <span class='ocrx_word' id='word_1_327' title='bbox 1214 3708 1261 3772; x_wconf 75' lang='lat' dir='ltr'><strong>leg.</strong></span> 
     </span>
     <span class='ocr_line' id='line_1_41' title="bbox 153 3770 1263 3835; baseline 0.003 -16"><span class='ocrx_word' id='word_1_328' title='bbox 153 3770 253 3833; x_wconf 89' lang='lat' dir='ltr'><strong>quidam</strong></span> <span class='ocrx_word' id='word_1_329' title='bbox 264 3771 338 3819; x_wconf 84' lang='lat' dir='ltr'><strong>etiarn</strong></span> <span class='ocrx_word' id='word_1_330' title='bbox 349 3770 406 3820; x_wconf 89' lang='lat' dir='ltr'><strong>libri</strong></span> <span class='ocrx_word' id='word_1_331' title='bbox 417 3779 517 3820; x_wconf 83' lang='lat' dir='ltr'><strong>creatum</strong></span> <span class='ocrx_word' id='word_1_332' title='bbox 529 3770 653 3819; x_wconf 84' lang='lat' dir='ltr'><strong>exhibent.</strong></span> <span class='ocrx_word' id='word_1_333' title='bbox 724 3771 783 3820; x_wconf 80' lang='lat' dir='ltr'><strong>dam</strong></span> <span class='ocrx_word' id='word_1_334' title='bbox 798 3771 930 3829; x_wconf 88' lang='lat' dir='ltr'><strong>Homerus,</strong></span> <span class='ocrx_word' id='word_1_335' title='bbox 941 3787 955 3820; x_wconf 89' lang='lat' dir='ltr'><strong>e</strong></span> <span class='ocrx_word' id='word_1_336' title='bbox 966 3788 1015 3835; x_wconf 90' lang='lat' dir='ltr'><strong>quo</strong></span> <span class='ocrx_word' id='word_1_337' title='bbox 1025 3772 1052 3820; x_wconf 92' lang='lat' dir='ltr'><strong>hi</strong></span> <span class='ocrx_word' id='word_1_338' title='bbox 1063 3783 1167 3834; x_wconf 87' lang='lat' dir='ltr'><strong>quatuor</strong></span> <span class='ocrx_word' id='word_1_339' title='bbox 1177 3788 1263 3822; x_wconf 81' lang='lat' dir='ltr'><strong>versus</strong></span> 
     </span>
     <span class='ocr_line' id='line_1_42' title="bbox 189 3835 1261 3900; baseline 0.003 -16"><span class='ocrx_word' id='word_1_340' title='bbox 189 3835 227 3887; x_wconf 87' lang='grc'><strong>17.</strong></span> <span class='ocrx_word' id='word_1_341' title='bbox 244 3835 385 3899; x_wconf 76' lang='lat' dir='ltr'><strong>Discedunt]</strong></span> <span class='ocrx_word' id='word_1_342' title='bbox 399 3837 484 3899; x_wconf 77' lang='lat' dir='ltr'><strong>Longe</strong></span> <span class='ocrx_word' id='word_1_343' title='bbox 494 3835 581 3885; x_wconf 88' lang='lat' dir='ltr'><strong>latiora</strong></span> <span class='ocrx_word' id='word_1_344' title='bbox 597 3844 623 3883; x_wconf 86' lang='lat' dir='ltr'><strong>et</strong></span> <span class='ocrx_word' id='word_1_345' title='bbox 639 3850 690 3884; x_wconf 82' lang='lat' dir='ltr'><strong>am·</strong></span> <span class='ocrx_word' id='word_1_346' title='bbox 723 3836 846 3900; x_wconf 85' lang='lat' dir='ltr'><strong>desumpti</strong></span> <span class='ocrx_word' id='word_1_347' title='bbox 866 3845 931 3895; x_wconf 83' lang='lat' dir='ltr'><strong>aaut,</strong></span> <span class='ocrx_word' id='word_1_348' title='bbox 949 3836 1027 3887; x_wconf 86' lang='lat' dir='ltr'><strong>utitur</strong></span> <span class='ocrx_word' id='word_1_349' title='bbox 1044 3853 1103 3886; x_wconf 80' lang='lat' dir='ltr'><strong>roos</strong></span> <span class='ocrx_word' id='word_1_350' title='bbox 1123 3835 1261 3900; x_wconf 71' lang='grc' dir='ltr'><strong>ἂννέφελοε.</strong></span> 
     </span>
     <span class='ocr_line' id='line_1_43' title="bbox 155 3899 845 3964; baseline 0.003 -16"><span class='ocrx_word' id='word_1_351' title='bbox 155 3900 233 3964; x_wconf 90' lang='lat' dir='ltr'><strong>pliora</strong></span> <span class='ocrx_word' id='word_1_352' title='bbox 243 3901 320 3957; x_wconf 81' lang='lat' dir='ltr'><strong>fiunt;</strong></span> <span class='ocrx_word' id='word_1_353' title='bbox 337 3901 434 3950; x_wconf 87' lang='lat' dir='ltr'><strong>animus</strong></span> <span class='ocrx_word' id='word_1_354' title='bbox 444 3901 524 3950; x_wconf 89' lang='lat' dir='ltr'><strong>nullos</strong></span> <span class='ocrx_word' id='word_1_355' title='bbox 540 3902 603 3949; x_wconf 83' lang='lat' dir='ltr'><strong>fines</strong></span> <span class='ocrx_word' id='word_1_356' title='bbox 619 3901 693 3949; x_wconf 88' lang='lat' dir='ltr'><strong>habet</strong></span> <span class='ocrx_word' id='word_1_357' title='bbox 724 3899 845 3964; x_wconf 70' lang='lat' dir='ltr'><strong>Odyssl&#39;.</strong></span> 
     </span>
     <span class='ocr_line' id='line_1_44' title="bbox 156 3964 1263 4029; baseline -0.004 -12"><span class='ocrx_word' id='word_1_358' title='bbox 156 3981 216 4027; x_wconf 82' lang='lat' dir='ltr'><strong>quos</strong></span> <span class='ocrx_word' id='word_1_359' title='bbox 226 3965 292 4014; x_wconf 89' lang='lat' dir='ltr'><strong>intra</strong></span> <span class='ocrx_word' id='word_1_360' title='bbox 308 3975 447 4014; x_wconf 83' lang='lat' dir='ltr'><strong>coerceatur</strong></span> <span class='ocrx_word' id='word_1_361' title='bbox 464 3975 491 4014; x_wconf 82' lang='lat' dir='ltr'><strong>ut</strong></span> <span class='ocrx_word' id='word_1_362' title='bbox 507 3976 586 4015; x_wconf 88' lang='lat' dir='ltr'><strong>antea.</strong></span> <span class='ocrx_word' id='word_1_363' title='bbox 606 3968 691 4016; x_wconf 82' lang='lat' dir='ltr'><strong>Faber.</strong></span> <span class='ocrx_word' id='word_1_364' title='bbox 758 3969 796 4015; x_wconf 79' lang='lat'><strong>23.</strong></span> <span class='ocrx_word' id='word_1_365' title='bbox 817 3969 898 4014; x_wconf 76' lang='lat' dir='ltr'><strong>Omnia</strong></span> <span class='ocrx_word' id='word_1_366' title='bbox 913 3964 1188 4029; x_wconf 74' lang='lat' dir='ltr'><strong>suppeditat-Natura]</strong></span> <span class='ocrx_word' id='word_1_367' title='bbox 1206 3964 1263 4013; x_wconf 86' lang='lat' dir='ltr'><strong>Diis</strong></span> 
     </span>
     <span class='ocr_line' id='line_1_45' title="bbox 157 4029 1263 4093; baseline 0.002 -16"><span class='ocrx_word' id='word_1_368' title='bbox 157 4029 248 4078; x_wconf 88' lang='lat' dir='ltr'><strong>Melius</strong></span> <span class='ocrx_word' id='word_1_369' title='bbox 268 4045 326 4078; x_wconf 88' lang='lat' dir='ltr'><strong>vero</strong></span> <span class='ocrx_word' id='word_1_370' title='bbox 346 4029 487 4088; x_wconf 88' lang='lat' dir='ltr'><strong>Lambinus,</strong></span> <span class='ocrx_word' id='word_1_371' title='bbox 506 4030 649 4078; x_wconf 81' lang='lat' dir='ltr'><strong>dividuntur</strong></span> <span class='ocrx_word' id='word_1_372' title='bbox 667 4040 693 4079; x_wconf 86' lang='lat' dir='ltr'><strong>et</strong></span> <span class='ocrx_word' id='word_1_373' title='bbox 725 4029 1005 4080; x_wconf 69' lang='lat' dir='ltr'><strong>studentium.</strong></span> <span class='ocrx_word' id='word_1_374' title='bbox 1038 4033 1093 4093; x_wconf 79' lang='lat' dir='ltr'><strong>Ipso</strong></span> <span class='ocrx_word' id='word_1_375' title='bbox 1110 4035 1158 4079; x_wconf 80' lang='lat' dir='ltr'><strong>ruia</strong></span> <span class='ocrx_word' id='word_1_376' title='bbox 1174 4033 1263 4092; x_wconf 73' lang='lat' dir='ltr'><strong>polleat</strong></span> 
     </span>
     <span class='ocr_line' id='line_1_46' title="bbox 155 4093 1061 4159; baseline 0.001 -17"><span class='ocrx_word' id='word_1_377' title='bbox 155 4093 238 4150; x_wconf 62' lang='lat' dir='ltr'><strong>binum</strong></span> <span class='ocrx_word' id='word_1_378' title='bbox 264 4109 308 4158; x_wconf 83' lang='lat' dir='ltr'><strong>per</strong></span> <span class='ocrx_word' id='word_1_379' title='bbox 329 4096 428 4144; x_wconf 88' lang='lat' dir='ltr'><strong>diducta</strong></span> <span class='ocrx_word' id='word_1_380' title='bbox 453 4095 519 4143; x_wconf 89' lang='lat' dir='ltr'><strong>enim</strong></span> <span class='ocrx_word' id='word_1_381' title='bbox 544 4103 571 4142; x_wconf 90' lang='lat' dir='ltr'><strong>et</strong></span> <span class='ocrx_word' id='word_1_382' title='bbox 598 4093 693 4142; x_wconf 85' lang='lat' dir='ltr'><strong>hiantia</strong></span> <span class='ocrx_word' id='word_1_383' title='bbox 724 4098 1061 4159; x_wconf 61' lang='lat' dir='ltr'><strong>opibuanibilindigauoatri.</strong></span> 
     </span>
     <span class='ocr_line' id='line_1_47' title="bbox 155 4159 1260 4223; baseline -0.004 -15"><span class='ocrx_word' id='word_1_384' title='bbox 155 4159 241 4209; x_wconf 88' lang='lat' dir='ltr'><strong>mundi</strong></span> <span class='ocrx_word' id='word_1_385' title='bbox 257 4160 348 4209; x_wconf 77' lang='lat' dir='ltr'><strong>moenia</strong></span> <span class='ocrx_word' id='word_1_386' title='bbox 363 4161 390 4208; x_wconf 82' lang='lat' dir='ltr'><strong>in</strong></span> <span class='ocrx_word' id='word_1_387' title='bbox 406 4175 522 4223; x_wconf 75' lang='lat' dir='ltr'><strong>magnum</strong></span> <span class='ocrx_word' id='word_1_388' title='bbox 541 4160 619 4208; x_wconf 86' lang='lat' dir='ltr'><strong>Inane</strong></span> <span class='ocrx_word' id='word_1_389' title='bbox 634 4175 691 4223; x_wconf 89' lang='lat' dir='ltr'><strong>pro·</strong></span> <span class='ocrx_word' id='word_1_390' title='bbox 758 4162 796 4208; x_wconf 75' lang='lat'><strong>24.</strong></span> <span class='ocrx_word' id='word_1_391' title='bbox 814 4159 935 4223; x_wconf 69' lang='lat' dir='ltr'><strong>Delibat]</strong></span> <span class='ocrx_word' id='word_1_392' title='bbox 949 4160 1024 4216; x_wconf 82' lang='lat' dir='ltr'><strong>Quasi</strong></span> <span class='ocrx_word' id='word_1_393' title='bbox 1035 4164 1168 4215; x_wconf 76' lang='lat' dir='ltr'><strong>decorticat,</strong></span> <span class='ocrx_word' id='word_1_394' title='bbox 1181 4165 1206 4205; x_wconf 88' lang='lat' dir='ltr'><strong>et</strong></span> <span class='ocrx_word' id='word_1_395' title='bbox 1220 4173 1260 4204; x_wconf 82' lang='lat' dir='ltr'><strong>err-</strong></span> 
     </span>
     <span class='ocr_line' id='line_1_48' title="bbox 156 4223 1260 4287; baseline -0.003 -15"><span class='ocrx_word' id='word_1_396' title='bbox 156 4223 235 4287; x_wconf 74' lang='lat' dir='ltr'><strong>spicit.</strong></span> <span class='ocrx_word' id='word_1_397' title='bbox 253 4225 362 4274; x_wconf 72' lang='lat' dir='ltr'><strong>mut</strong></span> <span class='ocrx_word' id='word_1_398' title='bbox 371 4224 419 4274; x_wconf 69' lang='lat' dir='ltr'><strong>Oli</strong></span> <span class='ocrx_word' id='word_1_399' title='bbox 429 4225 481 4273; x_wconf 90' lang='lat'><em>111.</em></span> <span class='ocrx_word' id='word_1_400' title='bbox 492 4224 554 4273; x_wconf 82' lang='lat' dir='ltr'><strong>Cum</strong></span> <span class='ocrx_word' id='word_1_401' title='bbox 562 4225 691 4273; x_wconf 77' lang='lat' dir='ltr'><strong>Tetradis·</strong></span> <span class='ocrx_word' id='word_1_402' title='bbox 726 4233 818 4278; x_wconf 73' lang='lat' dir='ltr'><strong>tenuat:</strong></span> <span class='ocrx_word' id='word_1_403' title='bbox 835 4225 983 4274; x_wconf 81' lang='lat' dir='ltr'><strong>Lambinus:</strong></span> <span class='ocrx_word' id='word_1_404' title='bbox 999 4223 1143 4281; x_wconf 76' lang='lat' dir='ltr'><strong>aliidals&#39;tat,</strong></span> <span class='ocrx_word' id='word_1_405' title='bbox 1153 4236 1260 4284; x_wconf 82' lang='lat' dir='ltr'><strong>quosaa-</strong></span> 
     </span>
     <span class='ocr_line' id='line_1_49' title="bbox 155 4288 792 4352; baseline 0.002 -16"><span class='ocrx_word' id='word_1_406' title='bbox 155 4292 258 4343; x_wconf 77' lang='lat' dir='ltr'><strong>rmr&#39;rset</strong></span> <span class='ocrx_word' id='word_1_407' title='bbox 284 4290 380 4352; x_wconf 79' lang='lat' dir='ltr'><strong>magnis</strong></span> <span class='ocrx_word' id='word_1_408' title='bbox 400 4289 544 4351; x_wconf 83' lang='lat' dir='ltr'><strong>quibusdam</strong></span> <span class='ocrx_word' id='word_1_409' title='bbox 565 4288 692 4338; x_wconf 76' lang='lat' dir='ltr'><strong>imbribus</strong></span> <span class='ocrx_word' id='word_1_410' title='bbox 725 4305 792 4352; x_wconf 89' lang='lat' dir='ltr'><strong>quor.</strong></span> 
     </span>
     <span class='ocr_line' id='line_1_50' title="bbox 860 4367 872 4398; baseline 0 0"><span class='ocrx_word' id='word_1_411' title='bbox 860 4367 872 4398; x_wconf 87' lang='lat' dir='ltr'><strong>s</strong></span> 
     </span>
    </p>
   </div>
   <div class='ocr_carea' id='block_1_4' title="bbox 0 0 1448 4852">
    <p class='ocr_par' dir='ltr' id='par_1_4' title="bbox 0 0 1448 4852">
     <span class='ocr_line' id='line_1_51' title="bbox 0 0 1448 4852; baseline 0 0"><span class='ocrx_word' id='word_1_412' title='bbox 0 0 1448 4852; x_wconf 95' lang='lat' dir='ltr'><strong> </strong></span> 
     </span>
    </p>
   </div>
  </div>
 </body>
</html>
