2872 4852
225 253 268 316 46
607 245 650 310 T.
681 233 954 309 LUCRETH

313 405 369 469 Ex
386 402 573 486 alienigenis
589 403 688 465 rebus
704 410 853 465 constare
868 407 1014 483 putetur,

313 507 467 582 Ossibus,
482 514 516 568 et
530 503 664 581 Nervis,
680 502 860 586 Venisqua,
879 511 913 565 et
928 498 1094 583 Sanguine
1108 499 1215 564 misto.

358 606 535 683 Praeterea,
552 626 755 690 quaecunque
770 625 789 667 e
805 602 912 666 Terra
926 623 1064 686 corpora
1079 612 1246 679 crescunt3

314 710 349 772 Si
367 719 442 773 sunt
456 709 490 772 in
504 708 631 784 Terris,
647 707 769 772 Terras
786 707 936 770 constare
952 707 1086 768 necesse
1103 704 1143 768 ’st

250 822 299 875 870
316 812 372 876 Ex
387 809 586 894 alienigenis,
602 833 676 893 quae
691 808 806 872 Terris
822 807 1024 872 exoriuntur.
1140 808 1143 813 ’

315 913 475 978 Transfer
488 913 577 988 item,
592 911 729 975 totidem
743 910 850 974 verbis
866 919 959 973 utare
974 907 1102 973 licebit:

314 1016 354 1079 In
371 1014 485 1099 Lignis
500 1015 528 1078 si
541 1014 670 1078 flamma
684 1012 775 1090 latet,
791 1011 976 1096 fumusque,
992 1012 1156 1095 cinisque3

315 1117 371 1181 Ex
386 1115 574 1201 alienigenis
590 1116 769 1180 consistant
786 1114 893 1198 Ligna
908 1135 1042 1178 necesse
1057 1113 1107 1176 ’st

359 1217 534 1302 Linquitur
548 1216 602 1282 hic
616 1219 724 1282 tenuis
738 1216 887 1281 latitandi
901 1216 996 1301 copia
1010 1215 1178 1299 quaedam:

251 1329 299 1382 stt
318 1318 359 1384 ld
374 1321 463 1404 quod
478 1319 719 1383 Artaxaooaas
736 1319 797 1383 sibi
813 1318 920 1395 sumit,
936 1326 973 1381 ut
988 1318 1136 1381 omnibus
1151 1316 1273 1380 omneis

317 1420 387 1487 Res
403 1431 498 1506 putet
512 1420 666 1484 immistas
682 1420 782 1484 rebus
797 1418 943 1498 latitare3
968 1418 1028 1482 sed
1041 1417 1121 1481 illud

315 1520 489 1608 Apparere
505 1544 615 1599 unum,
633 1521 726 1606 cujus
735 1521 806 1584 sint
819 1519 927 1606 pluria
940 1520 1046 1597 mista,

317 1625 365 1689 Et
380 1626 481 1709 magis
497 1625 709 1709 inpromptu,
725 1624 894 1709 primaque
910 1624 944 1686 in
959 1622 1067 1686 fronte
1081 1620 1206 1686 locata:

318 1727 419 1800 Quod
433 1738 541 1791 tamen
556 1750 575 1790 a
589 1749 667 1790 vera
681 1725 777 1811 longe
791 1727 916 1790 ratione
931 1724 1098 1809 repulsum
1112 1724 1162 1787 'st

253 1842 301 1888 sao
320 1828 543 1892 Conveniebat
558 1828 643 1893 enim
657 1827 784 1911 Fruges
800 1848 930 1912 quoque
946 1847 1033 1910 saepe
1048 1825 1199 1901 minutas,

317 1931 453 1995 Robore
469 1952 542 1995 cum
558 1931 628 1993 saxi
643 1921 850 2013 franguntur,
865 1929 993 1992 mittere
1008 1928 1135 2012 signum

318 2033 502 2116 Sanguinis,
519 2041 576 2096 aut
591 2031 689 2096 alidm
703 2041 816 2096 nostro
831 2054 905 2116 quae
921 2052 1058 2115 corpore
1073 2028 1222 2094 aluntur:

319 2134 402 2198 Cum
417 2133 517 2218 lapidi
531 2132 672 2218 lapidem
686 2134 833 2211 terimus,
847 2153 978 2197 manare
994 2152 1151 2197 cruorem.

265 2315 320 2368 867.
341 2318 465 2381 Venisque]
478 2318 530 2367 Alii
540 2319 633 2382 legunt,
646 2323 769 2381 sanieque:
803 2333 831 2366 ac
847 2317 995 2375 uniusmodi,
1010 2317 1053 2366 sed
1069 2315 1208 2392 congeriem
1224 2313 1342 2379 plurium,

232 2392 258 2431 at
274 2382 328 2445 quis
344 2398 393 2430 non
410 2382 478 2432 videt
498 2399 529 2431 ex
546 2399 568 2432 v.
582 2384 637 2448 860.
658 2386 770 2446 Venisque
802 2382 853 2431 imo
864 2381 1087 2440 innumerabilium,
1100 2382 1250 2430 diversarum
1262 2378 1340 2443 parti·

231 2447 405 2496 retinendum?
803 2447 920 2505 cularum,
940 2463 994 2510 qua
1013 2448 1076 2495 hanc
1095 2445 1205 2510 corporis
1225 2444 1341 2508 speciem,

265 2512 319 2560 868.
332 2514 618 2574 Praetereaqueeunqsee
628 2511 770 2574 Terraetc]
803 2528 875 2575 quam
884 2511 988 2560 dicimus
996 2512 1109 2570 Carnem,
1117 2520 1169 2559 tum
1177 2509 1342 2567 faciuntcum

233 2575 282 2624 His
299 2592 321 2624 v.
340 2576 362 2623 6.
379 2584 465 2623 contra
481 2576 654 2639 Anaxagoram
673 2585 770 2624 sextum
803 2579 881 2638 major
897 2576 1007 2639 quaedam
1024 2584 1062 2624 eat
1077 2574 1148 2639 copia
1166 2574 1263 2622 illarum
1283 2587 1341 2637 par-

232 2640 378 2703 proponitur
386 2648 570 2702 argumentum
588 2641 615 2688 Si
624 2640 707 2688 omnia
717 2655 771 2703 quae
803 2639 940 2699 ticularum,
958 2656 1012 2703 quae
1028 2641 1059 2689 ad
1076 2640 1151 2690 talem
1170 2638 1277 2704 speciem
1297 2652 1342 2685 ex-

233 2719 247 2751 e
261 2713 327 2752 terra
343 2701 455 2752 oriuntur
465 2703 493 2750 in
511 2713 575 2752 terra
589 2702 714 2764 latuerint,
726 2720 769 2753 ne·
802 2705 934 2754 bibendam
942 2705 1037 2753 idoneae
1045 2714 1109 2763 sunt,
1118 2719 1191 2767 quam
1199 2712 1343 2752 ceterarum

233 2783 300 2816 cesse
313 2777 351 2815 est
363 2775 391 2814 ut
407 2776 472 2816 terra
489 2777 585 2816 constet
600 2785 614 2817 e
630 2769 703 2817 rebus
720 2769 770 2817 dir·
803 2767 1164 2834 quarumcunquequoeubillis
1170 2767 1344 2817 delitescentes

233 2831 361 2890 similibus,
373 2831 487 2894 quoniam
497 2848 599 2896 corpora
613 2832 771 2882 dissimiliae
803 2833 864 2882 isis
891 2834 1027 2882 concedant
1053 2833 1155 2882 formam
1183 2841 1209 2881 et
1236 2846 1342 2881 nomen:

233 2895 306 2944 terris
322 2895 447 2944 oriuntur:
471 2906 589 2960 urgetque
605 2897 720 2960 iusuper3
745 2897 772 2946 Si
813 2908 867 2947 acta
875 2907 957 2947 autem
966 2899 1126 2956 exsolutione,
1136 2896 1344 2959 translationeque

233 2959 338 3019 flamma,
355 2960 443 3019 fumus,
462 2970 487 3008 et
502 2960 572 3020 cinis,
589 2977 643 3024 qua
659 2972 717 3011 sunt
732 2977 772 3010 res
804 2963 937 3012 earundem
948 2963 1055 3028 partium
1067 2963 1094 3011 in
1105 2963 1177 3011 aliam
1193 2961 1342 3024 congeriem,

232 3024 299 3073 inter
315 3039 342 3072 se
358 3024 496 3084 dissimiles,
513 3025 540 3073 in
556 3025 630 3089 lignis
646 3026 703 3084 sint,
719 3034 772 3075 tum
805 3036 857 3075 tum
868 3027 994 3092 particulae
1004 3043 1099 3077 carneae
1115 3043 1170 3075 cum
1187 3024 1282 3074 ceteris
1299 3025 1342 3073 de-

233 3089 301 3152 ligna
324 3105 336 3137 e
359 3089 432 3137 rebus
457 3089 616 3139 dissimilibus
643 3091 770 3154 componi;
804 3091 944 3141 litescentes
952 3101 978 3142 et
986 3109 1075 3141 nomen
1085 3092 1219 3140 etlormam
1229 3089 1345 3139 similiter

233 3153 338 3217 ideoque
348 3153 440 3202 nullam
452 3169 505 3202 esse
517 3154 734 3203 Homoeomcriam.
804 3157 940 3206 concedant
948 3156 1010 3216 aliis,
1019 3173 1121 3220 quarum
1133 3155 1204 3220 copia
1213 3157 1292 3218 major
1302 3154 1342 3203 fu-

268 3218 322 3270 873.
341 3218 400 3267 Post
410 3219 476 3266 hunc
487 3235 585 3267 versum
596 3219 684 3268 inserit
697 3221 770 3269 Lam·
805 3221 859 3280 erit,
872 3231 897 3270 et
910 3221 1003 3286 species
1015 3221 1140 3270 visibilior.
1170 3221 1304 3279 Adversus,
1317 3235 1342 3268 v.

233 3284 314 3343 binus,
326 3287 364 3332 Er
380 3285 515 3348 alienigenis
531 3301 581 3347 quse
597 3285 681 3347 Lignis
696 3289 771 3333 exori-
805 3287 860 3334 880.
873 3286 956 3348 objicit
967 3285 1104 3342 Lucretius,
1114 3285 1179 3347 quod
1190 3284 1210 3333 si
1222 3285 1274 3333 lraec
1284 3299 1344 3333 vera

233 3357 323 3397 untur.-
347 3357 372 3396 et
388 3349 492 3412 castigat
512 3346 646 3408 Gifanium,
665 3348 707 3411 qui
728 3350 768 3415 de·
805 3359 869 3399 esset
881 3351 1010 3410 sententia,
1023 3350 1113 3399 tamin
1130 3349 1261 3399 detritione
1278 3349 1342 3397 Fru-

232 3412 333 3461 lendum
350 3429 403 3461 esse
419 3414 528 3472 censuitr
546 3423 572 3463 at
587 3413 645 3463 dum
662 3413 773 3464 deleatur
803 3431 870 3479 gum,
883 3416 1032 3474 Herbarum,
1044 3424 1069 3464 et
1081 3415 1206 3472 similium,
1218 3422 1345 3478 oporteret

233 3476 280 3524 iste
292 3492 376 3525 versus
387 3478 507 3526 irascatur
518 3479 658 3528 Lambinus.
804 3480 934 3542 aliquando
945 3495 1063 3545 apparere
1079 3478 1186 3543 speciem
1203 3476 1343 3542 Sanguinis,

267 3539 322 3589 874.
343 3543 467 3603 Linquitur
483 3547 520 3591 irie
537 3548 619 3603 tenuis,
635 3543 692 3606 eta]
710 3545 771 3593 Pro-
805 3545 894 3604 Laetis,
907 3545 1040 3593 aliarumve
1056 3544 1082 3592 id
1097 3560 1177 3608 genus
1193 3558 1282 3601 rerum,
1295 3551 1342 3590 etc.

235 3604 770 3671 ponitAnaxagoraesententiam,eamque,v.
806 3612 943 3658 Guasendus.

235 3670 273 3716 22.
291 3667 403 3731 protinus
418 3669 527 3718 invadit:
544 3672 595 3718 haec
610 3687 669 3720 vero
686 3673 771 3720 Anax·
837 3672 891 3722 877.
910 3671 1007 3734 Pluris]
1021 3670 1061 3720 Sic
1070 3680 1172 3731 veteres,
1181 3680 1210 3721 ut
1218 3674 1345 3733 compluria

234 3746 315 3794 agorae
337 3733 459 3780 sententia
479 3733 505 3781 in
528 3735 594 3783 bunc
616 3736 716 3784 modum
741 3737 772 3784 ab
804 3737 869 3800 apud
888 3736 1038 3784 Terentium.
1074 3736 1181 3786 Valeant
1199 3738 1228 3785 B.
1249 3745 1276 3785 et
1294 3736 1343 3785 Na.

234 3795 369 3844 Aristotele
376 3812 491 3859 expressa
497 3808 541 3847 est.
567 3802 614 3847 Res
621 3807 643 3846 et
652 3816 771 3860 apparere,
804 3816 859 3848 cum
871 3815 916 3847 suo
923 3802 1032 3861 plurimu.

234 3868 257 3908 et
273 3863 415 3908 denominari
434 3865 529 3910 invicem
548 3865 678 3925 differentes
698 3867 771 3922 siunt,
838 3865 893 3911 880.
906 3864 1023 3927 Minutas]
1033 3867 1131 3924 Minuci,
1141 3866 1169 3913 B.
1180 3866 1227 3914 Na
1239 3869 1344 3914 minucia.

234 3928 264 3973 ut
273 3942 305 3982 eo,
315 3926 375 3986 quod
385 3928 409 3973 in
420 3929 559 3986 infinitorum
570 3930 668 3975 mistura
677 3931 773 3977 marim
839 3929 893 3976 882.
917 3931 968 3976 Aut
989 3932 1060 3978 olium
1081 3938 1157 3978 nostro
1178 3947 1229 3993 qua
1251 3946 1345 3992 corpore

235 3992 353 4038 abundat:
372 4006 416 4036 nos
432 3994 491 4037 enim
508 4008 555 4039 esre
572 3999 642 4039 totum
657 4008 715 4053 pure
731 4000 774 4040 out
805 3990 913 4054 aluntur]
925 3992 965 4040 Ita
973 3995 1065 4068 optime
1077 3994 1184 4043 restituit
1196 3995 1344 4043 Lambinuss

235 4057 319 4112 ulium,
328 4061 370 4101 out
381 4057 479 4117 nigrum,
488 4063 530 4104 uut
541 4058 614 4114 dulce,
623 4064 664 4104 uut
674 4072 772 4116 curnem,
806 4066 832 4105 et
839 4056 905 4105 solus
915 4057 1029 4118 Nardrus,
1037 4061 1137 4121 ejusque
1148 4059 1241 4108 similes
1252 4068 1344 4118 mnant,

235 4127 277 4167 out
289 4136 329 4172 oss
346 4117 411 4180 eujus
426 4127 501 4167 autem
517 4123 615 4181 amplius
631 4125 771 4182 unumquod·
804 4123 904 4184 Aliquid
913 4130 992 4170 nostru
1003 4141 1046 4185 quo
1060 4139 1154 4185 corpora
1169 4126 1280 4179 alunturr
1297 4139 1345 4172 nec

235 4200 279 4245 que
293 4185 368 4240 habet,
379 4199 429 4231 eum
446 4185 501 4232 tulis
517 4188 552 4232 rei
568 4192 674 4235 naturum
690 4188 771 4234 videri.
805 4185 845 4235 alii
859 4185 936 4249 magis
953 4187 1052 4251 sapiunt
1068 4187 1110 4250 qui
1124 4186 1218 4251 legunt,
1230 4191 1281 4237 Aut
1297 4191 1344 4237 uli·

236 4249 328 4296 Sensus
348 4256 392 4303 est,
409 4248 497 4297 Carnis
516 4248 623 4308 nomine,
640 4265 663 4297 v.
680 4265 703 4313 g.
723 4265 772 4298 uon
805 4253 868 4313 quid,
880 4254 990 4300 nostruin
1001 4268 1051 4314 quse
1062 4268 1153 4313 corpore
1164 4255 1266 4302 utuntur.

236 4310 483 4376 esseintelligendam
500 4323 612 4363 naturam
629 4313 772 4378 simplicem,
844 4316 898 4364 888.
929 4318 986 4364 Cum
1011 4318 1085 4378 lapidi
1113 4318 1211 4378 lapidem
1235 4317 1344 4380 terimus]
