2872 4852
408 223 577 289 LIBER
606 224 907 291 SECUNDUS.
1173 227 1213 291 87

193 384 335 467 Aspera,
350 403 416 465 quo
430 382 532 465 magis
547 382 580 445 in
596 383 692 447 terris
708 382 890 448 haeresoere
905 386 1055 466 possunt.

236 482 338 556 Quod
353 484 503 567 quoniam
520 484 627 561 docui,
643 506 778 569 pergam
792 495 986 550 connectere
1002 508 1081 563 rem,
1098 509 1172 570 quae

193 584 248 650 Ex
264 585 325 650 hoc
339 596 416 671 apta
429 585 528 650 fidem
544 586 651 651 ducit:
677 585 859 651 Primordia
873 609 982 652 rerum

194 686 300 751 Finita
314 689 438 752 variare
453 686 664 752 Frcuaaauu
680 689 815 752 ratione.

128 800 177 847 ato
194 790 296 862 Quod
312 790 419 854 sinon
434 790 479 854 ita
494 791 546 867 sit,
562 813 692 855 rursum
702 792 771 876 jam
786 791 917 856 Semina
931 794 1082 876 quaedam

193 893 279 956 Esse
294 893 421 957 infinito
436 892 605 958 debebunt
620 896 765 978 corporis
781 906 891 960 auctu.

192 994 344 1080 Namque
359 996 392 1058 in
407 996 520 1060 eadem
536 1018 601 1060 una
615 998 804 1083 cujuscujus
820 999 978 1062 brevitate

193 1096 361 1181 Corporis,
376 1098 460 1162 inter
476 1121 510 1162 se
526 1097 662 1162 multum
677 1099 802 1163 variare
817 1097 949 1183 Figurae

193 1196 272 1262 Non
286 1209 444 1282 possunt:
468 1198 535 1264 Fac
550 1200 635 1264 enirn
649 1200 786 1263 minimis
801 1222 819 1264 e
835 1201 984 1284 partibus
999 1223 1072 1265 esse
1131 1202 1135 1209 ’

129 1313 177 1359 485
196 1299 344 1384 Corpora
358 1301 463 1384 prima
477 1302 593 1378 tribus,
609 1299 661 1364 vel
675 1300 784 1385 paullo
797 1301 944 1385 pluribus
960 1324 1063 1386 auge3

193 1402 325 1500 Nempe
338 1403 395 1466 ubi
409 1425 465 1466 eas
479 1404 602 1487 parteis
617 1405 714 1466 unius
729 1403 886 1488 Corporis
903 1407 1036 1482 omneis,

195 1504 327 1567 Summa
341 1515 440 1587 atque
454 1505 518 1568 ima
530 1504 651 1582 locans,
668 1515 887 1569 transmutans
903 1507 1041 1572 dextera
1055 1507 1155 1587 laevis,

195 1606 399 1670 Omnimodis
412 1617 570 1690 expertus
586 1608 661 1684 eris,
678 1629 776 1690 quam
791 1608 928 1692 quisque
944 1608 1001 1675 det
1015 1610 1097 1675 ordo

194 1707 323 1772 Formai
339 1709 479 1792 speciem
493 1710 592 1773 totius
609 1709 766 1794 Corporis
782 1711 872 1795 ejus:

128 1823 177 1870 490
195 1811 295 1883 Quod
312 1820 473 1895 superest,
489 1811 517 1875 si
531 1810 615 1876 forte
630 1811 719 1876 voles
734 1813 857 1877 variare
871 1812 1007 1898 figuras,

193 1912 394 1977 Addendum
409 1914 529 1998 parteis
546 1912 624 1978 alias
639 1916 719 1992 erit;
743 1914 819 1977 inde
835 1927 1002 1998 sequetur,

193 2015 345 2080 Adsimili
358 2018 494 2095 ratione,
510 2016 588 2080 alias
604 2027 641 2081 ut
655 2016 800 2101 postulet
815 2016 908 2095 ordo,

194 2119 281 2182 Situ
297 2118 381 2183 forte
396 2119 484 2183 voles
500 2120 597 2183 etiam
612 2121 736 2183 variare
750 2119 886 2202 figuras.

195 2220 289 2305 Ergo
304 2221 417 2285 formai
432 2222 606 2285 novitatem
621 2223 766 2305 corporis
782 2243 922 2306 augmen

141 2476 198 2530 477.
206 2481 272 2531 Quod
280 2482 383 2541 quoniam
393 2481 467 2538 dorm,
476 2479 533 2543 ete]
544 2478 599 2528 Hoc
609 2487 647 2528 est
680 2478 720 2529 Ita
741 2486 807 2526 recte
822 2477 883 2541 legit
894 2477 1049 2527 Gassendus:
1069 2477 1218 2527 Meibonrius

111 2544 176 2605 quod
187 2544 339 2607 probandum
350 2544 465 2608 suscipit:
484 2545 589 2593 Variant
604 2544 645 2592 Fi·
679 2552 761 2591 autem
778 2542 829 2591 suis
843 2541 1055 2592 emendationibus
1065 2542 1148 2590 omnia
1165 2552 1216 2592 tur-

108 2623 176 2670 gurae
198 2619 342 2666 atomorum,
363 2619 389 2658 et
406 2619 443 2657 est
463 2609 561 2658 illarum
580 2609 647 2657 varia
678 2607 752 2656 bavit.

108 2673 258 2736 magnitudo,
279 2683 306 2722 ut
322 2676 374 2736 jam
394 2686 518 2723 ostensum
539 2683 583 2732 est,
604 2674 647 2722 sed
711 2671 767 2723 478.
780 2670 857 2734 Apta]
870 2672 1020 2734 Ἐξαφθεῖσα,
1033 2669 1159 2732 Ἐχομίνη,
1172 2687 1216 2720 an-

109 2747 190 2787 tamen
213 2739 256 2787 illa
278 2738 383 2788 varietas
410 2739 508 2788 infinita
529 2755 579 2788 non
602 2748 646 2797 est,
679 2752 750 2795 nexa,
762 2752 880 2795 connexa,
891 2737 1009 2800 pendens
1045 2739 1124 2785 Fidem
1135 2746 1217 2785 autem

108 2803 154 2850 etsi
166 2803 197 2851 sit
209 2804 344 2863 indefinita,
356 2820 399 2853 seu
411 2803 645 2868 incomprehensibi·
679 2802 855 2866 probationem,
877 2811 905 2850 ut
926 2811 952 2850 et
974 2801 1068 2850 Graecis
1089 2799 1170 2851 πίστις
1190 2801 1217 2850 in

108 2866 146 2916 lis.
182 2868 212 2916 Id
229 2869 310 2932 primo
328 2870 421 2934 probat,
440 2886 462 2919 v.
484 2871 522 2917 22.
544 2884 576 2917 ex
592 2868 647 2932 ipsa
679 2867 765 2915 eadem
784 2866 891 2915 notione.
914 2867 999 2914 Faber.
1033 2869 1133 2928 Adapto,
1156 2867 1216 2915 Bar-

108 2932 237 2991 seminum‚
258 2949 330 2996 quam
350 2934 408 2982 olim
430 2934 645 2990 demonstraverat,
678 2931 752 2988 thius,
770 2941 798 2980 ut
813 2931 840 2979 in
852 2948 873 2980 v.
887 2932 942 2980 636.
960 2930 1090 2980 Claudiani
1099 2931 1130 2979 ds
1148 2931 1218 2980 Bello

108 2997 243 3109 parvitate:
261 2999 365 3048 atenim
384 2999 529 3062 Figurarum
541 2998 646 3047 varietas
678 2996 773 3045 Getico.
802 2999 937 3045 Omeritam
948 3013 1026 3045 nomen
1030 2995 1149 3058 frattribus
1160 3005 1218 3060 apta

118 3071 171 3111 oret
187 3063 292 3121 infinita,
310 3079 410 3112 necesse
428 3073 465 3112 est
482 3073 510 3112 ut
526 3063 646 3112 immensa
678 3065 807 3122 triumphis.

109 3127 141 3175 sit
161 3128 282 3176 seminum
305 3130 457 3191 quorundam
482 3130 565 3185 moles,
588 3143 645 3177 curn
710 3126 766 3178 479.
778 3124 1098 3188 Finitauars'ore—rotim]
1110 3125 1217 3182 Quidam

109 3192 160 3240 sola
181 3193 301 3242 immensa
323 3194 465 3256 magnitudo
487 3194 520 3242 sit
541 3193 646 3242 infinitas
677 3192 746 3240 codd.
759 3195 858 3239 variata
887 3191 947 3248 Alii,
958 3194 1051 3239 Finitus
1060 3195 1167 3239 rationes.

109 3257 234 3306 varietatis
247 3259 391 3321 Figurarum
402 3274 486 3322 capax.
520 3258 546 3306 Si
558 3273 644 3321 corpo-
710 3254 1216 3318 482.Cajuacujus]Cujurviaecoddfiifa-

108 3321 143 3370 ris
167 3322 283 3385 Figuram
305 3333 400 3371 mutare
422 3323 491 3381 velis,
515 3332 646 3386 transpone
679 3319 1217 3369 niusetnumerosesseEnnianoscoutendit.

109 3396 199 3450 partes,
211 3398 271 3448 quot
280 3397 336 3434 sunt
344 3387 447 3435 diversae
457 3386 599 3451 positiones,
612 3396 648 3434 tot
711 3387 767 3433 485.
786 3387 877 3443 Tribus,
894 3387 931 3433 cel
945 3387 1050 3444 pluribus
1067 3382 1138 3447 auge]
1160 3384 1217 3433 Non

110 3460 183 3498 erunt
198 3451 301 3499 diversae
313 3451 411 3512 figurae:
429 3452 494 3499 idem
511 3451 537 3499 in
553 3450 647 3499 semina
680 3458 729 3497 tres
740 3458 783 3497 aut
797 3448 881 3512 plures
896 3458 979 3512 partes
990 3449 1072 3506 addas,
1081 3459 1109 3497 ut
1119 3449 1161 3497 alii
1177 3449 1217 3498 in·

109 3515 256 3578 aggredere3
274 3516 386 3564 omnibus
402 3515 481 3563 modis
492 3524 581 3578 partes,
594 3529 648 3577 quaa
680 3522 813 3577 terpretes;
838 3514 881 3562 sed
901 3529 1032 3577 supponas,
1050 3529 1064 3562 e
1081 3513 1159 3564 tribus
1175 3524 1219 3564 aut

109 3579 136 3628 in
152 3580 196 3628 illo
207 3579 303 3643 concipi
319 3589 428 3643 possunt,
443 3595 514 3628 versa
525 3589 550 3628 et
566 3589 645 3627 trans-
679 3577 798 3641 pluribus,
814 3578 830 3626 i.
843 3594 864 3627 e.
876 3577 979 3627 definito
994 3579 1101 3644 partium
1116 3595 1219 3629 numero

108 3661 181 3709 pone,
195 3655 221 3694 et
236 3645 330 3693 finitam
347 3654 442 3694 tantum
459 3645 591 3708 figurarum
604 3658 646 3692 va·
679 3654 798 3691 constare.
822 3644 1218 3708 Qualibetfiguratiopositiouem

108 3710 222 3758 rietatem
241 3710 268 3758 in
288 3709 383 3759 tantillo
402 3725 503 3773 corpore
522 3724 646 3772 agnosces.
679 3706 786 3771 partium
796 3709 944 3772 peculiarem
955 3709 1039 3772 exigit,
1051 3725 1125 3773 porro
1135 3720 1218 3760 autem

110 3775 233 3839 Epicurus
245 3775 334 3833 docuit,
353 3773 411 3824 elam
421 3774 454 3823 τὰ
467 3774 584 3836 σχήματα
599 3775 648 3822 rim
679 3781 762 3837 partes
784 3773 960 3838 magnitudinis
982 3774 1058 3822 finitae
1082 3784 1117 3824 tot
1139 3775 1219 3824 modis

109 3839 218 3900 Ἀτόμων
232 3838 389 3903 ἀπερίληπτα,
406 3841 449 3888 οὐκ
462 3839 552 3902 ἄπειρα,
587 3839 646 3887 Plu·
680 3839 815 3902 transponi,
848 3849 874 3888 et
900 3840 1015 3903 componi
1046 3851 1157 3904 possunt,
1190 3849 1219 3889 ut

109 3906 208 3954 tarchus
230 3905 260 3953 de
284 3905 369 3953 Placit
393 3905 455 3953 Phil.
475 3904 517 3952 lib
540 3905 561 3952 1.
581 3920 602 3953 c.
623 3905 645 3952 8.
679 3903 762 3952 nullus
789 3904 888 3953 tandem
915 3904 1045 3968 positionis
1068 3905 1154 3953 modus
1175 3919 1217 3954 su·

109 3968 269 4030 Ἀτόμοιταΐι
284 3971 405 4031 διαφοραῖς
418 3970 466 4030 οὐχ
482 3965 564 4018 ἅπλῶς
580 3968 646 4017 ἄπει·
680 3977 775 4033 perstes
797 3969 853 4017 fiat:
883 3969 991 4031 alioquin
1012 3968 1078 4017 enirn
1102 3984 1172 4017 novae
1194 3977 1220 4017 et

109 4032 146 4096 pol
168 4033 235 4092 eico,
258 4033 324 4082 ἀλλὰ
344 4031 417 4094 μόνον
439 4031 609 4095 ἀπερίληπτον,
627 4033 649 4082 εἰ
681 4048 750 4082 novae
761 4033 787 4081 in
797 4032 921 4082 infinitum
933 4043 1016 4097 partes
1025 4043 1115 4092 essent,
1124 4049 1155 4081 ex
1164 4032 1218 4094 qui·

110 4095 286 4157 obstaturus
302 4098 406 4148 καὶτοῖς
422 4096 549 4159 μεγέθεσιν
566 4094 648 4148 ἅπλῶς
680 4098 725 4146 bus
741 4098 885 4161 magnitudo
905 4099 1003 4146 taudem
1022 4097 1119 4145 infinita
1137 4095 1218 4144 conci·

112 4159 145 4210 eis
161 4161 256 4224 ἄπειρον
266 4162 340 4212 αἰπὺ
356 4163 494 4221 ἐκβάλλειν,
511 4160 556 4212 ὅτε
573 4165 599 4211 ἐν
614 4165 649 4224 τῷ
680 4172 786 4227 peretur,
800 4163 937 4224 cujusmodi
954 4177 1013 4211 sane
1028 4161 1056 4208 in
1073 4169 1153 4209 atomo
1170 4174 1219 4207 non

111 4225 229 4286 ὁρωμένῳ
289 4225 337 4277 ἔθει
363 4226 472 4290 ἀπείρους
490 4228 579 4276 ἐννοεῖν
598 4230 647 4276 δια·
681 4235 725 4286 est,
749 4243 803 4289 qua
824 4228 889 4276 infra
910 4227 988 4277 visum
1008 4226 1082 4287 longe
1100 4221 1220 4271 consistit.

111 4287 186 4350 copis
203 4289 231 4338 tt
259 4308 323 4340 oros.
357 4291 480 4356 Epicurus
499 4292 530 4341 ad
554 4292 647 4341 Herod.
683 4295 821 4340 Gammdur.
