2872 4852
725 154 787 226 xiv

199 328 268 392 siue
282 327 401 413 formo
424 327 641 413 conspicimus
663 325 923 412 inaequalitatum
946 321 1066 390 canios
1086 326 1224 389 reddere
1238 348 1307 411 'po-

198 448 272 520 tuit,
296 456 354 510 out
376 447 568 512 verisimiles
592 456 650 511 out
674 444 873 511 tolerabiles,
919 443 1013 509 Nihil
1038 466 1181 528 unquam
1204 444 1306 527 magis

196 566 305 648 inique
337 566 470 644 dictum,
501 588 574 631 cum
601 566 664 630 ista
692 567 799 630 omnia
821 565 959 650 Epicuri
983 563 1189 649 Hypothesis
1212 564 1306 628 unice

197 682 355 768 explicet:
403 684 598 750 conveniunt
641 684 755 749 Atomi
798 684 907 762 laevae,
931 685 1114 762 rotundae,
1160 682 1306 759 lubricae,

164 855 166 858 .
198 801 396 886 angulares,
413 825 551 888 asperae,
590 802 740 880 hamatae,
777 826 893 889 graves
923 802 1005 880 aliae,
1043 801 1114 866 aliae
1148 800 1305 865 leviores:

199 943 314 1006 graves
339 923 524 1001 subsidunt,
549 922 697 987 leviores
710 934 744 989 et
769 922 903 988 lubricae
927 922 1165 998 extruduntur3
1199 918 1245 984 ex'
1268 919 1307 982 iis

198 1062 305 1117 mare3
333 1041 485 1124 quoniam
507 1063 585 1105 vero
607 1039 678 1104 aliae
700 1041 769 1105 aliis
791 1052 885 1106 erant
908 1041 1009 1125 magis
1034 1037 1208 1124 implicitae,
1231 1039 1306 1102 ideo

198 1180 308 1222 omnes
331 1181 397 1222 non
419 1157 588 1242 aequaliter
611 1160 836 1237 subsidebant,
860 1157 958 1242 atque
980 1159 1056 1223 inde
1071 1159 1238 1235 cavitates
1255 1180 1308 1223 ca-

199 1298 317 1352 vernae,
339 1287 372 1340 et
393 1277 537 1340 immanis
560 1277 622 1341 iste
643 1276 753 1342 alveus
778 1279 811 1342 in
833 1300 930 1362 quem
952 1278 1048 1340 maris
1072 1300 1167 1362 aquae
1189 1288 1306 1362 sponte

200 1395 397 1460 defluebant.
424 1397 427 1401 ’
459 1393 765 1480 Antiquo-borbaru
801 1404 834 1459 et
869 1395 1094 1459 vetustissimo
1123 1395 1308 1491 ipuorooit:

201 1523 234 1577 at
263 1513 304 1577 de
340 1514 379 1577 iis
418 1513 583 1597 Epicurus
620 1512 695 1579 olim
724 1515 855 1597 copiose
886 1513 1057 1593 disseruit3
1096 1512 1138 1578 de
1168 1515 1307 1579 recentis

201 1631 323 1696 Mundi
352 1633 507 1715 temperie
537 1630 676 1715 coelique
700 1631 889 1709 clementia,
918 1632 959 1696 de
993 1633 1168 1717 primorum
1204 1632 1309 1698 homi-

200 1773 277 1814 num
298 1749 517 1834 longaevitate,
542 1749 583 1824 de
607 1759 680 1813 ortu
703 1749 885 1813 animalium
907 1771 950 1814 ex
972 1747 1139 1834 oleaginea
1161 1752 1306 1830 materia,

200 1879 234 1935 et
272 1868 374 1953 (quod
408 1867 581 1931 maximum
618 1878 668 1931 est
705 1867 861 1932 Theoriae
896 1869 1130 1953 ornamentum)
1165 1870 1206 1935 de
1244 1872 1308 1934 situ

199 1997 291 2053 recto
313 1985 438 2052 telluris
453 1986 496 2049 ad
520 1984 639 2049 solem:
667 1984 739 2050 haec
760 1987 914 2063 breviter,
931 2010 1005 2071 quae
1027 1998 1134 2052 tamen
1158 1989 1235 2053 satis
1252 1989 1308 2053 de-

199 2115 381 2170 monstrant
410 2127 476 2168 non
505 2103 609 2169 solum
638 2104 820 2190 Epicurum
855 2104 1035 2190 Magistros
1062 2129 1138 2171 suos
1175 2108 1307 2192 indigne

199 2223 367 2304 cavillari,
394 2223 568 2307 aliquando
592 2222 696 2287 fusius
721 2223 893 2301 deducam,
919 2246 992 2289 cum
1008 2224 1147 2296 ¹Tecum
1170 2227 1211 2291 de
1240 2227 1308 2292 Re-

196 2367 268 2409 rum
282 2354 399 2409 natura
414 2343 577 2409 disserere
592 2342 731 2409 licuerit.

241 2462 282 2525 Id
300 2485 378 2526 vero
401 2461 498 2525 fatale
513 2462 642 2526 videtur
665 2461 780 2526 Poitae
803 2472 926 2540 nostro,
942 2474 990 2540 ut,
1007 2464 1063 2547 qui
1086 2464 1252 2548 scripserit
1273 2465 1315 2540 in,

194 2581 318 2643 incerto
342 2579 548 2663 Reipublicae
565 2585 671 2656 statu,
690 2581 761 2664 ejus
786 2583 908 2664 scripta
930 2582 964 2645 in
986 2581 1120 2645 turbido
1143 2579 1308 2663 explicen-

198 2708 270 2762 tur:
294 2695 353 2760 Ille
368 2696 559 2761 Memmium

445 2829 536 2895 Quem
547 2829 600 2895 Tu,
614 2828 683 2894 Dea,
698 2837 820 2900 tempore
831 2831 860 2884 in
873 2831 948 2885 omui

376 2914 510 2970 Omnibus
523 2924 649 2970 ornatum
661 2916 772 2972 voluisti
784 2918 913 2972 excellere
925 2917 1016 2981 rebus,

200 3054 277 3138 Ego
293 3052 379 3117 omni
394 3052 561 3116 Virtutum
583 3074 702 3136 genere
725 3076 837 3138 parem
853 3053 1023 3118 desidero:
1060 3055 1107 3118 Te
1122 3056 1206 3119 enim
1229 3055 1306 3120 Mu-

200 3175 244 3239 sis
274 3172 416 3237 dicatum
445 3183 625 3256 rapuerunt
654 3184 772 3252 castra,
803 3173 959 3258 sacrilege
984 3174 1136 3252 dicerem,
1164 3176 1226 3238 nisi
1248 3198 1305 3239 eos

199 3292 381 3378 postularet
410 3291 586 3357 communis
619 3290 717 3370 salus,
748 3293 804 3377 qui
835 3291 1022 3358 liberalibus
1052 3294 1228 3378 disciplinis
1259 3296 1306 3359 in-

200 3412 316 3475 structi
345 3421 447 3475 artem
474 3420 640 3496 opponant
670 3409 764 3487 dolis,
794 3410 991 3496 fraudesque
1022 3413 1140 3478 virtute
1170 3424 1204 3477 et
1230 3436 1306 3478 con-

201 3531 319 3594 stantia
345 3528 489 3593 eludant.
536 3529 649 3593 Macte
673 3529 772 3614 igitur
796 3528 928 3596 Virtute
952 3542 1019 3609 tua,
1047 3533 1105 3597 sed
1128 3532 1174 3595 illi
1196 3554 1237 3595 ne
1259 3533 1305 3595 ni-

199 3647 297 3710 mium
320 3647 478 3724 confidas
501 3657 539 3712 ut
563 3646 644 3711 nihil
665 3649 831 3712 recusabis
855 3651 897 3713 ob
921 3649 1134 3726 formidinem,
1160 3651 1205 3713 ita
1227 3649 1307 3713 nihil

200 3776 336 3850 appetas
360 3768 402 3830 ob
421 3766 643 3851 jactationem,
668 3765 826 3852 simulque
850 3768 965 3832 anxius
981 3791 1070 3852 agas,
1087 3779 1120 3832 et
1142 3769 1304 3847 intentus;

199 3906 264 3948 nou
288 3885 373 3948 enim
397 3885 484 3949 solus
507 3885 752 3968 pugnas—scd
775 3883 884 3950 Armis
907 3887 959 3950 Te
982 3885 1160 3971 pollicitum
1183 3887 1254 3965 alia,
1279 3891 1306 3952 si

199 4022 263 4065 non
286 4001 428 4080 meliora,
452 4003 558 4079 trado,
576 4025 614 4067 ea
637 4014 744 4069 tamen
767 4006 963 4083 conditione,
979 4017 1017 4071 ut
1038 4007 1188 4072 victorias
1212 4005 1307 4072 Prin-

199 4120 279 4205 cipis
295 4121 416 4186 victrici
433 4120 516 4205 stylo
532 4123 749 4206 persequaris.
796 4123 890 4189 Vale.
