2872 4852
439 241 612 306 umus
637 198 895 308 ruamus.
1160 247 1221 313 rsa

152 411 183 456 85
202 397 288 461 Nam
299 398 367 482 jam
383 419 469 482 soepe
484 397 631 463 homines
646 399 794 483 patriam,
810 421 968 485 carosque
983 404 1147 486 parenteis

201 498 433 577 Prodiderunt,
445 501 548 565 vitare
565 499 749 566 Acherusia
763 501 884 587 templa
898 513 1061 586 petentes.

242 602 331 666 Nam
344 601 444 667 veluti
460 601 560 668 Pueri
575 605 752 689 trepidant,
769 615 868 690 atque
883 607 989 670 omnia
1003 608 1097 672 eaecis

200 704 240 769 ln
254 706 397 770 tenebris
413 715 579 769 metuunt:
604 707 650 772 sie
665 707 739 771 Nos
754 708 787 771 in
802 707 875 773 luce
890 709 1039 772 timemus

199 807 379 885 Interdum,
397 806 497 872 nihilo
512 831 587 892 quae
602 819 679 874 sunt
692 810 868 874 metuenda
882 811 984 894 magis
1000 833 1097 896 quam

151 924 183 970 90
201 910 286 982 Quae
302 910 403 974 Pueri
417 910 451 974 in
465 912 608 976 tenebris
623 914 779 996 pavitant,
795 913 990 999 finguntque
1005 913 1124 979 futura.

199 1011 299 1076 Hunc
314 1012 413 1096 igitur
429 1024 585 1077 terrorem
600 1015 707 1090 animi,
724 1016 942 1098 tenebrasque
957 1038 1089 1081 neeesse
1105 1017 1145 1082 ’st

198 1113 278 1177 Non
292 1115 375 1178 radii
390 1113 478 1191 solis,
494 1137 600 1198 neque
616 1114 724 1180 lucida
739 1113 805 1178 tela
819 1116 883 1179 diei

199 1215 398 1292 Discutiant,
415 1217 472 1280 sed
490 1216 629 1280 Naturae
645 1217 781 1301 species,
799 1216 975 1302 Ratioque.

242 1315 386 1380 Primum
402 1315 552 1381 Amnum
566 1318 640 1382 dico
654 1318 805 1400 (mentem
821 1341 918 1402 quem
933 1341 1021 1405 soepe
1037 1325 1200 1406 vocamus)

152 1431 183 1477 95
199 1418 238 1482 In
252 1440 318 1501 quo
333 1417 502 1482 consilium
517 1420 602 1496 vitae,
618 1421 826 1504 regimenque
840 1419 981 1486 locatum
996 1422 1047 1500 ἐι,

201 1519 287 1583 Esse
300 1519 438 1584 hominis
454 1519 586 1585 Partem
601 1521 701 1585 nihilo
714 1524 829 1599 minus,
846 1544 884 1587 ac
900 1523 1032 1601 Manus,
1048 1537 1082 1590 et
1098 1525 1175 1606 Pes,

200 1620 312 1705 Atque
329 1621 426 1687 Oculi
440 1633 550 1707 partes
565 1624 736 1688 animantis
750 1625 850 1689 totius
865 1635 988 1690 extant.

200 1725 356 1799 Quamvis
371 1723 471 1789 multa
484 1727 616 1810 quidem
630 1726 821 1810 Sapientum
836 1728 934 1790 turba
948 1727 1105 1813 patirum

199 1827 337 1891 Sensum
351 1827 447 1892 animi
460 1837 551 1892 certa
565 1850 632 1892 non
646 1850 719 1892 esse
735 1829 768 1891 in
782 1839 876 1912 parte
891 1828 1050 1909 locatum;

136 1941 181 1987 100
196 1928 321 1994 Verum
336 1929 496 1994 Habitum
511 1930 675 2015 quendam
684 1927 817 1994 ‘sitalem
833 1932 980 2015 corporis
995 1954 1080 2010 esse,
1156 1920 1159 1926 ¹

197 2031 408 2096 Harmoniam
424 2032 518 2096 Graii
532 2053 629 2117 quam
644 2033 768 2109 dicunt,
784 2033 987 2116 quod'faciat
998 2057 1059 2098 nos

196 2133 317 2198 Vivere
333 2156 406 2199 cum
422 2157 532 2210 sensu,
548 2132 635 2221 nulla
650 2155 723 2198 oum
737 2135 771 2197 in
785 2146 878 2218 parte
895 2137 956 2200 siet
970 2135 1068 2200 Mens
1079 2144 1100 2200 τ’

198 2235 246 2299 Ut
259 2237 347 2300 bona
363 2259 450 2320 saepe
466 2234 632 2301 Valetudo
648 2257 721 2298 cum
736 2234 854 2299 dieitur
867 2258 940 2302 esse

196 2337 364 2422 Corporis,
380 2349 414 2402 et
428 2361 494 2401 non
508 2346 559 2402 est
574 2347 679 2399 tamen
694 2336 766 2400 haec
782 2359 858 2419 pars
873 2335 939 2400 ulla
953 2337 1122 2416 Valentis;

135 2452 180 2499 105
197 2439 251 2504 Sic
267 2438 377 2503 Animi
392 2461 523 2502 sensum
536 2460 602 2502 non
616 2448 706 2502 certa
719 2448 812 2522 parte
827 2449 1007 2522 reponunt:

144 2688 183 2740 st.
198 2692 260 2738 Nom
271 2693 348 2749 aslon,
360 2688 417 2752 ota]
435 2689 472 2738 Hi
484 2689 506 2741 7.
519 2706 541 2739 v.
558 2690 644 2754 legun-
679 2691 798 2746 Qusmvis
809 2691 875 2740 aliud
884 2691 1054 2749 Aristoxenus,
1066 2690 1133 2740 aliud
1146 2691 1217 2740 Plato

93 2773 96 2777 ’
111 2763 157 2812 tur,
169 2755 210 2803 lib.
226 2756 261 2803 Π.
274 2771 296 2803 v.
309 2758 348 2804 54.
361 2765 386 2804 et
396 2756 438 2804 lib.
451 2756 497 2804 Vl.
510 2771 532 2803 v.
541 2757 580 2803 34.
678 2756 900 2805 rideturdoeuisse
913 2756 1126 2814 Lactantiusvll.
1135 2757 1215 2806 instit.

143 2821 182 2868 94.
195 2822 298 2869 Primam
305 2821 424 2868 Ausuuu
437 2818 644 2882 dieo,sto.]Vets·
678 2824 744 2870 Siout
763 2825 788 2869 is
802 2824 890 2881 ,amaa
909 2839 937 2872 es
956 2825 1080 2870 intentione
1098 2839 1216 2871 sommam

110 2899 150 2932 res
161 2884 258 2948 quidam
272 2885 421 2950 Philosophi,
438 2885 574 2949 intorques
586 2885 644 2933 Ari·
678 2889 775 2945 officim
786 2904 877 2936 consors
892 2903 967 2945 sosas,
979 2895 1047 2950 atque
1058 2896 1140 2936 santos
1150 2905 1216 2950 qussi

110 2958 234 3008 stoxenus,
246 2951 388 3010 docuerunt,
399 2950 516 2999 Animum
526 2966 579 2999 esse
592 2950 646 2998 Ha·
678 2953 765 3000 Musici
777 2955 927 3000 Harmoniam
938 2961 1025 3011 oseam,
1037 2957 1072 3000 ita
1081 2956 1105 3000 ia
1114 2955 1214 3014 corpori-

110 3013 188 3062 bitum
199 3015 297 3063 vitalem
315 3016 438 3080 Corporis,
450 3015 529 3077 qualis
540 3016 572 3064 sit
583 3019 644 3064 oals-
679 3019 720 3064 aas
735 3024 759 3064 et
775 3033 880 3080 compage
896 3021 1014 3076 viseerum,
1027 3034 1055 3066 ao
1069 3021 1147 3079 vigore
1162 3035 1214 3066 sss·

111 3081 165 3127 tado
175 3079 202 3129 in
213 3080 311 3128 bomine
323 3081 426 3129 valente.
444 3081 538 3139 Cicero,
551 3081 570 3128 1.
582 3080 645 3128 Tus·
677 3097 749 3140 mam,
766 3085 801 3130 oio
817 3086 929 3131 sentiendi
947 3085 1034 3131 existit.
1069 3082 1141 3130 Hanc
1161 3081 1212 3144 opi-

110 3143 156 3192 oul.
185 3148 336 3194 Aristoxenus
348 3149 452 3194 Musteus
468 3149 571 3208 idemque
587 3147 644 3193 Pata
677 3144 777 3194 nionem
798 3147 873 3194 Poeta
893 3146 980 3210 primo,
1004 3163 1026 3195 v.
1049 3148 1086 3194 19.
1108 3146 1215 3209 explieat

110 3209 219 3270 Iosephus,
237 3213 344 3258 Animam
355 3227 402 3259 esse
412 3218 488 3259 semet
503 3214 576 3272 ipsius
589 3212 645 3258 Cor·
678 3218 704 3258 et
726 3210 827 3266 evertit3
855 3212 946 3274 quippe
969 3211 1011 3273 qui
1033 3212 1141 3274 Corpore
1169 3209 1213 3256 ali-

107 3277 171 3334 pom's
181 3277 326 3323 intentionem
338 3278 458 3338 quandam,
467 3277 530 3322 velat
539 3279 564 3323 is
576 3283 645 3322 santa
678 3275 775 3336 quaudo
781 3274 854 3331 dolet,
861 3275 952 3323 Animo
958 3274 1060 3330 letatur,
1072 3283 1097 3321 et
1104 3274 1146 3336 qui
1153 3273 1215 3321 nihil

109 3341 232 3399 etfidibas,
244 3357 294 3402 qao
311 3342 440 3387 Harmonia
450 3342 556 3394 dieitur,
573 3342 607 3386 sio
617 3355 646 3387 os
679 3338 769 3387 doloris
779 3339 805 3386 in
815 3340 923 3401 Corpore
935 3338 1017 3395 sentit,
1025 3337 1116 3385 Animo
1127 3337 1214 3386 miser·

111 3404 218 3464 Corporis
238 3407 307 3451 totius
329 3412 414 3451 matura
436 3411 460 3451 et
472 3407 551 3466 figora
570 3407 646 3451 varios
678 3402 740 3450 rime
756 3402 891 3457 emaciatum
912 3401 1004 3449 Anima
1019 3401 1095 3464 igitur
1111 3418 1160 3450 non
1176 3411 1215 3450 est

109 3471 572 3529 motossieri,tasqaaminsootososos.
598 3469 646 3516 Hie
678 3466 753 3514 totius
775 3466 891 3529 Corporis
907 3465 1013 3514 intentio
1031 3475 1056 3514 et
1073 3476 1213 3525 concentus,

108 3535 139 3580 ab
161 3535 258 3593 artifieio
280 3549 320 3580 sao
338 3548 382 3580 nos
404 3535 504 3590 recessit,
525 3539 548 3580 st
571 3538 646 3579 tames
678 3531 722 3578 sed
737 3545 794 3594 pars
811 3530 928 3578 Hominis
938 3546 954 3579 a
967 3531 1075 3594 Corpore
1091 3531 1215 3591 distincta,

108 3600 170 3645 disis
192 3599 288 3660 aliquid,
310 3600 371 3659 qaod
394 3600 468 3658 ipsam
490 3599 557 3658 quoio
578 3604 644 3653 esset,
677 3610 726 3643 non
737 3595 818 3643 miuus
826 3610 898 3657 quam
909 3611 960 3659 pes,
970 3611 1064 3653 manus,
1073 3607 1153 3661 caput,
1167 3607 1213 3647 etc.

108 3665 451 3714 sratmaltoanteetdiatam:
466 3664 645 3724 eteoeplanotom
677 3669 735 3708 sunt
796 3668 833 3708 tes
848 3660 1132 3726 humanioorporisase
1148 3662 1212 3712 invi·

108 3744 123 3774 o
144 3730 246 3776 Platone.
281 3727 316 3774 Ut
338 3727 363 3775 in
382 3727 513 3785 Phaedone,
533 3725 575 3775 ubi
592 3726 645 3774 haeo
676 3741 730 3773 cem
757 3724 869 3774 istinctae.

108 3791 229 3855 leguntur.
248 3791 294 3840 Kal
305 3791 352 3855 ‘alp
363 3790 405 3840 οὖν
415 3790 571 3852 blomans,
582 3789 645 3850 οἶμαι
711 3789 773 3838 lbid.
789 3789 872 3853 Quem]
884 3794 958 3843 Qoom
968 3790 1017 3848 alii,
1030 3790 1120 3840 veteris
1131 3807 1212 3855 gram·

109 3853 188 3917 ἔγωγε
201 3856 240 3905 καὶ
252 3855 325 3905 αὐτόν
336 3873 365 3906 σε
381 3858 454 3905 τοῦτο
465 3858 641 3916 ἐντεθυμῆσθαι,
675 3854 758 3903 manci
775 3855 919 3912 autoritate;
944 3865 1008 3905 etv.
1027 3857 1065 3904 98.
1082 3872 1128 3920 pro
1141 3862 1212 3919 pald·

108 3919 145 3969 tn
163 3920 258 3969 τοιοῦτό
276 3939 300 3969 τι
316 3919 423 3982 μάλιστα
444 3919 644 3982 ὑπολαμβάνομεν
675 3928 736 3977 rant,
750 3920 871 3979 Gifanius,
881 3924 981 3982 putarit,

107 3984 153 4043 τὴν
168 3985 250 4048 ψυχὴν
261 3984 326 4044 εῖναι,
342 3987 422 4048 ὥσπερ
433 3985 589 4046 ἐντεταμένον
599 3987 644 4034 aori
709 3987 762 4033 100.
779 3984 890 4048 Vitalem]
903 3986 1050 4043 Gassendus,
1064 3989 1140 4033 totius.

108 4049 350 4111 numerosissimum
360 4048 640 4113 συνεχομένουὺπὸθερ-
709 4052 761 4099 102.
783 4054 840 4099 Cam
855 4049 935 4113 sensa]
954 4051 994 4098 Ita
1010 4050 1078 4098 codd.
1097 4058 1122 4098 et
1138 4058 1212 4098 reete.

106 4116 152 4173 μοῦ
160 4115 199 4164 καὶ
209 4117 307 4178 ψυχροῦ,
316 4116 355 4164 καὶ
366 4117 442 4179 ξηροῦ,
452 4115 491 4164 sal
504 4116 582 4179 ὑγροῦ,
591 4133 640 4163 sos·
675 4116 766 4164 Tacere
789 4127 870 4167 tamen
893 4131 943 4164 uon
962 4130 1062 4178 possum
1084 4113 1144 4163 mihi
1165 4112 1210 4160 ali-

108 4178 472 4242 oaoovarovsptoaaummat
482 4177 640 4242 ripuariaroi-
674 4181 771 4243 quando
793 4181 914 4244 placuisse
937 4188 1052 4235 comesto,
1076 4178 1128 4225 ista·
1146 4176 1213 4250 enim

106 4243 253 4292 seorsim
261 4244 301 4293 sal
312 4245 473 4307 ψυχὴνὴμῶν,
482 4244 576 4293 ἐπειδὰν
585 4245 641 4293 sais·
674 4261 722 4293 vox
742 4246 796 4294 voci
816 4249 934 4295 harmonia
957 4260 1006 4292 non
1029 4243 1120 4291 absona
1143 4241 1211 4291 vrde·

107 4326 138 4358 τα
147 4311 225 4358 καλῶς
234 4309 273 4358 sal
281 4309 380 4371 μετρίως
387 4312 461 4375 opaea
467 4310 524 4372 spis
533 4310 639 4367 ἄλληλα,
673 4311 751 4358 batur.
