2872 4852
445 232 613 297 LIBER
644 230 907 306 QUINTUS.
1165 233 1227 298 8871

209 390 369 454 Praesidio
384 399 497 452 nostro
512 391 602 472 pasci
618 410 733 472 genuS,
745 408 888 470 ‘esseque
903 391 1032 451 tutum?

210 493 341 556 Scilicet
357 491 429 556 haec
444 491 513 555 aliis
528 492 663 576 praedae,
678 490 834 574 lucroque
845 490 1002 573 jacebant

211 595 409 679 lndupedita
424 595 490 658 suis
506 594 658 659 fatalibus
675 595 780 657 omnia
796 592 919 669 vinclis,

143 709 190 758 875
207 697 369 762 Donicum
384 698 427 761 ad
442 697 606 760 interitum
621 718 724 780 genus
739 696 773 759 id
788 708 905 759 natura
918 697 1057 779 redegit.

252 797 319 862 Sed
334 821 439 883 neque
457 798 612 862 Centauri
627 797 770 874 fuerunt,
787 819 892 881 neque
908 811 1053 882 ternpore
1069 800 1101 861 in
1117 798 1182 863 ullo

209 900 295 965 Esse
311 912 409 985 queat
424 900 545 985 duplici
560 910 688 974 natura,
704 911 738 963 et
754 921 890 983 corpore
906 900 983 963 bino

208 1003 262 1066 Ex
277 1003 464 1087 alienigenis
480 1003 632 1066 membris
648 1012 816 1086 compacta
831 1012 988 1085 potestas,

207 1105 296 1169 Hinc
310 1103 396 1169 illinc
411 1126 471 1188 par
485 1104 533 1167 vis
549 1116 585 1168 ut
601 1126 665 1167 non
681 1105 726 1167 sic
741 1124 813 1166 esse
826 1103 913 1185 potis
928 1105 980 1168 sit.

143 1220 191 1266 880
206 1207 246 1272 ld
261 1207 337 1271 licet
349 1207 425 1270 hinc
438 1207 583 1290 quamvis
597 1206 710 1270 hebeti
725 1226 922 1289 cognoscere
938 1205 1048 1270 corde.

252 1309 428 1393 Principio,
446 1309 567 1372 circum
582 1308 685 1372 tribus
702 1309 781 1371 actis
797 1308 934 1391 impiger
949 1309 1040 1372 annis

207 1412 319 1476 Floret
329 1411 458 1495 EquuS,
471 1410 560 1474 Puer
570 1409 838 1493 haudquaquam:
856 1410 934 1492 quin
947 1432 1035 1494 saepe
1047 1412 1143 1476 etiarn
1154 1434 1231 1477 num
1305 1423 1308 1429 '

209 1514 323 1578 Ubera
338 1534 546 1577 mammarum
560 1513 594 1576 in
610 1513 729 1576 somnis
744 1511 896 1576 lactantia
910 1516 1037 1597 quaerit.

210 1615 291 1679 Post
307 1616 364 1678 ubi
380 1614 513 1697 Equum
528 1613 643 1677 validae
658 1614 742 1678 vires
757 1623 854 1678 aetate
871 1626 1012 1693 senecta,

146 1730 192 1775 885
209 1717 425 1801 Membraque
441 1715 597 1780 deficiunt
612 1715 749 1800 fugienti
763 1716 917 1800 languida
930 1718 1013 1795 vita3

208 1820 296 1883 Tum
311 1820 440 1883 demum
457 1819 573 1882 Pueris
589 1842 659 1883 aevo
674 1819 811 1883 florente
823 1821 975 1904 juventas

208 1920 350 2004 Occipit,
368 1931 401 1984 et
416 1920 502 1985 molli
518 1922 614 1985 vestit
630 1921 782 2005 lanugine
798 1922 915 1985 malas:

206 2024 262 2087 Ne
277 2023 361 2086 forte
377 2047 418 2087 ex
435 2023 587 2100 Homine,
604 2034 637 2086 et
649 2022 809 2087 Veterino
826 2024 946 2087 semine
962 2046 1120 2108 equorum

207 2125 351 2190 Confieri
366 2126 480 2189 credas
498 2125 680 2189 Centauros
696 2147 806 2210 posse,
821 2148 882 2190 nec
898 2148 988 2190 esse:

118 2246 122 2259 ¹
144 2240 191 2288 898
207 2229 278 2292 Α88
293 2227 416 2311 rapidis
433 2228 568 2291 canibus
585 2229 765 2291 succinctas
782 2228 991 2291 semimarinis

211 2329 413 2414 Corporibus
431 2327 568 2412 Scyllam,
585 2339 618 2392 et
634 2339 753 2394 caetera
768 2330 809 2393 de
824 2350 944 2412 genere
960 2329 1087 2408 horum,

124 2489 192 2538 rendi
213 2491 262 2539 viru
279 2491 360 2540 habet.
399 2493 542 2546 Lavabatur
563 2489 603 2538 cui
622 2490 659 2538 ni·
695 2490 759 2538 tibus
771 2507 818 2538 esse
828 2494 889 2552 polis
900 2493 937 2539 sit.
967 2490 1230 2538 Sensutamnecessa-

125 2554 201 2602 mium
213 2571 244 2603 ne
256 2555 348 2604 credas.
694 2555 739 2613 rio,
757 2564 783 2602 88
800 2555 871 2603 811888
887 2555 992 2603 88818888
1012 2555 1122 2619 potuisse
1139 2555 1230 2603 Lucre-

57 2676 59 2681 ,
158 2621 212 2670 876.
226 2623 272 2668 Sed
282 2637 351 2683 neque
365 2623 483 2678 Centauri,
495 2618 551 2682 888]
564 2621 599 2668 At
609 2620 660 2667 Na·
695 2620 757 2668 tium
769 2636 840 2667 nemo
852 2619 971 2683 suspicari
988 2619 1072 2684 possit
1106 2620 1170 2667 Rem
1186 2619 1230 2668 tri·

126 2693 181 2732 tura
201 2685 269 2732 rudis
291 2685 349 2732 licet
372 2694 397 2733 et
417 2684 540 2747 imperita,
563 2700 612 2731 non
634 2700 663 2731 88
695 2685 740 2732 888
752 2686 832 2733 verbis
849 2700 977 2747 exponam,
995 2688 1082 2732 nullum
1095 2688 1182 2732 animal
1197 2687 1233 2732 888

125 2749 228 2813 protulit
239 2749 360 2808 animalia,
372 2750 402 2797 de
414 2748 502 2812 quibus
520 2751 601 2797 Po'e'tre
613 2759 662 2796 tarn
694 2767 722 2798 es
733 2752 820 2810 duplici
832 2758 855 2797 el
866 2753 956 2798 diversa
967 2758 1052 2798 patara
1063 2758 1166 2798 constare
1178 2757 1231 2812 pot·

125 2813 252 2877 splendide
264 2814 423 2862 mentiuntur.
445 2814 572 2862 Thessalia
583 2813 663 2862 nullos
695 2822 729 2862 est
748 2815 779 2874 (e.
800 2831 823 2878 g.
842 2815 897 2877 equi
915 2825 940 2862 et
958 2815 1075 2877 hominis)
1096 2823 1123 2862 88
1140 2818 1233 2863 818888

125 2893 233 2941 unquam
253 2879 315 2927 vidit
333 2881 477 2936 Centauros,
498 2895 576 2941 neque
597 2878 662 2926 enim
695 2881 760 2927 s'lls’nc
773 2879 799 2938 (8
811 2889 898 2927 natura
909 2880 1015 2928 bominis
1027 2889 1052 2928 et
1063 2879 1131 2942 equi)
1141 2897 1187 2942 par
1197 2883 1233 2928 vs's

126 2958 202 3005 equus
221 2953 246 2992 et
260 2944 332 2992 homo
349 2944 465 3007 conjungi
481 2953 591 3006 possunt,
606 2959 662 2992 curn
694 2944 1090 3006 88888888888888818,1818888188
1096 2945 1232 3008 illrepartes

54 3033 57 3037 <
126 3023 175 3055 888
188 3009 272 3056 eadem
289 3018 367 3065 aetate,
380 3009 464 3056 eodem
476 3008 600 3065 alimento,
618 3024 661 3056 ne·
695 3018 848 3070 componentes
858 3026 982 3072 nunquam
993 3025 1078 3075 parem
1090 3009 1140 3058 vim
1156 3010 1231 3058 habe-

126 3088 173 3135 que
192 3073 279 3122 iisdem
299 3073 408 3122 moribus
428 3071 562 3131 uterentur,
579 3089 601 3121 v.
625 3074 662 3120 14.
695 3083 757 3131 8888,
770 3075 932 3138 cumspecies
948 3075 1100 3123 animantum
1112 3073 1166 3122 aliae
1177 3073 1233 3122 aliis

128 3138 197 3185 Idern
214 3140 245 3187 de
263 3138 357 3202 Scyllis,
371 3147 396 3186 et
412 3138 531 3200 ejusmodi
547 3137 663 3186 monstris
694 3138 767 3186 citius
783 3149 901 3196 crescant,
916 3139 989 3187 citius
1005 3139 1159 3188 minuantur:
1179 3154 1233 3201 quaa

126 3202 264 3261 dicendum,
277 3220 299 3252 v.
313 3205 335 3252 9.
360 3203 408 3259 Qui
421 3213 502 3251 autem
515 3203 662 3251 Chimaeram
695 3203 1232 3267 eaipsaestratioquamaffertLucretiusin

126 3268 237 3316 extitisse
248 3267 360 3326 credidit,
368 3284 417 3316 non
429 3267 662 3316 consideravitLeo·
694 3266 744 3314 illis
755 3268 873 3325 versibus,
886 3269 928 3330 qui
939 3268 1004 3316 hunc
1016 3277 1158 3330 sequuntur.
1180 3268 1232 3316 De·

126 3331 172 3390 nis,
185 3348 253 3396 arque
265 3349 292 3381 ac
304 3333 434 3395 cujuslibet
445 3332 557 3381 animalis
569 3332 663 3380 viscera
696 3331 769 3394 nique
786 3333 869 3380 nescio
886 3332 940 3394 quis
959 3332 1032 3395 legit:
1050 3335 1115 3381 Hinc
1132 3348 1189 3394 pars
1204 3341 1233 3381 88

126 3398 213 3445 torreri
236 3398 301 3460 igne,
323 3407 348 3445 et
367 3397 477 3446 consumi
499 3412 578 3461 posse,
597 3413 619 3444 v.
639 3395 661 3446 7.
695 3414 738 3443 uon
750 3400 788 3454 sit,
797 3414 855 3458 pars
866 3400 931 3444 illinc
942 3413 989 3445 esse
997 3400 1060 3458 potis
1070 3401 1109 3444 818.

127 3462 176 3516 Qui
191 3463 295 3524 denique
312 3462 374 3510 mira
385 3472 410 3511 et
426 3472 562 3510 monstrosa
577 3461 661 3510 istius·
728 3461 782 3508 883.
816 3460 1050 3524 Ubera—lactantia]
1076 3461 1179 3510 Vossius
1202 3463 1234 3513 ad

126 3527 192 3575 modi
209 3527 323 3575 animalia
340 3543 353 3575 e
370 3526 462 3575 recenti
479 3536 544 3575 terra
560 3526 662 3591 produci
696 3525 826 3583 Catullum,
844 3542 868 3589 p.
887 3528 942 3574 234.
959 3528 1085 3585 Laelaatr'a,
1098 3527 1155 3589 quia
1170 3543 1233 3590 pue-

126 3607 197 3653 posse
225 3602 323 3650 statuat,
347 3592 431 3640 credat
457 3591 559 3655 iusuper
581 3607 662 3649 aurea,
695 3607 735 3638 ros
746 3591 815 3638 laetos
826 3591 945 3648 reddunt3
962 3591 997 3639 sic
1009 3591 1050 3640 lib.
1064 3592 1099 3640 11.
1113 3592 1234 3641 Laetantis

125 3656 251 3719 lacteaque
267 3656 376 3714 flumina,
389 3656 518 3718 etreliqua
530 3657 663 3704 otiosorum
697 3659 745 3704 loca
756 3673 874 3717 aquarum.

127 3721 257 3770 Poetarum
268 3731 413 3779 commenta,
427 3737 448 3770 v.
464 3722 500 3769 19.
524 3722 664 3785 Perpendat
729 3722 783 3769 891.
797 3720 900 3784 Scyllas]
913 3721 976 3768 Duae
988 3720 1052 3769 enim
1062 3721 1168 3779 fuerunt,
1181 3723 1233 3772 hoec

126 3795 208 3834 tamen
220 3787 298 3835 multa
312 3787 442 3834 herbarum
454 3795 480 3834 ct
494 3787 608 3834 arborum
625 3801 663 3834 se·
697 3785 761 3843 Nisi,
772 3785 816 3833 illa
826 3784 929 3842 Glauci;
947 3788 1042 3834 Fater.-
1058 3786 1114 3835 ideo
1126 3798 1151 3834 et
1164 3792 1232 3836 scurt-

126 3850 192 3899 mina
203 3851 276 3900 hodie
286 3851 326 3916 (ut
335 3851 393 3899 olim
403 3851 512 3899 omnium
521 3849 664 3899 animalium
696 3855 792 3899 marinis
810 3854 906 3899 canibus
923 3855 1040 3900 succlncta
1062 3851 1116 3900 Nisi
1138 3851 1233 3915 Scylla!

125 3916 270 3978 primordia)
288 3917 315 3964 in
332 3925 398 3965 terra
408 3915 544 3971 contineri;
562 3925 588 3964 at
599 3930 662 3962 nun·
696 3917 731 3963 At
747 3915 858 3974 Ovidius,
878 3916 979 3964 Metam.
996 3915 1037 3964 lib
1056 3916 1134 3964 Vlll.
1150 3917 1197 3964 lab.
1212 3919 1233 3966 1.

126 3996 199 4042 quam
231 3990 365 4029 nascuntur
393 3979 526 4042 complexae
557 3981 662 4038 arbores,
696 3997 718 4028 v.
733 3982 786 4028 148.
799 3984 834 4028 At
844 3998 904 4029 aura
914 3984 1031 4029 cadentem
1042 3984 1183 4030 8888888188
1200 3985 1233 4030 78·

125 4060 205 4107 neque
216 4047 298 4094 herbae
308 4044 391 4094 herbis
403 4046 590 4106 conjunguntur,
604 4059 626 4091 v.
639 4046 661 4093 9.
695 4049 737 4101 vis,
749 4062 777 4093 ne
789 4052 894 4109 tangeret
904 4062 1003 4109 888888,
1020 4049 1133 4100 81888888
1150 4047 1235 4096 Plutus

159 4109 213 4160 879.
230 4111 294 4159 Hinc
304 4113 369 4158 illinc
384 4126 429 4171 par
439 4112 480 4166 uis,
493 4106 549 4171 888]
567 4109 663 4156 Τ8888-
689 4106 757 4170 fult:
782 4113 868 4171 plumis
890 4114 915 4158 18
936 4115 1008 4159 Aram
1029 4118 1119 4158 888888
1141 4116 1240 4158 amatur

77 4232 80 4236 Α
125 4175 178 4231 bus,
191 4190 236 4223 nec
247 4175 415 4224 incommode:
434 4173 476 4223 alii
485 4173 562 4222 aliter.
586 4173 664 4221 Faber
698 4177 775 4229 Cirlsr
800 4183 823 4223 88
839 4193 854 4223 8
871 4184 933 4224 tonso
949 4184 984 4223 est
999 4178 1040 4222 888
1055 4189 1134 4222 msa
1149 4175 1235 4233 adepta

126 4248 208 4286 autem
225 4255 237 4288 s
255 4239 314 4288 retis
330 4239 433 4288 aliorum
450 4237 597 4300 conjecturis
612 4237 664 4286 haec
696 4241 786 4300 capillo.
821 4240 870 4288 Pro
880 4243 971 4302 rapidis
980 4241 1076 4287 8888888
1086 4237 1133 4298 leg.
1143 4239 1234 4286 rabidis

126 4303 201 4351 habet
210 4321 216 4359 ς
234 4255 308 4366 lege,
320 4307 384 4355 Hinc
395 4307 460 4352 llls'nc
467 4320 514 4365 par
524 4306 559 4352 sis
569 4310 596 4352 88
607 4318 663 4366 par-
697 4306 798 4351 canibus.
