2872 4852
215 224 278 288 196
598 218 641 284 Τ.
672 218 940 287 LUCRETII

300 376 412 460 Atque
428 398 468 440 ea
482 376 636 440 continuo
650 386 772 441 rectam
788 377 815 439 si
830 375 937 440 fronte
952 375 1093 460 figuram

237 493 284 539 300
304 479 431 557 Servet,
448 489 481 543 et
496 478 608 543 elisam
623 489 712 544 retro
728 501 800 543 sese
815 479 976 563 exprimat
991 479 1063 563 ipsa
1073 504 1097 557 3,

302 580 375 646 Fiet
390 591 437 659 ut,
455 591 531 644 ante
548 581 662 646 oculus
677 581 776 645 fuerit
790 582 847 665 qui
862 581 991 657 dexter,
1006 579 1060 645 hic
1075 580 1161 646 idem

301 683 402 748 Nunc
417 684 459 746 sit
473 681 585 761 laevus,
601 695 635 747 et
649 706 668 748 e
682 683 765 747 loevo
780 683 822 747 sit
836 691 948 746 mutua
963 683 1090 746 dexter.

344 785 398 850 Fit
409 808 540 870 quoque
554 787 595 849 de
606 785 748 869 Speculo
761 787 793 849 in
805 784 982 869 Speculum
991 794 1028 849 ut
1038 785 1187 850 tradatur
1196 784 1334 872 Imago;

303 891 458 974 Quinque
473 889 582 966 etiam,
598 911 696 953 sexve
712 900 749 952 ut
763 889 836 953 fieri
852 887 1030 953 Simulacra
1047 890 1190 953 suerint:

238 1005 284 1052 ³0⁵
305 993 391 1057 Nam
406 1013 610 1077 quaecunque
626 1000 715 1054 retro
730 1001 824 1074 parte
841 992 994 1056 interiore
1009 990 1179 1068 latebunt3

237 1148 239 1152 ,
257 1158 259 1163 Α
303 1095 385 1179 Inde
400 1105 518 1171 tamen,
535 1094 680 1178 quamvis
697 1103 793 1170 torte,
810 1093 1006 1177 penitusque
1022 1102 1158 1170 remota,

303 1198 422 1261 Omnia
437 1219 497 1281 per
513 1195 617 1260 flexos
633 1196 741 1259 aditus
758 1195 877 1259 educta
890 1193 1001 1259 licebit

305 1298 459 1362 Pluribus
475 1298 547 1363 haec
563 1297 712 1382 Speculis
729 1297 901 1361 videantur
916 1298 950 1360 in
963 1291 1089 1363 adibus
1105 1319 1188 1363 esse.

347 1400 463 1485 Usque
479 1401 562 1464 adeo
577 1423 596 1464 e
613 1399 754 1484 Speculo
769 1400 802 1462 in
817 1398 994 1484 Speculum
1008 1399 1146 1465 tralucet
1160 1402 1282 1486 imago,

240 1515 288 1561 310
307 1504 353 1566 Et
368 1526 442 1567 cum
455 1502 536 1566 laeva
552 1503 628 1566 data
644 1503 694 1578 ’st,
710 1502 748 1566 fit
764 1523 892 1566 rursum
908 1502 1045 1566 dextera
1059 1502 1136 1566 fiat:

304 1605 386 1669 lnde
401 1617 578 1669 retrorsum
595 1605 704 1668 reddit
720 1628 766 1682 se,
784 1616 817 1668 et
832 1605 991 1668 convertit
1006 1605 1131 1669 eodem.

350 1709 547 1783 Quinetiam,
565 1728 767 1790 quaecunque
783 1705 943 1770 latuscula
959 1717 1034 1770 sunt
1050 1706 1266 1791 Speculorum

305 1807 456 1873 Adsimili
470 1807 580 1872 lateris
595 1807 721 1870 flexura
736 1809 875 1892 praedita
890 1810 1004 1884 nostri,

306 1911 455 1974 Dextera
470 1920 660 1994 eapropter
675 1910 769 1973 nobis
783 1909 963 1975 Simulacra
978 1911 1164 1989 remittunt3

242 2025 288 2071 ³15
308 2012 379 2077 Aut
394 2013 526 2096 quiade
542 2010 684 2096 Speculo
699 2012 733 2075 in
748 2011 925 2096 Speculum
941 2013 1137 2077 transfertur
1149 2013 1276 2098 Imago,

306 2117 388 2180 Inde
403 2117 444 2180 ad
460 2138 519 2180 nos
535 2115 614 2179 elisa
629 2115 678 2179 bis
695 2114 844 2192 advolat;
868 2127 925 2180 aut
940 2116 1037 2179 etiarn
1052 2115 1142 2200 quod

308 2219 557 2302 Circumagitur,
574 2240 648 2282 cum
662 2218 749 2282 venit
765 2218 888 2301 lmago,
904 2227 1080 2302 propterea
1094 2218 1184 2302 quod

307 2319 409 2384 Flexa
425 2320 532 2404 figura
546 2321 643 2384 docet
659 2319 791 2404 Speculi
807 2321 988 2384 convertier
1003 2321 1045 2384 ad
1061 2343 1132 2384 nos.

350 2422 531 2506 Indugredi
545 2444 644 2506 porro
659 2423 783 2506 pariter
796 2421 988 2508 Simulacra,
1003 2423 1188 2508 pedemque

256 2619 310 2665 299.
328 2616 757 2681 RectameifroateJQuidamlegen-
791 2617 925 2679 laevamque
943 2616 978 2665 sic
999 2615 1173 2680 oppositorum,
1192 2624 1220 2664 ut
1240 2631 1273 2664 ex
1293 2633 1337 2666 rc·

223 2681 281 2729 dum
294 2692 402 2739 censent,
414 2690 500 2731 rectam
512 2679 609 2743 risorie.
791 2681 897 2730 flexione
908 2682 980 2730 unius
989 2682 1015 2729 in
1027 2681 1101 2739 aliud,
1113 2690 1137 2728 et
1148 2696 1221 2744 porro
1232 2680 1260 2728 in
1271 2697 1335 2730 ocu·

256 2747 310 2793 302.
337 2746 434 2808 Mutua]
459 2747 561 2802 Mutuo;
588 2747 623 2795 sic
645 2746 716 2804 intra,
736 2762 757 2793 v.
791 2746 843 2794 lum
860 2745 922 2794 sitas
938 2746 1094 2802 restituatur;
1112 2755 1155 2793 aut
1170 2745 1254 2808 potius
1270 2761 1335 2808 quo-

224 2811 279 2858 945.
292 2827 332 2858 uec
344 2818 405 2858 motu
416 2820 500 2858 mutua
506 2810 585 2873 fungi.
792 2826 848 2858 rum
857 2811 934 2859 latera
946 2811 996 2860 sint
1006 2820 1095 2875 partes,
1106 2811 1251 2873 regionesve
1266 2813 1336 2873 eius·

257 2877 311 2923 303.
324 2878 365 2922 Fit
377 2892 462 2938 quoque
474 2878 502 2922 de
512 2877 613 2936 Speculo,
623 2875 680 2937 eta]
694 2875 758 2922 lma·
792 2875 848 2923 dem
863 2875 955 2938 speculi
972 2875 1079 2933 concavi,
1093 2891 1107 2924 e
1123 2891 1171 2938 quo
1187 2873 1286 2933 reflexa,
1300 2885 1335 2934 et,

223 2939 308 3002 ginum
320 2938 446 2987 elisionem
458 2949 530 3000 atque
542 2939 705 2988 inversionem
722 2938 758 2986 ul·
793 2950 849 3004 post
870 2940 958 2988 factam
981 2941 1105 2989 radiorum
1128 2939 1335 2999 decussationem,

225 3003 307 3061 terius,
319 3020 342 3051 v.
356 3006 378 3052 9.
390 3004 525 3061 confirmat,
538 3019 594 3052 nam
607 3020 639 3052 ex
650 3003 761 3051 interiori
793 3013 902 3068 spectata
919 3005 1000 3068 imago
1018 3021 1048 3053 eo
1066 3005 1210 3053 exhibeatur
1226 3004 1285 3062 situ,
1306 3015 1335 3053 ut

223 3069 312 3117 sedium
323 3077 393 3132 parte
409 3084 454 3133 per
465 3069 565 3132 specula
580 3068 627 3116 rite
644 3068 763 3132 disposita
794 3070 880 3117 dextra
889 3069 919 3116 ad
928 3070 1047 3126 dextram,
1057 3069 1155 3118 sinistra
1164 3069 1195 3116 ad
1206 3067 1335 3118 sinistram

223 3132 300 3184 veluti
317 3134 428 3182 educitur
439 3133 527 3197 imago,
545 3134 612 3183 etin
629 3133 761 3196 quamlibet
793 3133 838 3190 sit;
861 3135 958 3183 tametsi
975 3134 1073 3182 aliunde
1090 3150 1147 3199 pars
1163 3133 1276 3196 superior
1292 3134 1333 3183 in-

223 3209 319 3263 partem
339 3200 497 3255 transfertum
521 3198 564 3246 illa
581 3209 662 3247 autem
681 3198 762 3262 imago
793 3198 874 3256 ferior,
884 3209 909 3247 et
918 3199 1019 3247 inferior
1027 3199 1139 3264 superior
1150 3196 1239 3247 evadit.
1270 3201 1334 3248 Gar·

224 3280 278 3326 quae
298 3264 423 3314 sinistram
441 3273 536 3329 partem
558 3264 651 3311 dextrae
673 3263 762 3325 objecti
794 3268 882 3312 raudus.

241 3329 288 3376 arti
299 3329 325 3377 in
336 3330 416 3394 primo
428 3329 527 3392 peculo
538 3328 674 3392 oppositam
691 3329 760 3376 exhi-
827 3331 882 3376 313.
906 3332 1016 3377 Adsimili
1033 3331 1120 3386 lateris,
1137 3327 1194 3390 eta]
1211 3327 1269 3376 Hoc
1286 3337 1334 3387 est,

223 3345 303 3450 lebat,
320 3394 346 3442 in
364 3396 471 3444 secundo
488 3393 587 3458 speculo
604 3393 761 3450 convertitur,
795 3393 926 3441 exhibeant
937 3402 1019 3457 partes
1031 3393 1145 3456 imaginis
1154 3393 1334 3456 respondentes

224 3465 250 3505 et
261 3457 360 3507 dextras
370 3469 453 3523 partes
470 3459 563 3507 dextris
580 3459 668 3521 objecti
684 3458 760 3523 parti·
794 3457 881 3506 iisdem
893 3457 983 3506 nostris
998 3458 1115 3522 partibus,
1128 3472 1216 3521 nempe
1233 3457 1335 3506 dextras

224 3521 270 3568 bur
282 3521 396 3572 adversas
408 3524 488 3571 refert
794 3522 894 3580 dextris,
906 3523 979 3571 laevas
990 3521 1072 3578 levisr
1089 3526 1184 3585 Fayus:
1201 3521 1332 3585 imperitet

259 3587 313 3632 ³04.
334 3591 438 3650 Quinque
448 3592 525 3645 etiam,
536 3605 602 3637 resve
613 3587 712 3650 utfieri]
731 3588 761 3635 In
793 3586 840 3634 ista
852 3587 918 3636 enim
925 3591 1017 3648 flexura
1028 3590 1141 3636 adsimilis
1158 3591 1243 3635 leteris
1258 3591 1334 3635 rostri

226 3649 370 3711 quibusdam
386 3651 455 3699 codd.
475 3654 578 3714 Quinque
594 3656 663 3699 etiam
679 3668 719 3699 ree
735 3659 762 3699 ut
794 3650 826 3698 ad
844 3651 924 3714 ipsum
944 3651 1070 3714 speculum
1090 3652 1204 3714 pertinet,
1223 3659 1249 3698 et
1265 3650 1333 3700 idem

222 3716 282 3773 fieri.
314 3714 439 3771 Horatius,
458 3715 505 3778 Ep.
523 3719 543 3763 l.
555 3716 596 3764 lib.
611 3715 631 3763 1.
661 3718 687 3763 m·
702 3733 759 3778 qua·
793 3715 915 3778 significat
935 3715 999 3778 quod
1012 3719 1076 3775 flexu
1092 3720 1172 3779 figura
1194 3718 1289 3777 speculi,
1308 3731 1332 3765 v.

227 3781 511 3842 driugentisseuseptem
522 3783 594 3827 millia
606 3782 694 3827 desunt.
794 3781 850 3827 318.
1335 3810 1338 3817 ·

260 3843 314 3889 311.
332 3844 390 3890 Iade
404 3850 528 3891 retrorsum
544 3846 622 3891 reddit
637 3842 673 3905 se]
692 3842 760 3890 Gifa-
827 3845 881 3892 319.
899 3846 1156 3905 Indugredi—pariter,
1170 3843 1227 3907 eta]
1247 3843 1297 3893 His
1308 3861 1332 3895 v.

226 3906 290 3963 nius,
313 3905 355 3968 qui
377 3906 485 3969 integros
508 3922 593 3956 versus
616 3923 665 3956 non
688 3917 760 3964 amat,
794 3909 816 3955 6.
829 3908 900 3956 docet
911 3907 1031 3971 imagines
1042 3908 1067 3955 in
1079 3909 1186 3972 speculis
1195 3909 1273 3958 videri
1285 3924 1332 3959 no·

226 3970 317 4020 omittit
335 3987 375 4025 ae,-
398 3971 495 4033 quidam
516 3980 598 4019 tamen
616 3971 684 4019 codd.
704 3974 762 4020 Iade
794 3972 886 4020 hiscum
910 3972 1031 4029 incedere,
1055 3983 1213 4037 nostrumque
1234 3983 1333 4038 gestulm

226 4044 375 4086 retroversum
387 4038 455 4093 redit,
466 4044 509 4084 ete.
794 4035 892 4093 imitari,
909 4037 1024 4099 quoniam
1040 4052 1088 4098 qua
1104 4038 1134 4085 de
1151 4049 1221 4102 parte
1237 4040 1333 4104 speculi

259 4103 314 4150 312.
335 4104 472 4158 Quinetiam,
487 4117 624 4162 quecunque
640 4103 761 4158 latuscula,
793 4101 942 4159 recedamus,
954 4099 1037 4149 statim
1050 4116 1081 4148 ex
1093 4117 1121 4150 ea
1132 4102 1213 4166 imago
1226 4113 1335 4166 nequeat

225 4165 283 4231 eta]
291 4166 347 4214 Ver.
356 4164 377 4216 7.
384 4165 509 4229 subjungit
514 4165 545 4213 de
550 4164 761 4228 speculisquorum
792 4165 891 4224 reverti,
902 4181 958 4214 nam
969 4180 1119 4228 quaecunque
1131 4169 1161 4215 ab
1172 4169 1245 4217 rebus
1255 4168 1333 4219 simu·

226 4241 284 4281 sunt
300 4231 418 4279 latuscula
436 4229 581 4293 (lacieeuloe)
593 4229 668 4285 varia,
684 4227 762 4276 instar
793 4229 876 4278 lachra
887 4230 1026 4287 mittuntur,
1038 4246 1067 4278 ea
1078 4231 1108 4279 ad
1120 4247 1201 4294 equos
1218 4241 1244 4281 et
1259 4249 1335 4297 parer

226 4297 272 4345 viz.
293 4295 446 4361 speculorum
468 4294 575 4359 plurium
597 4293 627 4340 ad
650 4294 761 4341 dextram
794 4293 896 4356 angulos
909 4295 1061 4351 referuntur3
1079 4293 1161 4357 itaque
1178 4298 1290 4361 apposite
1307 4299 1334 4347 id
