2872 4852
155 267 216 331 182
533 262 576 328 Τ.
608 260 882 328 LUCRETII

180 420 273 486 pariter
289 419 379 468 feriant
389 427 415 468 et
425 418 535 468 auditum
547 418 651 474 sociante
671 417 737 467 vocis
751 426 864 466 naturam
875 423 948 478 atque
966 415 1125 465 formaturam
1136 416 1263 482 explicet:

181 503 233 551 Cur
244 501 329 550 eadem
341 516 389 549 vox
405 499 555 565 percipiatur
567 515 581 547 a
592 498 676 547 multis
686 498 807 547 rationem
818 496 915 552 reddite
933 495 992 559 quid
1003 495 1035 544 sit
1051 496 1128 557 Echo,
1140 501 1266 561 quomodo

182 583 232 641 flat,
244 583 275 630 ad
287 597 309 631 v.
322 583 377 629 524.
389 581 421 629 ad
432 597 455 629 v.
468 581 523 629 619.
559 580 605 629 IX.
624 579 721 628 Deinde
733 579 764 626 de
781 578 882 643 Sapore,
895 589 921 625 et
931 577 1020 634 Gustu,
1033 577 1064 625 de
1076 578 1167 638 Odore,
1179 588 1207 629 et
1218 581 1264 630 Ol·

177 663 248 712 'iactu
259 662 342 717 docet;
360 660 420 724 quid
431 676 520 725 nempe
531 660 562 709 sit
575 661 660 724 Sapor,
673 659 731 722 quid
743 659 819 716 Odor,
831 667 856 706 et
867 673 911 707 cur
922 673 971 705 non
983 659 1015 706 ab
1026 657 1139 708 omnibus
1151 659 1264 710 sentian-

182 752 230 791 tur.
264 743 315 790 Cur
336 742 411 790 Cibus
428 740 494 789 idem
515 740 569 788 aliis
588 739 673 800 dulcis,
695 739 750 788 aliis
770 754 866 787 amaram
886 738 944 796 flat5
970 752 1015 786 cnr
1034 739 1102 788 Odor
1122 739 1185 789 alius
1207 741 1265 790 aliis

182 824 215 873 sit
232 823 309 886 magis
325 833 404 887 aptus,
421 830 447 871 et
462 821 520 871 Vox
536 819 590 871 aliis
608 829 726 871 terrorem
741 818 853 878 incutiat,
870 833 924 880 quae
938 818 998 871 alios
1011 820 1089 881 iuvet,
1107 819 1194 870 saltem
1211 838 1264 871 non

182 913 281 962 terreat,
301 919 316 952 a
333 920 356 952 v.
376 903 431 952 619.
450 902 482 951 ad
501 918 524 950 a.
546 900 600 953 726.
635 900 667 948 X.
688 901 719 949 de
737 899 915 963 imaginatione
934 908 1006 962 atque
1027 899 1182 964 cogitatione
1202 902 1263 966 agit,

182 1001 242 1048 quas
257 999 303 1049 per
324 983 468 1032 tenuissima
487 998 569 1031 rerum
587 982 740 1031 simulachra
750 997 794 1030 seu
814 980 933 1043 imagines
945 996 998 1043 quae
1014 980 1042 1028 in
1053 991 1161 1031 mentem
1176 982 1262 1033 incur·

182 1075 246 1123 rant,
258 1064 310 1112 lieri
321 1063 413 1128 pariter
424 1063 473 1120 citt
491 1063 549 1111 inde
561 1062 628 1111 varia
639 1061 670 1110 de
681 1061 869 1125 cogitationibus
885 1061 1037 1126 problemata
1051 1063 1168 1127 proponit
1179 1073 1205 1112 et
1216 1080 1262 1112 ex-

182 1144 271 1210 plicat;
295 1161 371 1194 cura.
387 1161 411 1208 g.
428 1144 556 1194 videamur
571 1143 598 1191 in
616 1142 713 1191 Somnis
726 1141 882 1200 videreill0s‚
895 1142 936 1205 qui
949 1144 1002 1205 jam
1012 1143 1103 1192 mortui
1119 1151 1192 1212 auctr
1217 1161 1264 1194 cur

183 1211 336 1276 Simulachra
352 1241 435 1276 rerum
456 1241 501 1274 seu
513 1223 636 1286 Imagines
654 1223 784 1273 rideantur
802 1222 873 1272 nobis
889 1222 979 1273 morari
994 1223 1054 1274 dum
1070 1224 1207 1288 cogitamus
1224 1241 1262 1275 ea.

182 1307 234 1355 Cur
245 1305 326 1355 subito
337 1306 439 1369 quisque
451 1305 542 1370 cogitat
554 1320 607 1368 qnae
618 1304 741 1361 lubnerit;
758 1304 840 1353 curin
853 1304 950 1353 Somnia
961 1305 1084 1354 cernimus
1096 1306 1197 1366 moveri,
1209 1322 1224 1355 a
1236 1324 1261 1357 v.

183 1386 238 1437 726.
256 1389 288 1437 ad
307 1403 330 1436 v.
349 1390 404 1436 820.
437 1388 486 1437 XI.
503 1388 528 1436 A
544 1403 567 1436 v.
585 1388 640 1435 ⁸21.
658 1385 689 1434 ad
706 1402 728 1434 v.
746 1388 801 1434 905.
819 1385 891 1435 docet
908 1386 1036 1450 Linguam,
1054 1386 1152 1446 Oculos,
1170 1388 1262 1449 Aures,

182 1467 270 1526 Nares,
287 1468 370 1517 omnia
386 1468 491 1532 denique
508 1467 654 1517 sensatioris
664 1467 765 1531 Organa
780 1466 850 1531 prius
865 1475 923 1516 nata
932 1483 987 1517 esse
999 1483 1071 1530 qnam
1083 1483 1167 1516 eorum
1178 1484 1263 1529 usum,

183 1564 252 1597 secus
265 1565 322 1597 vero
333 1549 360 1597 in
372 1549 510 1598 artificiosis
521 1549 601 1607 rebus,
614 1563 668 1610 quae
679 1547 787 1611 pendent
799 1563 831 1595 ex
846 1547 950 1612 provise
966 1547 1108 1611 indigentia.
1142 1549 1207 1599 XII.
1220 1551 1264 1600 De

183 1628 281 1688 Somno,
294 1646 321 1678 ac
337 1628 467 1679 insomniis
479 1630 536 1693 agit,
547 1628 717 1693 imprimisque
728 1627 799 1676 docet
808 1643 856 1690 qua
866 1627 961 1677 ratione
973 1629 1016 1677 flat
1028 1630 1132 1678 Somnus
1143 1628 1169 1677 in
1180 1631 1264 1692 nobis,

182 1719 208 1757 et
223 1709 249 1758 in
261 1711 356 1758 caeteris
368 1710 558 1766 Animantibusr
577 1709 734 1757 Somniorum
748 1709 829 1758 varias
843 1708 952 1772 assignat
963 1724 1063 1758 causas:
1082 1719 1107 1757 et
1117 1710 1218 1760 demum
1229 1713 1265 1762 ad

182 1805 222 1839 res
239 1791 363 1839 venereas
375 1789 496 1854 delapsus,
508 1805 522 1838 a
533 1806 556 1838 v.
571 1789 641 1836 1050.
658 1803 735 1852 usque
747 1787 778 1836 ad
789 1789 864 1837 linem
880 1788 943 1848 libri,
956 1789 987 1837 de
999 1791 1098 1848 Amore,
1116 1791 1264 1859 sterilitate,

183 1871 361 1930 Foecunditate,
373 1882 418 1919 etc.
430 1869 531 1919 liberius
542 1871 624 1920 ioman
636 1879 662 1919 et
672 1869 781 1935 apertius
792 1881 864 1933 quarn
875 1885 922 1935 par
933 1879 993 1929 erat,
1005 1871 1060 1934 (sed
1077 1871 1222 1937 Philosophi
1234 1873 1264 1924 in

181 1951 248 2001 hisce
260 1954 332 2001 rebus
344 1951 392 2001 sibi
403 1951 509 2000 maxime
520 1951 669 2016 indulgent)
682 1951 798 2016 disputat

190 2163 193 2170 ’
235 2147 335 2231 Avis
350 2163 518 2229 Pieridum
532 2185 672 2248 peragro
686 2162 758 2229 loca
772 2163 891 2230 nullius
906 2175 982 2232 ante

234 2265 330 2330 Trita
344 2265 432 2345 solo;
451 2267 546 2351 juvat
560 2267 705 2352 integros
721 2267 877 2332 accedere
892 2266 1023 2345 fonteis,

234 2367 347 2455 Atque
361 2369 512 2433 haurire:
532 2369 691 2454 juvatque
707 2391 808 2433 novos
825 2369 1001 2454 decerpere
1016 2368 1124 2448 flores,

234 2468 464 2556 insignemque
480 2469 560 2536 Meo
576 2472 675 2556 capiti
688 2482 802 2556 petere
818 2472 894 2537 inde
910 2494 1072 2550 coronam,

202 2586 217 2632 5
237 2572 336 2638 Unde
352 2575 443 2658 prius
459 2571 554 2637 Nulli
568 2572 706 2638 velirint
721 2585 868 2658 tempora
881 2572 1000 2638 Musae·

235 2674 379 2739 Primum
394 2675 483 2760 quod
499 2676 624 2760 magnis
640 2676 742 2740 doceo
759 2676 926 2755 derebus,
942 2687 976 2740 et
990 2677 1087 2742 arctis

234 2774 456 2859 Relligionum
470 2777 594 2842 animos
608 2777 703 2842 nodis
719 2776 887 2843 exsolvere
903 2800 1023 2864 perg03

234 2877 378 2955 Deinde,
394 2877 484 2962 quod
500 2879 640 2945 obscura
654 2880 695 2943 de
712 2901 747 2944 re
762 2889 828 2943 tam
841 2879 951 2946 lucida
965 2903 1074 2967 pango

236 2977 399 3056 Carmina,
414 2978 535 3044 Museo
551 2980 741 3065 contingens
757 2992 875 3046 cuncta
888 2981 1019 3067 lepore:

188 3092 219 3139 10
237 3077 276 3144 Id
292 3103 422 3166 quoque
438 3083 523 3146 enim
538 3104 603 3145 non
619 3082 661 3145 ab
676 3081 764 3146 nulla
777 3083 901 3149 ratione
916 3086 1056 3151 videtur.

234 3183 322 3248 Nam
336 3182 437 3248 veluti
451 3184 568 3248 Pueris
584 3185 746 3251 absinthia
760 3194 845 3250 tetra
860 3187 1048 3267 MedenteS,

235 3285 320 3351 Cum
333 3286 412 3352 dare
428 3296 597 3364 conantur,
613 3288 704 3372 prius
721 3311 794 3354 oras
810 3289 929 3374 pocula
943 3291 1064 3357 circum

233 3387 438 3473 Contingunt
451 3389 554 3454 mellis
570 3389 667 3468 dulci,
684 3391 833 3476 flavoque
848 3391 992 3476 liquore3

236 3488 285 3554 Ut
299 3490 480 3556 Puerorum
496 3502 574 3556 aetas
590 3494 770 3578 improvida
783 3493 971 3560 ludificetur

190 3602 219 3648 15
237 3588 422 3657 Labrorum
437 3604 543 3672 tenus,
559 3596 685 3660 interea
699 3607 853 3682 perpotet
869 3620 1012 3662 amarum

235 3690 394 3759 Absinthi
407 3695 545 3773 laticem,
563 3697 766 3782 deceptaque
779 3721 845 3763 non
857 3699 1018 3783 capiatur,

235 3793 305 3858 Sed
321 3797 429 3879 potius
445 3797 501 3860 tali
517 3807 606 3863 tactu
621 3812 768 3866 recreata
783 3798 934 3865 valescat.

183 3995 205 4070 i.
228 3997 287 4043 Auia
304 3994 436 4074 Pieridum]
456 3997 520 4046 Istos
538 3999 576 4046 25.
594 4015 686 4060 versus,
753 4003 775 4052 9.
804 4002 905 4068 Lepore]
928 4003 1035 4059 Quidam
1061 4005 1130 4055 codd.
1154 4009 1248 4071 liquore
1255 4032 1266 4070 ,·

150 4059 237 4123 quibus
251 4068 371 4109 attentum
388 4062 435 4109 sibi
453 4061 600 4110 Memmium
616 4080 688 4114 sunm
719 4067 848 4131 imperite:
866 4067 907 4116 lib.
927 4069 947 4117 1.
960 4086 983 4118 v.
998 4071 1037 4119 29.
1068 4074 1117 4123 Quo
1133 4077 1210 4136 magis
1229 4095 1266 4126 ω.

150 4134 192 4173 nrt
214 4124 289 4174 alium
310 4126 421 4188 quemvis
443 4125 560 4175 lectorem
582 4128 685 4178 reddere
718 4135 849 4180 mouendo
861 4135 938 4191 dictio,
950 4137 1020 4192 Dino,
1033 4134 1149 4199 leporem

149 4199 257 4249 constan,
270 4189 318 4240 vid
329 4190 372 4241 lib.
387 4191 407 4238 1.
421 4207 442 4239 v.
456 4192 511 4239 925.
752 4196 789 4248 17.
810 4196 895 4260 Tacta]
905 4197 954 4247 Alii
963 4203 1264 4264 propootocontendunt3

182 4257 204 4306 2,
228 4255 345 4320 integros]
366 4254 505 4314 Terentius,
527 4255 592 4304 Prol.
613 4258 683 4308 Adel.
719 4270 803 4320 tracta,
827 4262 852 4311 id
876 4272 913 4312 est
935 4267 1025 4322 imula,
1050 4263 1177 4314 Gifuuius:
1209 4285 1264 4321 non

148 4335 198 4367 eum
211 4319 309 4370 Plautus
321 4323 391 4370 houm
403 4323 508 4384 Reliquit
519 4320 649 4384 integrum.
719 4326 787 4374 tanti.
