2872 4852
529 232 572 298 T.
604 225 874 297 LUCRETII

235 392 348 476 Atque
362 391 408 455 ita
422 389 602 477 suspiciens
618 387 714 452 tereti
729 386 853 451 cervice
868 394 1001 469 reposta

236 494 346 559 Pascit
359 513 467 557 amore
484 491 595 555 avidos
610 487 738 553 inhians
751 489 785 552 in
799 498 843 565 te,
859 487 946 565 Dea,
961 486 1068 563 visus;

236 596 333 681 Eque
349 606 407 660 tuo
420 594 544 680 pendet
558 592 703 677 resupini
719 591 852 676 spiritus
867 611 934 654 ure.

236 697 336 763 Hunc
352 708 399 775 tu,
416 695 514 774 Diva,
529 705 587 761 tuo
602 694 813 759 recubantem
827 713 965 776 corpore
982 698 1096 756 sancto

187 815 219 861 40
238 799 442 865 Circumfusa
457 819 566 883 super,
584 797 710 861 suaveis
726 818 768 860 ex
783 816 839 859 ore
853 793 1000 878 loquelas

235 903 362 980 Funde,
379 912 494 986 petens
509 899 670 984 placidam
684 898 853 974 Romanis,
869 895 1007 973 lncluta,
1022 916 1146 979 pacem.

235 1005 323 1069 Nam
337 1026 444 1089 neque
458 1025 519 1067 nos
533 1024 631 1086 agere
645 1001 709 1066 hoc
724 1001 842 1085 patriai
857 1009 1002 1083 tempore
1016 998 1128 1081 iniquo

237 1106 416 1170 Possumus
431 1127 526 1189 aequo
541 1105 664 1168 animo:
688 1123 794 1187 neque
809 1098 946 1165 Memmi
960 1098 1047 1165 clara
1060 1121 1208 1183 propago

236 1207 374 1273 Talibus
389 1209 421 1271 in
437 1208 536 1272 rebus
550 1205 711 1272 communi
726 1205 830 1269 de'sse
847 1203 953 1267 saluti.

189 1323 220 1369 45
238 1311 337 1383 Quod
351 1319 513 1394 superest,
528 1331 646 1373 vacuas
660 1307 766 1371 aureis
780 1305 859 1370 mihi
874 1304 1082 1381 Memmiada,
1099 1314 1133 1368 et
1145 1314 1177 1367 te

238 1413 405 1477 Semotum
420 1434 439 1475 a
454 1412 540 1476 curis
555 1410 676 1475 adhibe
692 1432 801 1474 veram
816 1409 858 1472 ad
872 1409 1046 1484 rationem

236 1515 310 1601 Nec
325 1537 396 1578 mea
411 1515 497 1579 dona
511 1514 571 1579 tibi
587 1513 696 1577 studio
711 1513 859 1596 disposta
873 1509 973 1588 fideli,

236 1617 406 1682 Intellecta
420 1618 511 1700 prius
527 1638 624 1700 quam
639 1616 714 1691 sint,
730 1624 916 1698 contempta
930 1611 1105 1695 relinquas

237 1720 325 1782 Nam
341 1720 400 1783 tibi
416 1719 457 1782 de
473 1740 596 1782 summa
613 1716 697 1781 Coeli
712 1717 847 1792 ratione,
865 1715 1052 1799 Derimque,

190 1832 221 1878 50
239 1821 414 1885 Disserere
429 1821 590 1904 incipiam,
607 1831 640 1884 et
656 1841 763 1883 rerum
778 1819 955 1902 primordia
969 1819 1128 1902 pandam3

239 1917 338 1986 Unde
354 1923 474 1986 omneis
491 1921 622 1986 Natura
637 1932 726 1986 creet
740 1943 805 1999 res,
822 1931 943 1998 auctet,
959 1919 1107 2004 alatque:

239 2025 356 2097 Quove
371 2025 485 2089 eadem
500 2047 629 2089 rursum
644 2024 775 2087 Natura
790 2033 960 2107 perempta
974 2021 1133 2087 resolvat:

239 2127 325 2199 Quae
340 2150 399 2190 nos
415 2126 600 2204 Materiem,
616 2138 649 2191 et
665 2126 831 2191 Genitalis
846 2126 994 2210 Corpora
1009 2127 1108 2189 rebus

238 2228 428 2293 Reddunda
442 2230 475 2292 in
490 2229 615 2292 ratione
630 2251 757 2306 vocare,
773 2240 807 2293 et
823 2229 954 2292 Semina
967 2250 1076 2292 rerum

189 2344 219 2389 55
239 2329 418 2415 Appellare
433 2335 577 2409 suemus,
593 2330 713 2396 ethaeo
728 2332 843 2396 eadem
858 2351 1018 2414 usurpare

236 2433 384 2518 Corpora
400 2434 520 2511 Prima,
536 2434 625 2518 quod
642 2456 684 2498 ex
698 2432 759 2498 illis
778 2444 853 2498 sunt
869 2434 974 2497 omnia
989 2431 1111 2515 primis.

150 2610 204 2664 lore,
223 2617 249 2655 et
265 2608 400 2666 Κολληθεῖς
416 2607 496 2666 ἀνίαις,
515 2609 686 2657 Callimachus.
722 2610 832 2657 Deorum
855 2617 950 2664 natura,
972 2615 997 2654 et
1016 2608 1047 2654 de
1069 2605 1156 2670 primis
1177 2619 1262 2652 rerum

150 2671 185 2718 Et
201 2670 289 2719 Furius
310 2672 449 2729 Bibaculus,
466 2675 510 2720 Illo
528 2677 597 2735 gravi
613 2677 689 2721 subito
720 2672 849 2747 principiis
860 2687 874 2718 e
886 2671 974 2733 quihus
990 2686 1029 2717 res
1046 2686 1130 2719 omnes
1147 2669 1216 2726 fiunt,
1237 2677 1263 2716 et

149 2738 267 2783 deuinctos
288 2739 380 2784 coluere
402 2739 502 2784 hatenus
524 2741 593 2784 misit.
628 2737 688 2794 Alii,
721 2752 747 2784 m
760 2734 1094 2799 quaeiterumresolvuntur3
1112 2734 1177 2796 quod
1194 2732 1263 2780 euim

149 2802 257 2848 devictus.
722 2802 753 2848 od
765 2801 833 2847 Deos
844 2798 939 2856 attinet,
951 2798 987 2846 illi
999 2800 1070 2848 beato
1081 2799 1131 2847 otio
1145 2798 1262 2847 fruuntur

182 2865 222 2912 36.
240 2862 383 2925 Suspiciosus]
401 2863 461 2921 Alii,
478 2868 604 2925 suspirans.
640 2865 689 2913 Sed
722 2868 753 2913 ab
764 2864 831 2911 omui
842 2879 901 2911 cura
915 2872 940 2911 et
956 2864 1054 2926 negotio
1070 2863 1165 2912 semoti.
1199 2863 1262 2911 Pos-

150 2929 231 2992 placet
241 2931 373 2989 suspiciens.
403 2930 458 2976 Vox
472 2929 538 2976 enim
555 2929 602 2977 ista
620 2928 689 2978 bellae
722 2929 824 2977 teniores
844 2937 926 2977 autem
946 2929 991 2977 hos
1010 2944 1055 2976 sex
1074 2944 1159 2977 versus
1179 2927 1262 2976 versui

65 3023 71 3033 =
150 2993 207 3041 huic
223 2992 325 3056 imagini
337 2993 428 3056 optime
440 2993 572 3041 convenit:
596 2993 689 3042 nullam
722 2996 761 3041 44.
783 2993 908 3056 subjungit
928 2995 956 3041 B.
979 3009 1027 3041 nou
1047 3009 1105 3042 vero
1124 3001 1263 3056 agnoscunt

150 3072 208 3106 vero
220 3057 333 3114 tabulam,
346 3058 383 3106 uti
394 3058 469 3106 sentit
482 3059 567 3116 Faber,
579 3058 689 3122 respexit
721 3059 819 3121 quidum
829 3066 876 3106 vet.
888 3059 946 3106 Cod.
958 3068 983 3107 et
990 3074 1048 3107 sane
1057 3058 1141 3106 abesse
1149 3066 1261 3121 possunt,

150 3122 293 3179 Lucretium
311 3122 370 3185 quid
382 3123 448 3170 enim
462 3123 544 3171 tabula
560 3138 629 3186 opus,
647 3123 688 3172 ubi
721 3122 786 3171 infra
800 3132 882 3172 autem
899 3124 952 3172 loco
969 3123 1047 3186 magis
1065 3131 1122 3186 apto
1139 3123 1261 3185 legentur.

149 3187 259 3236 vividum
271 3196 315 3244 est,
328 3188 393 3249 quod
404 3202 443 3236 res
459 3187 551 3251 optime
568 3187 688 3250 pingeret,
722 3188 815 3236 Temen
825 3197 850 3235 et
861 3188 900 3236 hic
911 3205 960 3236 non
971 3191 1014 3236 abs
1025 3204 1052 3237 re
1062 3188 1143 3236 locum
1154 3188 1263 3235 habeant

149 3253 293 3329 ingenium?
313 3252 377 3300 Amo
388 3252 462 3300 etiam
473 3252 652 3310 verecundiam,
665 3261 689 3300 et
721 3269 767 3316 per
782 3257 956 3314 occupationem,
974 3263 1002 3301 ut
1018 3262 1106 3302 vocant
1129 3251 1261 3314 Magistri;

149 3326 244 3367 uttuam
260 3318 287 3366 iu
303 3318 383 3366 Fabro
401 3317 507 3365 inveniri
525 3317 619 3381 possits
640 3333 689 3365 nou
721 3317 1015 3380 quasidicatLucretius,
1028 3317 1157 3381 exprimis
1173 3332 1261 3380 corpo·

149 3383 222 3445 paulo
233 3382 366 3431 modestior
377 3392 415 3431 est
427 3384 509 3439 Poeta,
521 3398 594 3445 quam
607 3383 688 3431 Inter·
721 3383 789 3431 ribus
809 3383 891 3431 omnia
913 3384 983 3440 flunt,
1007 3398 1063 3430 nam
1087 3382 1131 3430 Dii
1153 3380 1261 3444 quidem,

149 3462 224 3509 pren
248 3448 316 3495 nulla
332 3448 398 3496 enim
417 3465 471 3496 vcro
490 3464 527 3496 res
543 3447 583 3495 hic
600 3446 688 3509 agitur,
720 3457 806 3497 contra
817 3464 889 3511 quam
901 3449 978 3497 sensit
988 3447 1193 3511 Philosophorum
1205 3446 1259 3494 vul-

150 3510 218 3558 nulle
230 3508 328 3571 μεγάλα
343 3511 467 3574 μυστήρια,
503 3510 550 3560 Illa
566 3511 687 3577 interpre-
720 3529 773 3576 gus,
786 3515 903 3562 Naturam
914 3530 991 3563 rerum
1002 3529 1048 3561 nec
1059 3512 1147 3571 secere,
1159 3526 1204 3559 uec
1216 3527 1260 3560 cu·

150 3575 210 3624 tatio
221 3590 294 3637 quam
306 3577 408 3640 apposui
419 3593 469 3625 uon
480 3576 562 3624 minus
578 3576 627 3624 fida
644 3586 688 3637 est,
720 3587 783 3626 rant.

150 3655 223 3702 quam
235 3640 350 3688 modesta.
369 3641 443 3688 MSS.
455 3644 588 3702 suscipiens.
753 3645 792 3692 49.
810 3640 922 3704 Ratione]
940 3642 998 3700 Alii,
1016 3645 1107 3704 regione
1124 3644 1261 3702 mumque.-

183 3706 222 3751 41.
239 3702 344 3766 Ineluta]
371 3708 471 3762 Nobilio,
496 3709 568 3764 clara,
593 3706 687 3755 Festus
720 3707 819 3772 supplet
834 3707 950 3763 Nardius,
968 3709 1088 3753 domicibo.
1122 3706 1262 3768 Utrumque

151 3769 217 3816 Raro
232 3768 297 3832 apud
316 3769 417 3818 Latinos
435 3770 571 3834 Scriptores
590 3771 625 3819 dii
645 3786 687 3819 vo·
720 3772 850 3836 imperitec
869 3770 999 3818 nonenim
1016 3771 1047 3817 de
1064 3769 1127 3818 Coeli
1143 3786 1171 3818 ae
1192 3772 1258 3818 Deo·

149 3841 236 3881 cantur
242 3835 337 3891 Inclutr',
346 3833 476 3897 aliquando
482 3843 579 3891 tamem
592 3835 626 3883 sic
635 3836 686 3883 En·
720 3853 774 3885 rum
786 3835 894 3898 regione,
904 3835 949 3883 sed
959 3844 1047 3883 natura
1056 3835 1133 3883 Poeta
1143 3835 1260 3898 disputat.

150 3898 205 3946 nius
217 3897 258 3945 lib.
272 3898 325 3946 111.
340 3899 475 3947 Annalium
488 3900 554 3962 apud
569 3900 687 3958 Nouium,
753 3903 792 3948 52.
809 3899 1059 3961 Eodem—perempta]
1072 3901 1121 3948 Eas
1138 3900 1204 3963 ipsas
1220 3916 1261 3949 rea

152 3966 212 4011 Olim
220 3965 248 4010 de
257 3965 319 4011 Coelo
325 3966 405 4011 laeoum
411 3966 477 4011 dedit
485 3966 580 4011 inclutu’
590 3969 687 4027 mgnum.
720 3973 874 4030 peremptam
897 3965 1002 4013 mutavit
1018 3975 1099 4014 autem
1116 3965 1260 4022 orationem,

181 4029 221 4075 45.
239 4026 391 4089 Memmtodo]
399 4030 527 4086 Memmius,
535 4028 583 4076 Gis.
589 4029 688 4078 frustra.
721 4039 749 4078 ut
757 4029 822 4087 alibi,
831 4045 888 4077 cum
897 4029 962 4077 enim
969 4047 1042 4093 genus
1051 4034 1172 4078 humanum
1182 4029 1260 4094 scrip-

151 4092 200 4141 His
212 4107 269 4139 vero
284 4094 320 4140 12.
333 4108 355 4139 v.
369 4092 488 4140 Memmio
499 4108 551 4151 suo,
563 4109 635 4156 quem
651 4103 687 4142 at·
721 4095 800 4153 sisset,
812 4110 870 4142 mox
881 4094 949 4143 addit
964 4113 1007 4143 eor.
1042 4096 1099 4143 Hoc
1115 4094 1189 4142 etiam
1208 4095 1259 4142 Lu-

150 4166 245 4205 tentum
256 4156 338 4205 sibiet
349 4156 480 4205 aliiscuris
491 4173 595 4206 vacuum
611 4168 688 4221 optat,
721 4159 797 4207 cretio
808 4159 933 4207 familiare.
967 4160 1026 4217 Alii,
1040 4163 1119 4208 eodem
1133 4167 1259 4220 perempta,

149 4221 237 4270 futurae
244 4221 417 4286 disputationis
423 4230 593 4284 argumentum
602 4223 687 4286 aperit,
721 4239 809 4287 nempe
821 4227 923 4283 Natura,
933 4225 1020 4289 supple
1028 4230 1133 4287 seipsam,
1142 4223 1258 4273 resolvat:

150 4286 268 4351 docetque
286 4303 313 4337 se
331 4286 512 4351 disputaturum
529 4287 560 4335 de
580 4288 643 4336 Coeli
663 4297 688 4336 et
721 4288 841 4352 imperite.
