2872 4852
220 243 286 309 sle
602 239 645 304 Τ.
678 237 949 303 LUCRETII

305 398 374 462 Cur
389 396 520 461 dubitat
534 394 653 471 iacere,
670 405 707 460 ut
721 395 883 480 possimus
898 415 1032 459 cernere
1047 394 1202 458 missum?

307 500 342 565 Si
357 499 614 583 nec-opinenteis
630 507 739 562 autem
753 496 821 561 vult
838 497 1022 581 opprimere
1037 496 1116 580 igni,

307 602 375 670 Cur
390 611 482 665 tonat
496 623 539 665 ex
552 597 605 663 illa
620 610 725 684 parte,
741 609 778 663 ut
792 600 893 663 vitare
909 600 1088 682 queamus?

308 704 376 769 Cur
392 704 544 767 tenebras
560 713 646 778 ante,
662 713 696 766 et
711 700 869 778 fremitus,
886 712 920 765 et
934 689 1099 765 murmura
1114 701 1244 765 conciti

243 821 291 868 410
350 805 396 870 Et
412 803 506 869 simul
519 805 553 868 in
567 802 685 868 multas
700 804 822 888 parteis
838 801 895 887 qul
910 803 1044 867 credere
1058 802 1164 886 possis

308 908 467 976 Mittere?
499 904 556 970 An
570 905 634 969 hoc
649 905 736 969 ausis
751 926 918 989 nunquam
933 903 1132 970 contendere
1146 901 1281 983 iactum,

310 1010 359 1074 Ut
373 1008 491 1073 fierent
503 1008 587 1071 ictus
603 1029 668 1074 uno
683 1008 746 1071 sub
761 1016 907 1089 tempore
922 1004 1056 1090 plures?

308 1100 357 1176 At
372 1134 460 1195 saepe
475 1110 515 1174 ’st
530 1131 664 1174 numero
679 1107 812 1184 factum,
828 1106 965 1192 fierique
981 1129 1115 1172 necesse
1131 1107 1181 1183 ’st,

309 1213 357 1278 Ut
372 1211 485 1297 pluere
500 1212 533 1276 in
548 1209 656 1275 multis
671 1210 871 1295 regionibus,
886 1218 920 1274 et
936 1208 1054 1274 cadere
1068 1208 1209 1284 imbreis‚

244 1329 292 1376 41⁵
310 1315 460 1380 Fulmina
475 1314 521 1378 sic
536 1334 601 1377 uno
616 1312 688 1377 fieri
704 1313 766 1376 sub
781 1322 927 1396 tempore
943 1309 1053 1375 multa.

352 1416 535 1493 Postremo,
552 1436 610 1479 cur
626 1425 738 1479 sancta
754 1412 864 1478 Derim
879 1412 1026 1488 delubra,
1043 1434 1183 1496 suasque

309 1520 456 1584 Discutit
469 1517 588 1583 infesto
602 1514 775 1601 praeclaras
790 1514 937 1580 Fulmine
951 1514 1065 1591 sedes;

309 1622 357 1687 Et
371 1623 456 1687 bene
471 1621 556 1685 facta
571 1617 682 1683 Derim
696 1618 816 1702 frangit
832 1615 1023 1681 simulacra?
1047 1617 1179 1701 suisque

308 1723 422 1788 Demit
436 1721 629 1805 imaginibus
645 1718 785 1784 violento
799 1718 930 1784 volnere
944 1719 1124 1783 honorem?

244 1841 294 1886 420
308 1824 452 1908 Altaque
468 1844 526 1889 cur
540 1821 731 1907 plerumque
747 1823 830 1906 petit
843 1820 937 1886 loca?
960 1820 1162 1905 plurimaque
1176 1819 1277 1904 hujus

308 1927 480 1993 Montibus
495 1926 529 1989 in
545 1925 677 1988 summis
691 1925 828 2008 vestigia
843 1924 1003 1988 cernimus
1018 1922 1131 2007 Ignis?

353 2028 454 2102 Quod
471 2038 632 2112 superest,
649 2024 742 2091 facile
759 2026 799 2090 ’st
814 2047 856 2090 ex
870 2025 921 2089 his
938 2047 1136 2109 cognoscere
1149 2027 1261 2103 rebus,

307 2127 512 2217 Hpqurtipue
526 2128 620 2192 Graii
634 2151 717 2213 quos
732 2129 775 2192 ab
790 2149 826 2192 re
842 2127 1084 2205 nominitdrunt

309 2233 348 2298 In
363 2255 452 2298 mare
467 2254 533 2317 qua
547 2232 635 2296 missi
650 2230 780 2295 veniant
794 2230 918 2295 ratione
935 2252 1087 2314 superne.

245 2351 293 2397 425
308 2337 397 2402 Num
411 2335 461 2413 fit,
477 2345 515 2400 ut
528 2334 691 2399 interdum
706 2344 859 2417 tanquam
875 2332 1015 2397 demissa
1029 2331 1177 2397 columna

312 2439 351 2504 Iu
366 2461 454 2503 mare
469 2438 512 2502 de
526 2435 610 2502 coelo
626 2437 815 2512 descendat,
831 2458 928 2520 quam
943 2434 1043 2499 Freta
1057 2435 1178 2499 circum

312 2541 514 2606 Fervescunt
528 2540 670 2624 graviter
686 2539 885 2622 spirantibus
901 2538 999 2602 incita
1013 2530 1143 2601 flabris:

311 2643 359 2707 Et
374 2664 577 2728 quaecunque
590 2643 625 2706 in
639 2664 679 2707 eo
694 2652 763 2706 tum
778 2651 854 2706 sunt
869 2641 1032 2727 deprensa
1047 2638 1188 2704 tumultu

310 2745 462 2828 Navigia,
477 2745 511 2808 in
526 2766 684 2809 summum
698 2745 831 2809 v'eniunt
846 2754 963 2810 vexata
976 2741 1142 2828 periclum.

224 3009 291 3060 enim
305 3010 347 3059 ille
363 3011 461 3075 Jupiter
478 3021 507 3061 ut
524 3011 644 3061 evitemus
661 3011 760 3070 fulmen,
794 3011 888 3061 scilicet
896 3020 984 3062 ventus
995 3012 1163 3070 circumactus,
1173 3020 1198 3060 et
1206 3010 1335 3077 seiuipsa

223 3083 266 3124 aut
282 3090 346 3133 non;
363 3076 385 3125 si
396 3075 462 3134 velit,
479 3091 524 3125 cur
537 3085 605 3125 tanta
620 3076 687 3125 illius
704 3077 761 3125 sub·
793 3077 1109 3140 vertigineconcitanscum
1120 3075 1187 3135 sitsi
1196 3077 1335 3140 pugnacior

224 3139 307 3198 tilitas,
326 3151 376 3190 tam
396 3141 487 3205 pernix
506 3151 594 3200 motus,
615 3150 643 3190 ut
662 3156 761 3190 sensum
794 3148 832 3190 est
853 3151 878 3189 et
897 3141 990 3191 diutius
1009 3142 1139 3199 volutatur,
1162 3141 1189 3189 in
1208 3140 1334 3190 flammam

223 3204 317 3269 fugiat?
336 3206 357 3256 si
373 3222 431 3264 non,
443 3222 487 3254 cur
500 3222 632 3264 murmure,
645 3206 760 3264 tenebris,
794 3206 851 3254 abit
870 3206 897 3254 Si
908 3215 996 3255 ventus
1006 3207 1047 3255 hic
1059 3223 1072 3255 e
1084 3205 1189 3255 nubibus
1200 3205 1333 3264 excutitur,

223 3279 269 3319 etc.
280 3281 385 3320 monete
395 3287 443 3334 qua
452 3281 522 3335 parte
531 3271 623 3320 fulmen
632 3271 758 3320 mittetur?
793 3279 818 3319 et
829 3280 896 3320 recto
906 3271 1001 3335 impetu
1012 3271 1111 3330 feratur,
1123 3279 1175 3319 tum
1187 3271 1215 3318 fit
1225 3269 1333 3328 sulmone

129 3347 131 3352 '
224 3335 321 3385 Deinde
329 3336 356 3384 iu
367 3336 485 3400 plurimas
496 3347 578 3400 partes
590 3352 638 3385 uno
651 3346 760 3400 tempore
793 3335 814 3384 si
832 3337 930 3393 nubem,
951 3351 1005 3398 quae
1024 3335 1091 3383 lenta
1108 3342 1152 3392 est,
1172 3350 1333 3399 perrumpere

222 3400 315 3449 fulmen
327 3401 457 3465 spergitur.
467 3411 492 3450 ut
502 3401 564 3450 illud
574 3402 618 3450 uui
629 3403 645 3450 J
647 3401 687 3450 ovi
699 3401 761 3450 foret
793 3414 842 3448 non
852 3401 939 3458 valeat,
952 3400 995 3448 sed
1003 3400 1117 3448 deorsum
1128 3399 1155 3447 iu
1165 3414 1233 3448 mare
1244 3410 1333 3449 exten·

223 3463 297 3513 nimis
308 3465 463 3514 laboriosum.
793 3464 842 3522 dut,
859 3464 942 3527 ibique
958 3480 1090 3528 erumpens
1105 3463 1192 3528 rapida
1210 3463 1333 3528 vertigine

255 3531 311 3577 418.
335 3531 398 3578 Bene
413 3527 483 3591 sacto
506 3532 759 3587 Deum-simulacro,
792 3529 874 3578 omnia
883 3537 1002 3591 torqueat,
1012 3539 1064 3578 mm
1073 3529 1102 3578 fit
1112 3539 1214 3593 prester,
1224 3528 1335 3578 maxims

222 3590 279 3655 eta]
302 3593 343 3641 Ad
366 3593 496 3643 ridiculum
518 3594 585 3643 istud
607 3598 661 3643 bene
682 3592 759 3656 faeta.
792 3592 961 3656 navigantium
977 3593 1068 3658 pestisr
1093 3593 1207 3656 quoniam
1224 3607 1284 3642 vero
1300 3593 1333 3643 de

222 3656 315 3711 Quanti
331 3657 398 3705 euim
415 3659 505 3707 vaenire
521 3661 648 3723 poteraut!
675 3658 760 3721 ludig-
793 3657 895 3707 fulmine
918 3657 978 3706 satis
1000 3658 1110 3717 dixisset,
1133 3660 1185 3720 jam
1208 3656 1333 3708 turbinem

222 3735 282 3768 num
299 3735 357 3769 vero
375 3722 442 3770 Deos
459 3732 554 3771 tantum
571 3723 655 3772 damni
672 3722 759 3780 facere,
793 3731 889 3771 tantum
899 3721 1013 3786 explicat,
1021 3732 1046 3771 et
1054 3722 1112 3772 inde
1120 3721 1220 3786 conjicit
1229 3722 1331 3798 (perpe-

223 3793 273 3832 tam
290 3784 413 3833 elaborem
429 3786 576 3835 simulachra
593 3787 624 3835 ad
641 3802 759 3835 canonem
792 3785 1137 3850 ramnifallor)Gussendus‚
1149 3787 1251 3851 Epium
1260 3802 1331 3851 pres·
1366 3847 1367 3850 Ἴ

223 3848 390 3912 Polycleteum
407 3859 499 3909 exacta,
517 3850 535 3899 d
551 3849 630 3909 πότοι,
647 3850 689 3899 1ιοὶ
704 3851 759 3899 hei!
793 3862 870 3900 terem
887 3867 941 3900 esse
959 3851 1103 3916 Ecuephiau
1119 3867 1169 3901 nou
1185 3851 1294 3916 igneum,
1307 3860 1334 3902 et

222 3915 307 3963 Fater.
793 3917 864 3966 docet
879 3925 1014 3980 presterem
1025 3919 1055 3966 ab
1066 3934 1091 3966 re
1103 3934 1119 3965 a
1129 3919 1218 3966 Grecis
1227 3919 1332 3966 mutn-

255 3979 310 4026 420.
334 3979 481 4040 Plurimaque
504 3977 585 4041 hujus]
611 3982 759 4043 Plurimaque
792 3990 840 4031 tum
859 3981 893 4030 ita
913 3981 970 4040 dici,
990 3997 1040 4030 non
1059 3981 1128 4044 quasi
1147 3984 1332 4043 iqssomwten,

218 4045 281 4106 plur,
293 4041 415 4102 Giianius‚
425 4043 466 4090 cui
476 4058 601 4106 uunquam
611 4044 693 4107 placet
704 4060 758 4094 ver·
792 4046 834 4095 sed
847 4047 914 4108 quasi
927 4049 1051 4107 tutantur,
1063 4061 1107 4094 seu
1124 4045 1331 4105 tumefacieutsm,

222 4123 264 4156 sus
275 4107 378 4171 integer.
792 4120 912 4174 quatenus
932 4110 1044 4159 incidens
1060 4111 1087 4159 iu
1108 4126 1175 4160 mare
1195 4119 1333 4160 tumescere

223 4224 225 4230 ,
255 4175 311 4221 422
324 4169 759 4236 Quodntperest,saeilc'st,etc.]Ful-
791 4176 874 4239 ipsum
889 4175 970 4238 cogitr
987 4173 1331 4238 reuservefauentem,quue-

221 4253 279 4286 men
301 4237 411 4302 sequitur
435 4237 552 4302 presteris
574 4237 713 4301 explicatio,
737 4255 758 4287 v.
793 4256 839 4288 nus
851 4256 937 4302 aquam
949 4239 985 4287 sic
997 4250 1140 4299 commovet,
1152 4250 1181 4289 ut
1191 4239 1268 4289 veluti
1275 4238 1330 4303 fer·

222 4304 262 4351 220.
296 4303 395 4352 Prester
411 4311 494 4352 auteur
512 4302 584 4350 turbo
602 4301 697 4365 igneus,
718 4304 759 4366 qui
792 4320 887 4362 vescere,
899 4320 943 4353 seu
954 4304 1023 4367 qussi
1035 4304 1122 4353 bullire
1135 4304 1252 4354 videntum.
