<?xml version="1.0" encoding="UTF-8"?>
<!DOCTYPE html PUBLIC "-//W3C//DTD XHTML 1.0 Transitional//EN"
    "http://www.w3.org/TR/xhtml1/DTD/xhtml1-transitional.dtd">
<html xmlns="http://www.w3.org/1999/xhtml" xml:lang="en" lang="en">
 <head>
  <title>
</title>
<meta http-equiv="Content-Type" content="text/html;charset=utf-8" />
  <meta name='ocr-system' content='tesseract 3.04.00' />
  <meta name='ocr-capabilities' content='ocr_page ocr_carea ocr_par ocr_line ocrx_word'/>
</head>
<body>
  <div class='ocr_page' id='page_1' title='image "./titilucretiicar04carugoog_0021.png"; bbox 0 0 2872 4852; ppageno 0'>
   <div class='ocr_carea' id='block_1_1' title="bbox 152 164 1263 1968">
    <p class='ocr_par' dir='ltr' id='par_1_1' title="bbox 674 164 736 236">
     <span class='ocr_line' id='line_1_1' title="bbox 674 164 736 236; baseline 0 0"><span class='ocrx_word' id='word_1_1' title='bbox 674 164 736 236; x_wconf 89' lang='lat' dir='ltr'><strong>xiii</strong></span> 
     </span>
    </p>

    <p class='ocr_par' dir='ltr' id='par_1_2' title="bbox 152 335 1263 1968">
     <span class='ocr_line' id='line_1_2' title="bbox 153 335 1261 426; baseline 0 -22"><span class='ocrx_word' id='word_1_2' title='bbox 153 349 185 404; x_wconf 85' lang='lat' dir='ltr'><strong>et</strong></span> <span class='ocrx_word' id='word_1_3' title='bbox 199 339 405 423; x_wconf 72' lang='lat' dir='ltr'><strong>aquatilem,</strong></span> <span class='ocrx_word' id='word_1_4' title='bbox 421 345 454 401; x_wconf 87' lang='lat' dir='ltr'><strong>et</strong></span> <span class='ocrx_word' id='word_1_5' title='bbox 471 335 518 403; x_wconf 88' lang='lat' dir='ltr'><strong>ud</strong></span> <span class='ocrx_word' id='word_1_6' title='bbox 538 338 728 403; x_wconf 75' lang='lat' dir='ltr'><em>hodiernam</em></span> <span class='ocrx_word' id='word_1_7' title='bbox 749 347 848 402; x_wconf 70' lang='lat' dir='ltr'><strong>terrae</strong></span> <span class='ocrx_word' id='word_1_8' title='bbox 859 336 1008 422; x_wconf 76' lang='lat' dir='ltr'><strong>smmum</strong></span> <span class='ocrx_word' id='word_1_9' title='bbox 1024 337 1180 424; x_wconf 77' lang='lat' dir='ltr'><strong>protinus</strong></span> <span class='ocrx_word' id='word_1_10' title='bbox 1200 361 1261 426; x_wconf 81' lang='lat' dir='ltr'><strong>op·</strong></span> 
     </span>
     <span class='ocr_line' id='line_1_3' title="bbox 154 454 1261 542; baseline -0.001 -20"><span class='ocrx_word' id='word_1_11' title='bbox 154 467 226 523; x_wconf 84' lang='lat' dir='ltr'><strong>ture</strong></span> <span class='ocrx_word' id='word_1_12' title='bbox 248 456 386 522; x_wconf 84' lang='lat' dir='ltr'><strong>uoluerit</strong></span> <span class='ocrx_word' id='word_1_13' title='bbox 407 477 499 521; x_wconf 85' lang='lat' dir='ltr'><strong>suom</strong></span> <span class='ocrx_word' id='word_1_14' title='bbox 525 454 785 542; x_wconf 83' lang='lat' dir='ltr'><strong>Cosmogouiom,</strong></span> <span class='ocrx_word' id='word_1_15' title='bbox 802 457 906 541; x_wconf 81' lang='lat' dir='ltr'><strong>plone</strong></span> <span class='ocrx_word' id='word_1_16' title='bbox 929 456 1056 522; x_wconf 76' lang='lat' dir='ltr'><em>excidit</em></span> <span class='ocrx_word' id='word_1_17' title='bbox 1071 458 1261 542; x_wconf 80' lang='lat' dir='ltr'><strong>proposito,</strong></span> 
     </span>
     <span class='ocr_line' id='line_1_4' title="bbox 154 575 1262 662; baseline 0 -22"><span class='ocrx_word' id='word_1_18' title='bbox 154 585 252 661; x_wconf 86' lang='lat' dir='ltr'><strong>utque</strong></span> <span class='ocrx_word' id='word_1_19' title='bbox 262 575 402 659; x_wconf 80' lang='lat' dir='ltr'><strong>frustra</strong></span> <span class='ocrx_word' id='word_1_20' title='bbox 413 575 489 661; x_wconf 81' lang='lat' dir='ltr'><strong>suit</strong></span> <span class='ocrx_word' id='word_1_21' title='bbox 498 603 510 650; x_wconf 93' lang='lat'><strong>,·</strong></span> <span class='ocrx_word' id='word_1_22' title='bbox 533 597 604 640; x_wconf 85' lang='lat' dir='ltr'><strong>cum</strong></span> <span class='ocrx_word' id='word_1_23' title='bbox 617 598 720 661; x_wconf 85' lang='lat' dir='ltr'><strong>neque</strong></span> <span class='ocrx_word' id='word_1_24' title='bbox 734 576 846 650; x_wconf 82' lang='lat' dir='ltr'><strong>muris,</strong></span> <span class='ocrx_word' id='word_1_25' title='bbox 863 597 966 661; x_wconf 85' lang='lat' dir='ltr'><strong>ueque</strong></span> <span class='ocrx_word' id='word_1_26' title='bbox 981 576 1143 654; x_wconf 81' lang='lat' dir='ltr'><strong>montium,</strong></span> <span class='ocrx_word' id='word_1_27' title='bbox 1159 598 1262 662; x_wconf 84' lang='lat' dir='ltr'><strong>oeque</strong></span> 
     </span>
     <span class='ocr_line' id='line_1_5' title="bbox 154 693 1261 782; baseline -0.004 -20"><span class='ocrx_word' id='word_1_28' title='bbox 154 693 330 762; x_wconf 79' lang='lat' dir='ltr'><strong>coriletum</strong></span> <span class='ocrx_word' id='word_1_29' title='bbox 352 702 461 770; x_wconf 75' lang='lat' dir='ltr'><strong>terrm,</strong></span> <span class='ocrx_word' id='word_1_30' title='bbox 477 702 536 758; x_wconf 83' lang='lat' dir='ltr'><strong>out</strong></span> <span class='ocrx_word' id='word_1_31' title='bbox 550 703 752 769; x_wconf 71' lang='lat' dir='ltr'><strong>ceterorum,</strong></span> <span class='ocrx_word' id='word_1_32' title='bbox 777 717 864 780; x_wconf 84' lang='lat' dir='ltr'><strong>quus.</strong></span> <span class='ocrx_word' id='word_1_33' title='bbox 882 695 916 758; x_wconf 85' lang='lat' dir='ltr'><strong>iu</strong></span> <span class='ocrx_word' id='word_1_34' title='bbox 938 694 1044 780; x_wconf 78' lang='lat' dir='ltr'><strong>ipsius</strong></span> <span class='ocrx_word' id='word_1_35' title='bbox 1055 693 1172 779; x_wconf 85' lang='lat' dir='ltr'><strong>formu</strong></span> <span class='ocrx_word' id='word_1_36' title='bbox 1187 717 1261 782; x_wconf 83' lang='lat' dir='ltr'><strong>eou-</strong></span> 
     </span>
     <span class='ocr_line' id='line_1_6' title="bbox 152 812 1261 899; baseline -0.001 -23"><span class='ocrx_word' id='word_1_37' title='bbox 152 813 319 898; x_wconf 79' lang='lat' dir='ltr'><strong>spicimus,</strong></span> <span class='ocrx_word' id='word_1_38' title='bbox 347 813 606 898; x_wconf 68' lang='lat' dir='ltr'><strong>inaequalitatum</strong></span> <span class='ocrx_word' id='word_1_39' title='bbox 633 835 754 878; x_wconf 83' lang='lat' dir='ltr'><strong>cousus</strong></span> <span class='ocrx_word' id='word_1_40' title='bbox 779 815 918 879; x_wconf 81' lang='lat' dir='ltr'><em>reddere</em></span> <span class='ocrx_word' id='word_1_41' title='bbox 937 822 1076 899; x_wconf 80' lang='lat' dir='ltr'><strong>poterut</strong></span> <span class='ocrx_word' id='word_1_42' title='bbox 1096 822 1155 877; x_wconf 86' lang='lat' dir='ltr'><strong>aut</strong></span> <span class='ocrx_word' id='word_1_43' title='bbox 1177 812 1261 877; x_wconf 85' lang='lat' dir='ltr'><strong>oeri-</strong></span> 
     </span>
     <span class='ocr_line' id='line_1_7' title="bbox 152 931 1262 1017; baseline 0.001 -22"><span class='ocrx_word' id='word_1_44' title='bbox 152 931 285 1010; x_wconf 83' lang='lat' dir='ltr'><strong>similes,</strong></span> <span class='ocrx_word' id='word_1_45' title='bbox 301 941 360 997; x_wconf 88' lang='lat' dir='ltr'><strong>uut</strong></span> <span class='ocrx_word' id='word_1_46' title='bbox 382 933 582 999; x_wconf 82' lang='lat' dir='ltr'><strong>tolerabiles.</strong></span> <span class='ocrx_word' id='word_1_47' title='bbox 628 931 792 1017; x_wconf 87' lang='lat' dir='ltr'><strong>Agnoscis</strong></span> <span class='ocrx_word' id='word_1_48' title='bbox 815 932 1037 1011; x_wconf 72' lang='lat' dir='ltr'><strong>contumeliae,</strong></span> <span class='ocrx_word' id='word_1_49' title='bbox 1053 931 1262 998; x_wconf 90' lang='lat' dir='ltr'><strong>vehementes</strong></span> 
     </span>
     <span class='ocr_line' id='line_1_8' title="bbox 152 1049 1263 1135; baseline 0.001 -21"><span class='ocrx_word' id='word_1_50' title='bbox 152 1060 186 1114; x_wconf 91' lang='lat' dir='ltr'><strong>et</strong></span> <span class='ocrx_word' id='word_1_51' title='bbox 201 1051 348 1128; x_wconf 86' lang='lat' dir='ltr'><strong>acerbas,</strong></span> <span class='ocrx_word' id='word_1_52' title='bbox 371 1074 391 1114; x_wconf 90' lang='lat' dir='ltr'><strong>a</strong></span> <span class='ocrx_word' id='word_1_53' title='bbox 413 1051 482 1115; x_wconf 91' lang='lat' dir='ltr'><strong>viro</strong></span> <span class='ocrx_word' id='word_1_54' title='bbox 506 1052 620 1135; x_wconf 92' lang='lat' dir='ltr'><strong>probo,</strong></span> <span class='ocrx_word' id='word_1_55' title='bbox 644 1049 855 1135; x_wconf 85' lang='lat' dir='ltr'><strong>intelligente,</strong></span> <span class='ocrx_word' id='word_1_56' title='bbox 872 1064 991 1116; x_wconf 87' lang='lat' dir='ltr'><strong>caetera</strong></span> <span class='ocrx_word' id='word_1_57' title='bbox 1013 1052 1164 1129; x_wconf 82' lang='lat' dir='ltr'><strong>candide,</strong></span> <span class='ocrx_word' id='word_1_58' title='bbox 1186 1072 1263 1135; x_wconf 90' lang='lat' dir='ltr'><strong>pro-</strong></span> 
     </span>
     <span class='ocr_line' id='line_1_9' title="bbox 152 1168 1262 1254; baseline 0 -22"><span class='ocrx_word' id='word_1_59' title='bbox 152 1168 261 1246; x_wconf 80' lang='lat' dir='ltr'><strong>fusas3</strong></span> <span class='ocrx_word' id='word_1_60' title='bbox 293 1171 335 1235; x_wconf 87' lang='lat' dir='ltr'><strong>ab</strong></span> <span class='ocrx_word' id='word_1_61' title='bbox 365 1169 420 1234; x_wconf 93' lang='lat' dir='ltr'><strong>illo</strong></span> <span class='ocrx_word' id='word_1_62' title='bbox 444 1170 584 1254; x_wconf 91' lang='lat' dir='ltr'><strong>denique</strong></span> <span class='ocrx_word' id='word_1_63' title='bbox 608 1170 752 1253; x_wconf 93' lang='lat' dir='ltr'><strong>quinon</strong></span> <span class='ocrx_word' id='word_1_64' title='bbox 782 1179 907 1235; x_wconf 88' lang='lat' dir='ltr'><strong>tanturn</strong></span> <span class='ocrx_word' id='word_1_65' title='bbox 933 1171 1088 1254; x_wconf 91' lang='lat' dir='ltr'><strong>quicquid</strong></span> <span class='ocrx_word' id='word_1_66' title='bbox 1116 1171 1150 1233; x_wconf 92' lang='lat' dir='ltr'><strong>in</strong></span> <span class='ocrx_word' id='word_1_67' title='bbox 1173 1168 1262 1254; x_wconf 89' lang='lat' dir='ltr'><strong>Phy-</strong></span> 
     </span>
     <span class='ocr_line' id='line_1_10' title="bbox 154 1286 1263 1373; baseline -0.002 -21"><span class='ocrx_word' id='word_1_68' title='bbox 154 1287 228 1352; x_wconf 81' lang='lat' dir='ltr'><strong>sicis</strong></span> <span class='ocrx_word' id='word_1_69' title='bbox 255 1287 411 1371; x_wconf 86' lang='lat' dir='ltr'><strong>praeclare</strong></span> <span class='ocrx_word' id='word_1_70' title='bbox 443 1288 536 1365; x_wconf 82' lang='lat' dir='ltr'><strong>dixit,</strong></span> <span class='ocrx_word' id='word_1_71' title='bbox 568 1288 627 1352; x_wconf 90' lang='lat' dir='ltr'><strong>sed</strong></span> <span class='ocrx_word' id='word_1_72' title='bbox 657 1287 856 1353; x_wconf 88' lang='lat' dir='ltr'><strong>Scommata¹</strong></span> <span class='ocrx_word' id='word_1_73' title='bbox 884 1289 947 1352; x_wconf 88' lang='lat' dir='ltr'><strong>ista</strong></span> <span class='ocrx_word' id='word_1_74' title='bbox 971 1290 1089 1373; x_wconf 91' lang='lat' dir='ltr'><strong>quibus</strong></span> <span class='ocrx_word' id='word_1_75' title='bbox 1116 1299 1182 1352; x_wconf 88' lang='lat' dir='ltr'><strong>tam</strong></span> <span class='ocrx_word' id='word_1_76' title='bbox 1207 1286 1263 1350; x_wconf 87' lang='lat' dir='ltr'><strong>fri-</strong></span> 
     </span>
     <span class='ocr_line' id='line_1_11' title="bbox 153 1402 1263 1490; baseline -0.001 -21"><span class='ocrx_word' id='word_1_77' title='bbox 153 1405 241 1490; x_wconf 88' lang='lat' dir='ltr'><strong>gide,</strong></span> <span class='ocrx_word' id='word_1_78' title='bbox 266 1415 300 1470; x_wconf 92' lang='lat' dir='ltr'><strong>et</strong></span> <span class='ocrx_word' id='word_1_79' title='bbox 322 1403 521 1469; x_wconf 81' lang='lat' dir='ltr'><strong>illiberaliter</strong></span> <span class='ocrx_word' id='word_1_80' title='bbox 545 1402 651 1469; x_wconf 90' lang='lat' dir='ltr'><strong>illudit</strong></span> <span class='ocrx_word' id='word_1_81' title='bbox 678 1427 778 1470; x_wconf 85' lang='lat' dir='ltr'><strong>sacrae</strong></span> <span class='ocrx_word' id='word_1_82' title='bbox 803 1405 909 1470; x_wconf 91' lang='lat' dir='ltr'><strong>Mosis</strong></span> <span class='ocrx_word' id='word_1_83' title='bbox 933 1405 1089 1483; x_wconf 87' lang='lat' dir='ltr'><strong>historiae,</strong></span> <span class='ocrx_word' id='word_1_84' title='bbox 1113 1406 1155 1470; x_wconf 92' lang='lat' dir='ltr'><strong>ab</strong></span> <span class='ocrx_word' id='word_1_85' title='bbox 1181 1404 1263 1489; x_wconf 89' lang='lat' dir='ltr'><strong>Epi-</strong></span> 
     </span>
     <span class='ocr_line' id='line_1_12' title="bbox 154 1500 1263 1619; baseline -0.002 -29"><span class='ocrx_word' id='word_1_86' title='bbox 154 1547 233 1591; x_wconf 88' lang='lat' dir='ltr'><strong>curo</strong></span> <span class='ocrx_word' id='word_1_87' title='bbox 247 1500 429 1610; x_wconf 38' lang='lat' dir='ltr'><strong>&#39;accepisse</strong></span> <span class='ocrx_word' id='word_1_88' title='bbox 458 1524 624 1589; x_wconf 89' lang='lat' dir='ltr'><strong>videatur:</strong></span> <span class='ocrx_word' id='word_1_89' title='bbox 673 1547 790 1608; x_wconf 90' lang='lat' dir='ltr'><strong>nempe</strong></span> <span class='ocrx_word' id='word_1_90' title='bbox 820 1548 894 1619; x_wconf 86' lang='lat' dir='ltr'><strong>curn</strong></span> <span class='ocrx_word' id='word_1_91' title='bbox 923 1526 1106 1590; x_wconf 87' lang='lat' dir='ltr'><strong>decreverit</strong></span> <span class='ocrx_word' id='word_1_92' title='bbox 1135 1537 1263 1589; x_wconf 86' lang='lat' dir='ltr'><strong>vastare</strong></span> 
     </span>
     <span class='ocr_line' id='line_1_13' title="bbox 153 1642 1263 1729; baseline -0.001 -21"><span class='ocrx_word' id='word_1_93' title='bbox 153 1644 296 1722; x_wconf 85' lang='lat' dir='ltr'><strong>hortum,</strong></span> <span class='ocrx_word' id='word_1_94' title='bbox 320 1642 467 1709; x_wconf 84' lang='lat' dir='ltr'><strong>salubres</strong></span> <span class='ocrx_word' id='word_1_95' title='bbox 492 1642 585 1708; x_wconf 91' lang='lat' dir='ltr'><strong>simul</strong></span> <span class='ocrx_word' id='word_1_96' title='bbox 606 1645 786 1729; x_wconf 89' lang='lat' dir='ltr'><strong>noxiasque</strong></span> <span class='ocrx_word' id='word_1_97' title='bbox 809 1644 929 1709; x_wconf 90' lang='lat' dir='ltr'><strong>herbas</strong></span> <span class='ocrx_word' id='word_1_98' title='bbox 952 1643 1080 1718; x_wconf 87' lang='lat' dir='ltr'><strong>evulsit,</strong></span> <span class='ocrx_word' id='word_1_99' title='bbox 1102 1654 1136 1708; x_wconf 92' lang='lat' dir='ltr'><strong>et</strong></span> <span class='ocrx_word' id='word_1_100' title='bbox 1158 1654 1263 1709; x_wconf 90' lang='lat' dir='ltr'><strong>trans-</strong></span> 
     </span>
     <span class='ocr_line' id='line_1_14' title="bbox 153 1761 1263 1849; baseline -0.004 -19"><span class='ocrx_word' id='word_1_101' title='bbox 153 1761 227 1831; x_wconf 89' lang='lat' dir='ltr'><strong>tulit</strong></span> <span class='ocrx_word' id='word_1_102' title='bbox 248 1764 282 1828; x_wconf 91' lang='lat' dir='ltr'><strong>in</strong></span> <span class='ocrx_word' id='word_1_103' title='bbox 299 1786 368 1828; x_wconf 89' lang='lat' dir='ltr'><strong>sua.</strong></span> <span class='ocrx_word' id='word_1_104' title='bbox 415 1762 511 1840; x_wconf 85' lang='lat' dir='ltr'><strong>Haec,</strong></span> <span class='ocrx_word' id='word_1_105' title='bbox 536 1764 614 1841; x_wconf 88' lang='lat' dir='ltr'><strong>scio,</strong></span> <span class='ocrx_word' id='word_1_106' title='bbox 637 1786 725 1849; x_wconf 82' lang='lat' dir='ltr'><strong>aegre</strong></span> <span class='ocrx_word' id='word_1_107' title='bbox 747 1763 844 1843; x_wconf 83' lang='lat' dir='ltr'><strong>feres,</strong></span> <span class='ocrx_word' id='word_1_108' title='bbox 869 1764 979 1849; x_wconf 85' lang='lat' dir='ltr'><strong>accipe</strong></span> <span class='ocrx_word' id='word_1_109' title='bbox 1002 1763 1101 1848; x_wconf 90' lang='lat' dir='ltr'><strong>igitur</strong></span> <span class='ocrx_word' id='word_1_110' title='bbox 1123 1761 1263 1840; x_wconf 89' lang='lat' dir='ltr'><strong>tabulas,</strong></span> 
     </span>
     <span class='ocr_line' id='line_1_15' title="bbox 154 1881 981 1968; baseline 0.001 -23"><span class='ocrx_word' id='word_1_111' title='bbox 154 1891 187 1946; x_wconf 84' lang='lat' dir='ltr'><strong>et</strong></span> <span class='ocrx_word' id='word_1_112' title='bbox 202 1882 372 1967; x_wconf 87' lang='lat' dir='ltr'><strong>utriusque</strong></span> <span class='ocrx_word' id='word_1_113' title='bbox 387 1881 583 1967; x_wconf 90' lang='lat' dir='ltr'><strong>Philosophi</strong></span> <span class='ocrx_word' id='word_1_114' title='bbox 598 1882 751 1968; x_wconf 83' lang='lat' dir='ltr'><strong>dogmata</strong></span> <span class='ocrx_word' id='word_1_115' title='bbox 766 1882 981 1948; x_wconf 81' lang='lat' dir='ltr'><strong>conferamus.</strong></span> 
     </span>
    </p>
   </div>
   <div class='ocr_carea' id='block_1_2' title="bbox 197 1999 1291 2087">
    <p class='ocr_par' dir='ltr' id='par_1_3' title="bbox 197 1999 1291 2087">
     <span class='ocr_line' id='line_1_16' title="bbox 197 1999 1291 2087; baseline 0 -23"><span class='ocrx_word' id='word_1_116' title='bbox 197 1999 252 2065; x_wconf 94' lang='lat' dir='ltr'><strong>De</strong></span> <span class='ocrx_word' id='word_1_117' title='bbox 276 2000 369 2065; x_wconf 88' lang='lat' dir='ltr'><strong>Chao</strong></span> <span class='ocrx_word' id='word_1_118' title='bbox 391 2023 456 2064; x_wconf 91' lang='lat' dir='ltr'><strong>non</strong></span> <span class='ocrx_word' id='word_1_119' title='bbox 479 2012 546 2065; x_wconf 89' lang='lat' dir='ltr'><strong>tam</strong></span> <span class='ocrx_word' id='word_1_120' title='bbox 568 2000 682 2066; x_wconf 88' lang='lat' dir='ltr'><strong>similia</strong></span> <span class='ocrx_word' id='word_1_121' title='bbox 705 2003 818 2067; x_wconf 90' lang='lat' dir='ltr'><strong>dicunt</strong></span> <span class='ocrx_word' id='word_1_122' title='bbox 841 2025 938 2087; x_wconf 91' lang='lat' dir='ltr'><strong>quam</strong></span> <span class='ocrx_word' id='word_1_123' title='bbox 960 2002 1092 2066; x_wconf 90' lang='lat' dir='ltr'><strong>eadem:</strong></span> <span class='ocrx_word' id='word_1_124' title='bbox 1126 2011 1265 2084; x_wconf 87' lang='lat' dir='ltr'><strong>uterque</strong></span> <span class='ocrx_word' id='word_1_125' title='bbox 1288 2021 1291 2028; x_wconf 91' lang='grc'><strong><em>·</em></strong></span> 
     </span>
    </p>
   </div>
   <div class='ocr_carea' id='block_1_3' title="bbox 87 2118 1267 4104">
    <p class='ocr_par' dir='ltr' id='par_1_4' title="bbox 87 2118 1267 4104">
     <span class='ocr_line' id='line_1_17' title="bbox 87 2118 1267 2204; baseline -0.002 -20"><span class='ocrx_word' id='word_1_126' title='bbox 87 2181 88 2184; x_wconf 74' lang='grc'>,</span> <span class='ocrx_word' id='word_1_127' title='bbox 154 2119 302 2202; x_wconf 85' lang='lat' dir='ltr'><strong>agnoscit</strong></span> <span class='ocrx_word' id='word_1_128' title='bbox 350 2119 545 2204; x_wconf 86' lang='lat' dir='ltr'><strong>indigestam</strong></span> <span class='ocrx_word' id='word_1_129' title='bbox 595 2119 828 2204; x_wconf 88' lang='lat' dir='ltr'><strong>particularum</strong></span> <span class='ocrx_word' id='word_1_130' title='bbox 873 2121 1056 2204; x_wconf 86' lang='lat' dir='ltr'><strong>congeriem</strong></span> <span class='ocrx_word' id='word_1_131' title='bbox 1108 2118 1267 2184; x_wconf 87' lang='lat' dir='ltr'><strong>multifor-</strong></span> 
     </span>
     <span class='ocr_line' id='line_1_18' title="bbox 154 2238 1266 2324; baseline 0.001 -24"><span class='ocrx_word' id='word_1_132' title='bbox 154 2238 263 2315; x_wconf 85' lang='lat' dir='ltr'><strong>mium,</strong></span> <span class='ocrx_word' id='word_1_133' title='bbox 287 2239 530 2322; x_wconf 84' lang='lat' dir='ltr'><strong>magnitudinis,</strong></span> <span class='ocrx_word' id='word_1_134' title='bbox 562 2239 781 2324; x_wconf 89' lang='lat' dir='ltr'><strong>ponderisque</strong></span> <span class='ocrx_word' id='word_1_135' title='bbox 805 2239 985 2323; x_wconf 85' lang='lat' dir='ltr'><strong>inaequalis,</strong></span> <span class='ocrx_word' id='word_1_136' title='bbox 1016 2239 1175 2323; x_wconf 88' lang='lat' dir='ltr'><strong>gravitate</strong></span> <span class='ocrx_word' id='word_1_137' title='bbox 1206 2261 1266 2302; x_wconf 84' lang='lat' dir='ltr'><strong>sua</strong></span> 
     </span>
     <span class='ocr_line' id='line_1_19' title="bbox 155 2355 1264 2441; baseline 0.001 -24"><span class='ocrx_word' id='word_1_138' title='bbox 155 2355 308 2418; x_wconf 93' lang='lat' dir='ltr'><strong>deorsum</strong></span> <span class='ocrx_word' id='word_1_139' title='bbox 329 2355 550 2434; x_wconf 90' lang='lat' dir='ltr'><strong>tendentium;</strong></span> <span class='ocrx_word' id='word_1_140' title='bbox 574 2359 634 2420; x_wconf 83' lang='lat' dir='ltr'><strong>sed</strong></span> <span class='ocrx_word' id='word_1_141' title='bbox 651 2357 772 2420; x_wconf 83' lang='lat' dir='ltr'><strong>nullam</strong></span> <span class='ocrx_word' id='word_1_142' title='bbox 788 2378 920 2420; x_wconf 83' lang='lat' dir='ltr'><strong>causum</strong></span> <span class='ocrx_word' id='word_1_143' title='bbox 942 2356 1131 2419; x_wconf 82' lang='lat' dir='ltr'><strong>Desceusus</strong></span> <span class='ocrx_word' id='word_1_144' title='bbox 1147 2356 1264 2441; x_wconf 81' lang='lat' dir='ltr'><strong>posuit</strong></span> 
     </span>
     <span class='ocr_line' id='line_1_20' title="bbox 155 2470 1266 2558; baseline -0.003 -20"><span class='ocrx_word' id='word_1_145' title='bbox 155 2472 349 2558; x_wconf 80' lang='lat' dir='ltr'><strong>Epicurus:</strong></span> <span class='ocrx_word' id='word_1_146' title='bbox 380 2474 474 2557; x_wconf 89' lang='lat' dir='ltr'><strong>quasi</strong></span> <span class='ocrx_word' id='word_1_147' title='bbox 499 2472 577 2558; x_wconf 91' lang='lat' dir='ltr'><strong>lpse</strong></span> <span class='ocrx_word' id='word_1_148' title='bbox 601 2473 741 2558; x_wconf 87' lang='lat' dir='ltr'><strong>aliquam</strong></span> <span class='ocrx_word' id='word_1_149' title='bbox 767 2470 958 2558; x_wconf 90' lang='lat' dir='ltr'><strong>protulerit;</strong></span> <span class='ocrx_word' id='word_1_150' title='bbox 992 2472 1122 2536; x_wconf 83' lang='lat' dir='ltr'><strong>Motum</strong></span> <span class='ocrx_word' id='word_1_151' title='bbox 1150 2472 1266 2537; x_wconf 84' lang='lat' dir='ltr'><strong>Decli-</strong></span> 
     </span>
     <span class='ocr_line' id='line_1_21' title="bbox 156 2590 1266 2678; baseline -0.001 -24"><span class='ocrx_word' id='word_1_152' title='bbox 156 2591 298 2656; x_wconf 82' lang='lat' dir='ltr'><strong>nute&#39;ouis</strong></span> <span class='ocrx_word' id='word_1_153' title='bbox 322 2592 393 2656; x_wconf 81' lang='lat' dir='ltr'><strong>sine</strong></span> <span class='ocrx_word' id='word_1_154' title='bbox 417 2615 530 2670; x_wconf 87' lang='lat' dir='ltr'><strong>cuusu,</strong></span> <span class='ocrx_word' id='word_1_155' title='bbox 556 2594 645 2678; x_wconf 84' lang='lat' dir='ltr'><strong>quod</strong></span> <span class='ocrx_word' id='word_1_156' title='bbox 665 2602 716 2658; x_wconf 84' lang='lat' dir='ltr'><strong>est</strong></span> <span class='ocrx_word' id='word_1_157' title='bbox 739 2594 773 2658; x_wconf 83' lang='lat' dir='ltr'><strong>iu</strong></span> <span class='ocrx_word' id='word_1_158' title='bbox 795 2592 952 2677; x_wconf 72' lang='lat' dir='ltr'><strong>Physicis</strong></span> <span class='ocrx_word' id='word_1_159' title='bbox 977 2590 1197 2676; x_wconf 80' lang='lat' dir='ltr'><strong>turpissimum</strong></span> <span class='ocrx_word' id='word_1_160' title='bbox 1216 2590 1266 2654; x_wconf 85' lang='lat' dir='ltr'><strong>iu-</strong></span> 
     </span>
     <span class='ocr_line' id='line_1_22' title="bbox 156 2708 1266 2798; baseline -0.001 -24"><span class='ocrx_word' id='word_1_161' title='bbox 156 2711 273 2785; x_wconf 81' lang='lat' dir='ltr'><strong>duuit,·</strong></span> <span class='ocrx_word' id='word_1_162' title='bbox 302 2733 363 2776; x_wconf 91' lang='lat' dir='ltr'><strong>nec</strong></span> <span class='ocrx_word' id='word_1_163' title='bbox 388 2712 493 2776; x_wconf 90' lang='lat' dir='ltr'><strong>minus</strong></span> <span class='ocrx_word' id='word_1_164' title='bbox 516 2724 612 2797; x_wconf 89' lang='lat' dir='ltr'><strong>turpe</strong></span> <span class='ocrx_word' id='word_1_165' title='bbox 632 2711 735 2798; x_wconf 88' lang='lat' dir='ltr'><strong>figere</strong></span> <span class='ocrx_word' id='word_1_166' title='bbox 756 2713 789 2775; x_wconf 92' lang='lat' dir='ltr'><strong>in</strong></span> <span class='ocrx_word' id='word_1_167' title='bbox 810 2710 914 2787; x_wconf 89' lang='lat' dir='ltr'><strong>Chao,</strong></span> <span class='ocrx_word' id='word_1_168' title='bbox 935 2708 1097 2794; x_wconf 89' lang='lat' dir='ltr'><strong>indigesta</strong></span> <span class='ocrx_word' id='word_1_169' title='bbox 1122 2710 1266 2794; x_wconf 84' lang='lat' dir='ltr'><strong>particu-</strong></span> 
     </span>
     <span class='ocr_line' id='line_1_23' title="bbox 155 2827 1263 2914; baseline -0.001 -22"><span class='ocrx_word' id='word_1_170' title='bbox 155 2827 260 2893; x_wconf 89' lang='lat' dir='ltr'><strong>larum</strong></span> <span class='ocrx_word' id='word_1_171' title='bbox 288 2831 439 2914; x_wconf 84' lang='lat' dir='ltr'><strong>congerie</strong></span> <span class='ocrx_word' id='word_1_172' title='bbox 477 2841 597 2896; x_wconf 90' lang='lat' dir='ltr'><strong>temere</strong></span> <span class='ocrx_word' id='word_1_173' title='bbox 627 2830 888 2906; x_wconf 85' lang='lat' dir='ltr'><strong>discurrentium,</strong></span> <span class='ocrx_word' id='word_1_174' title='bbox 928 2828 1085 2893; x_wconf 89' lang='lat' dir='ltr'><strong>Centrum</strong></span> <span class='ocrx_word' id='word_1_175' title='bbox 1120 2827 1263 2912; x_wconf 90' lang='lat' dir='ltr'><strong>aliquod,</strong></span> 
     </span>
     <span class='ocr_line' id='line_1_24' title="bbox 157 2946 1265 3032; baseline -0.002 -20"><span class='ocrx_word' id='word_1_176' title='bbox 157 2970 223 3032; x_wconf 92' lang='lat' dir='ltr'><strong>quo</strong></span> <span class='ocrx_word' id='word_1_177' title='bbox 248 2959 363 3032; x_wconf 89' lang='lat' dir='ltr'><strong>sponte</strong></span> <span class='ocrx_word' id='word_1_178' title='bbox 388 2971 447 3012; x_wconf 89' lang='lat' dir='ltr'><strong>sua</strong></span> <span class='ocrx_word' id='word_1_179' title='bbox 469 2949 568 3013; x_wconf 88' lang='lat' dir='ltr'><strong>bruta</strong></span> <span class='ocrx_word' id='word_1_180' title='bbox 589 2959 623 3014; x_wconf 91' lang='lat' dir='ltr'><strong>et</strong></span> <span class='ocrx_word' id='word_1_181' title='bbox 646 2950 733 3013; x_wconf 91' lang='lat' dir='ltr'><strong>iners</strong></span> <span class='ocrx_word' id='word_1_182' title='bbox 757 2947 898 3012; x_wconf 88' lang='lat' dir='ltr'><strong>Materia</strong></span> <span class='ocrx_word' id='word_1_183' title='bbox 919 2946 1054 3012; x_wconf 87' lang='lat' dir='ltr'><strong>feratur.</strong></span> <span class='ocrx_word' id='word_1_184' title='bbox 1100 2947 1265 3010; x_wconf 77' lang='lat' dir='ltr'><strong>Membra-</strong></span> 
     </span>
     <span class='ocr_line' id='line_1_25' title="bbox 157 3065 1265 3157; baseline -0.002 -25"><span class='ocrx_word' id='word_1_185' title='bbox 157 3089 232 3132; x_wconf 81' lang='lat' dir='ltr'><strong>nom</strong></span> <span class='ocrx_word' id='word_1_186' title='bbox 259 3066 424 3157; x_wconf 81' lang='lat' dir='ltr'><strong>Leucippi</strong></span> <span class='ocrx_word' id='word_1_187' title='bbox 446 3067 626 3154; x_wconf 69' lang='lat' dir='ltr'><strong>praeteriit,</strong></span> <span class='ocrx_word' id='word_1_188' title='bbox 660 3067 785 3152; x_wconf 87' lang='lat' dir='ltr'><strong>grande</strong></span> <span class='ocrx_word' id='word_1_189' title='bbox 821 3065 885 3131; x_wconf 89' lang='lat' dir='ltr'><strong>hoc</strong></span> <span class='ocrx_word' id='word_1_190' title='bbox 907 3066 1046 3149; x_wconf 69' lang='lat' dir='ltr'><strong>‘quidem</strong></span> <span class='ocrx_word' id='word_1_191' title='bbox 1076 3065 1200 3129; x_wconf 86' lang='lat' dir='ltr'><strong>facinus</strong></span> <span class='ocrx_word' id='word_1_192' title='bbox 1231 3075 1265 3130; x_wconf 85' lang='lat' dir='ltr'><strong>et</strong></span> 
     </span>
     <span class='ocr_line' id='line_1_26' title="bbox 156 3185 1265 3270; baseline -0.002 -20"><span class='ocrx_word' id='word_1_193' title='bbox 156 3185 394 3270; x_wconf 84' lang='lat' dir='ltr'><strong>inexcusabile:</strong></span> <span class='ocrx_word' id='word_1_194' title='bbox 429 3208 544 3270; x_wconf 90' lang='lat' dir='ltr'><strong>nempe</strong></span> <span class='ocrx_word' id='word_1_195' title='bbox 570 3185 731 3270; x_wconf 87' lang='lat' dir='ltr'><strong>simplices</strong></span> <span class='ocrx_word' id='word_1_196' title='bbox 758 3185 896 3250; x_wconf 92' lang='lat' dir='ltr'><strong>Atomos</strong></span> <span class='ocrx_word' id='word_1_197' title='bbox 921 3185 954 3248; x_wconf 93' lang='lat' dir='ltr'><strong>in</strong></span> <span class='ocrx_word' id='word_1_198' title='bbox 978 3185 1117 3269; x_wconf 89' lang='lat' dir='ltr'><strong>pingues</strong></span> <span class='ocrx_word' id='word_1_199' title='bbox 1142 3195 1175 3248; x_wconf 94' lang='lat' dir='ltr'><strong>et</strong></span> <span class='ocrx_word' id='word_1_200' title='bbox 1199 3207 1265 3249; x_wconf 87' lang='lat' dir='ltr'><strong>ma·</strong></span> 
     </span>
     <span class='ocr_line' id='line_1_27' title="bbox 157 3304 1265 3389; baseline -0.001 -18"><span class='ocrx_word' id='word_1_201' title='bbox 157 3329 229 3372; x_wconf 89' lang='lat' dir='ltr'><strong>cras</strong></span> <span class='ocrx_word' id='word_1_202' title='bbox 258 3328 323 3370; x_wconf 94' lang='lat' dir='ltr'><strong>non</strong></span> <span class='ocrx_word' id='word_1_203' title='bbox 345 3306 464 3383; x_wconf 90' lang='lat' dir='ltr'><strong>divisit,</strong></span> <span class='ocrx_word' id='word_1_204' title='bbox 489 3329 554 3369; x_wconf 90' lang='lat' dir='ltr'><strong>non</strong></span> <span class='ocrx_word' id='word_1_205' title='bbox 579 3306 690 3370; x_wconf 91' lang='lat' dir='ltr'><strong>docuit</strong></span> <span class='ocrx_word' id='word_1_206' title='bbox 713 3327 835 3389; x_wconf 89' lang='lat' dir='ltr'><strong>aqueas</strong></span> <span class='ocrx_word' id='word_1_207' title='bbox 859 3305 1064 3387; x_wconf 88' lang='lat' dir='ltr'><strong>pinguesque</strong></span> <span class='ocrx_word' id='word_1_208' title='bbox 1089 3304 1265 3386; x_wconf 88' lang='lat' dir='ltr'><strong>particulas</strong></span> 
     </span>
     <span class='ocr_line' id='line_1_28' title="bbox 158 3420 1264 3507; baseline 0.002 -22"><span class='ocrx_word' id='word_1_209' title='bbox 158 3424 368 3487; x_wconf 86' lang='lat' dir='ltr'><strong>terrestribus</strong></span> <span class='ocrx_word' id='word_1_210' title='bbox 384 3435 417 3488; x_wconf 92' lang='lat' dir='ltr'><strong>et</strong></span> <span class='ocrx_word' id='word_1_211' title='bbox 439 3426 555 3488; x_wconf 82' lang='lat' dir='ltr'><strong>macris</strong></span> <span class='ocrx_word' id='word_1_212' title='bbox 570 3435 736 3507; x_wconf 90' lang='lat' dir='ltr'><strong>utcunque</strong></span> <span class='ocrx_word' id='word_1_213' title='bbox 759 3421 895 3485; x_wconf 90' lang='lat' dir='ltr'><strong>leviores</strong></span> <span class='ocrx_word' id='word_1_214' title='bbox 915 3420 1051 3485; x_wconf 90' lang='lat' dir='ltr'><strong>celerius</strong></span> <span class='ocrx_word' id='word_1_215' title='bbox 1075 3422 1264 3501; x_wconf 89' lang='lat' dir='ltr'><strong>subsidere;</strong></span> 
     </span>
     <span class='ocr_line' id='line_1_29' title="bbox 160 3538 1266 3626; baseline 0.002 -22"><span class='ocrx_word' id='word_1_216' title='bbox 160 3541 300 3625; x_wconf 89' lang='lat' dir='ltr'><strong>denique</strong></span> <span class='ocrx_word' id='word_1_217' title='bbox 322 3563 387 3605; x_wconf 92' lang='lat' dir='ltr'><strong>non</strong></span> <span class='ocrx_word' id='word_1_218' title='bbox 409 3542 642 3606; x_wconf 88' lang='lat' dir='ltr'><strong>demonstravit</strong></span> <span class='ocrx_word' id='word_1_219' title='bbox 662 3562 781 3624; x_wconf 92' lang='lat' dir='ltr'><strong>corpus</strong></span> <span class='ocrx_word' id='word_1_220' title='bbox 806 3538 944 3603; x_wconf 90' lang='lat' dir='ltr'><strong>solidum</strong></span> <span class='ocrx_word' id='word_1_221' title='bbox 967 3551 1000 3604; x_wconf 91' lang='lat' dir='ltr'><strong>et</strong></span> <span class='ocrx_word' id='word_1_222' title='bbox 1025 3563 1122 3624; x_wconf 88' lang='lat' dir='ltr'><strong>grave</strong></span> <span class='ocrx_word' id='word_1_223' title='bbox 1152 3543 1266 3626; x_wconf 89' lang='lat' dir='ltr'><strong>pingui</strong></span> 
     </span>
     <span class='ocr_line' id='line_1_30' title="bbox 158 3657 1265 3746; baseline -0.002 -22"><span class='ocrx_word' id='word_1_224' title='bbox 158 3658 276 3745; x_wconf 91' lang='lat' dir='ltr'><strong>liquori</strong></span> <span class='ocrx_word' id='word_1_225' title='bbox 303 3661 447 3726; x_wconf 88' lang='lat' dir='ltr'><strong>insidens</strong></span> <span class='ocrx_word' id='word_1_226' title='bbox 475 3685 570 3746; x_wconf 87' lang='lat' dir='ltr'><strong>aquae</strong></span> <span class='ocrx_word' id='word_1_227' title='bbox 599 3660 701 3725; x_wconf 91' lang='lat' dir='ltr'><strong>multo</strong></span> <span class='ocrx_word' id='word_1_228' title='bbox 728 3657 842 3723; x_wconf 89' lang='lat' dir='ltr'><strong>leviori</strong></span> <span class='ocrx_word' id='word_1_229' title='bbox 870 3660 1016 3723; x_wconf 89' lang='lat' dir='ltr'><strong>innatare</strong></span> <span class='ocrx_word' id='word_1_230' title='bbox 1045 3680 1161 3743; x_wconf 90' lang='lat' dir='ltr'><strong>posse:</strong></span> <span class='ocrx_word' id='word_1_231' title='bbox 1193 3658 1265 3723; x_wconf 89' lang='lat' dir='ltr'><strong>haec</strong></span> 
     </span>
     <span class='ocr_line' id='line_1_31' title="bbox 159 3778 1266 3865; baseline 0 -23"><span class='ocrx_word' id='word_1_232' title='bbox 159 3789 235 3843; x_wconf 91' lang='lat' dir='ltr'><strong>sunt</strong></span> <span class='ocrx_word' id='word_1_233' title='bbox 259 3802 333 3863; x_wconf 84' lang='lat' dir='ltr'><strong>quae</strong></span> <span class='ocrx_word' id='word_1_234' title='bbox 355 3781 387 3844; x_wconf 95' lang='lat' dir='ltr'><strong>in</strong></span> <span class='ocrx_word' id='word_1_235' title='bbox 418 3780 664 3865; x_wconf 91' lang='lat' dir='ltr'><strong>Philosophiam</strong></span> <span class='ocrx_word' id='word_1_236' title='bbox 690 3779 848 3844; x_wconf 90' lang='lat' dir='ltr'><strong>commisit</strong></span> <span class='ocrx_word' id='word_1_237' title='bbox 871 3778 1048 3863; x_wconf 90' lang='lat' dir='ltr'><strong>Epicurus,</strong></span> <span class='ocrx_word' id='word_1_238' title='bbox 1073 3802 1147 3843; x_wconf 93' lang='lat' dir='ltr'><strong>cum</strong></span> <span class='ocrx_word' id='word_1_239' title='bbox 1177 3778 1266 3842; x_wconf 91' lang='lat' dir='ltr'><strong>Leu-</strong></span> 
     </span>
     <span class='ocr_line' id='line_1_32' title="bbox 158 3897 1266 3983; baseline 0 -22"><span class='ocrx_word' id='word_1_240' title='bbox 158 3899 247 3983; x_wconf 89' lang='lat' dir='ltr'><strong>cippi</strong></span> <span class='ocrx_word' id='word_1_241' title='bbox 282 3901 500 3965; x_wconf 89' lang='lat' dir='ltr'><strong>membranam</strong></span> <span class='ocrx_word' id='word_1_242' title='bbox 536 3899 703 3983; x_wconf 85' lang='lat' dir='ltr'><strong>praeteriit.</strong></span> <span class='ocrx_word' id='word_1_243' title='bbox 769 3897 836 3962; x_wconf 90' lang='lat' dir='ltr'><strong>Sed</strong></span> <span class='ocrx_word' id='word_1_244' title='bbox 873 3920 976 3983; x_wconf 85' lang='lat' dir='ltr'><strong>oeque</strong></span> <span class='ocrx_word' id='word_1_245' title='bbox 1012 3898 1125 3974; x_wconf 84' lang='lat' dir='ltr'><strong>moris,</strong></span> <span class='ocrx_word' id='word_1_246' title='bbox 1162 3919 1266 3981; x_wconf 85' lang='lat' dir='ltr'><strong>aeque</strong></span> 
     </span>
     <span class='ocr_line' id='line_1_33' title="bbox 159 4015 1266 4104; baseline -0.005 -21"><span class='ocrx_word' id='word_1_247' title='bbox 159 4020 321 4096; x_wconf 84' lang='lat' dir='ltr'><strong>montium,</strong></span> <span class='ocrx_word' id='word_1_248' title='bbox 338 4041 440 4104; x_wconf 84' lang='lat' dir='ltr'><strong>oeque</strong></span> <span class='ocrx_word' id='word_1_249' title='bbox 456 4020 632 4084; x_wconf 82' lang='lat' dir='ltr'><strong>novitatum</strong></span> <span class='ocrx_word' id='word_1_250' title='bbox 648 4027 756 4095; x_wconf 84' lang='lat' dir='ltr'><strong>terrce,</strong></span> <span class='ocrx_word' id='word_1_251' title='bbox 773 4025 831 4081; x_wconf 84' lang='lat' dir='ltr'><strong>ord</strong></span> <span class='ocrx_word' id='word_1_252' title='bbox 847 4025 1039 4084; x_wconf 77' lang='lat' dir='ltr'><strong>craterarum</strong></span> <span class='ocrx_word' id='word_1_253' title='bbox 1055 4039 1138 4101; x_wconf 84' lang='lat' dir='ltr'><strong>quus</strong></span> <span class='ocrx_word' id='word_1_254' title='bbox 1161 4016 1194 4079; x_wconf 87' lang='lat' dir='ltr'><strong>iu</strong></span> <span class='ocrx_word' id='word_1_255' title='bbox 1217 4015 1266 4099; x_wconf 75' lang='lat' dir='ltr'><strong>tp-</strong></span> 
     </span>
    </p>
   </div>
   <div class='ocr_carea' id='block_1_4' title="bbox 161 4196 1266 4350">
    <p class='ocr_par' dir='ltr' id='par_1_5' title="bbox 161 4196 1266 4350">
     <span class='ocr_line' id='line_1_34' title="bbox 194 4196 1266 4269; baseline -0.008 -17"><span class='ocrx_word' id='word_1_256' title='bbox 194 4204 201 4235; x_wconf 90' lang='lat'>¹</span> <span class='ocrx_word' id='word_1_257' title='bbox 215 4206 337 4268; x_wconf 86' lang='lat' dir='ltr'><strong>Compara</strong></span> <span class='ocrx_word' id='word_1_258' title='bbox 349 4204 548 4269; x_wconf 82' lang='lat' dir='ltr'><strong>Disputationem</strong></span> <span class='ocrx_word' id='word_1_259' title='bbox 560 4203 650 4252; x_wconf 87' lang='lat' dir='ltr'><strong>Velleii</strong></span> <span class='ocrx_word' id='word_1_260' title='bbox 663 4204 697 4251; x_wconf 86' lang='lat' dir='ltr'><strong>E·</strong></span> <span class='ocrx_word' id='word_1_261' title='bbox 734 4204 842 4251; x_wconf 88' lang='lat' dir='ltr'><strong>Deorum</strong></span> <span class='ocrx_word' id='word_1_262' title='bbox 855 4218 910 4250; x_wconf 90' lang='lat' dir='ltr'><strong>cum</strong></span> <span class='ocrx_word' id='word_1_263' title='bbox 923 4219 975 4266; x_wconf 85' lang='lat' dir='ltr'><strong>cap.</strong></span> <span class='ocrx_word' id='word_1_264' title='bbox 990 4206 1011 4251; x_wconf 88' lang='lat'><strong>8.</strong></span> <span class='ocrx_word' id='word_1_265' title='bbox 1024 4202 1065 4251; x_wconf 90' lang='lat' dir='ltr'><strong>lib.</strong></span> <span class='ocrx_word' id='word_1_266' title='bbox 1080 4202 1114 4249; x_wconf 92' lang='lat' dir='ltr'><strong>ll.</strong></span> <span class='ocrx_word' id='word_1_267' title='bbox 1126 4196 1266 4250; x_wconf 83' lang='lat' dir='ltr'><strong>Archaeolo-</strong></span> 
     </span>
     <span class='ocr_line' id='line_1_35' title="bbox 161 4284 974 4350; baseline 0 -18"><span class='ocrx_word' id='word_1_268' title='bbox 161 4284 254 4347; x_wconf 88' lang='lat' dir='ltr'><strong>picurei</strong></span> <span class='ocrx_word' id='word_1_269' title='bbox 266 4287 331 4350; x_wconf 82' lang='lat' dir='ltr'><strong>apud</strong></span> <span class='ocrx_word' id='word_1_270' title='bbox 344 4287 494 4344; x_wconf 85' lang='lat' dir='ltr'><strong>Ciceronem,</strong></span> <span class='ocrx_word' id='word_1_271' title='bbox 507 4285 548 4334; x_wconf 91' lang='lat' dir='ltr'><strong>lib.</strong></span> <span class='ocrx_word' id='word_1_272' title='bbox 563 4286 583 4333; x_wconf 88' lang='lat'><strong>1.</strong></span> <span class='ocrx_word' id='word_1_273' title='bbox 596 4285 626 4334; x_wconf 86' lang='lat' dir='ltr'><strong>de</strong></span> <span class='ocrx_word' id='word_1_274' title='bbox 639 4285 696 4333; x_wconf 86' lang='lat' dir='ltr'><strong>Nat.</strong></span> <span class='ocrx_word' id='word_1_275' title='bbox 731 4284 777 4347; x_wconf 87' lang='lat' dir='ltr'><strong>giae</strong></span> <span class='ocrx_word' id='word_1_276' title='bbox 790 4284 974 4347; x_wconf 85' lang='lat' dir='ltr'><strong>Philosophicae.</strong></span> 
     </span>
    </p>
   </div>
   <div class='ocr_carea' id='block_1_5' title="bbox 0 0 1447 4852">
    <p class='ocr_par' dir='ltr' id='par_1_6' title="bbox 0 0 1447 4852">
     <span class='ocr_line' id='line_1_36' title="bbox 0 0 1447 4852; baseline 0 0"><span class='ocrx_word' id='word_1_277' title='bbox 0 0 1447 4852; x_wconf 95' lang='lat' dir='ltr'><strong> </strong></span> 
     </span>
    </p>
   </div>
  </div>
 </body>
</html>
