2872 4852
226 215 287 278 122
603 208 645 272 T.
678 204 952 272 LUCRETII

224 385 305 418 rerum
315 367 424 417 omnium
437 382 450 414 e
465 376 533 414 motu
549 364 670 417 seminum
687 363 759 420 oririr
793 362 870 415 satius
881 361 957 413 luerit
966 361 1026 412 illud
1042 361 1131 426 ipsunt,
1143 362 1174 414 de
1191 355 1241 426 qua
1255 365 1336 419 ambi-

223 433 284 482 illud
301 449 396 496 quoque
412 432 579 496 agnoscimus:
600 431 643 478 sed
659 431 725 487 dum,
738 445 760 477 v.
793 429 903 540 gebatur,
923 427 1064 484 concedere,
1082 443 1155 491 quam
1179 436 1230 476 tam
1252 428 1335 494 impu·

225 501 264 546 82.
281 499 377 561 pondus
393 496 534 554 seminibus,
552 504 577 543 et
593 494 651 543 inde
669 503 761 543 motum
811 503 881 543 enter
897 491 1024 541 resistere:
1047 491 1115 541 velut
1132 491 1262 556 Epictuus,
1279 509 1338 542 cum

224 562 342 620 attribuit,
352 561 455 610 nimium
467 561 514 609 sibi
525 572 550 609 et
561 561 613 611 suis
623 559 711 611 atomis
722 559 760 609 iu·
795 557 896 615 rideret,
909 557 930 607 si
942 556 1017 605 atomi
1028 557 1151 607 ferrentur
1161 557 1189 605 in
1200 557 1282 609 laam
1296 558 1336 615 iu·

226 628 324 691 dulget:
343 626 397 689 quis
413 627 509 690 pondus
526 625 593 673 omui
609 623 725 682 materiae,
739 632 764 671 et
796 622 909 670 feriorem
926 630 1012 686 suopte
1029 621 1145 685 pondere,
1163 620 1225 670 nihil
1242 622 1294 675 fore
1311 623 1338 672 in

226 693 280 755 quis
302 691 445 755 corporibus
468 691 576 752 ejusdem
599 689 670 738 molis
698 687 764 736 idem
796 695 880 736 nostm
890 695 1018 750 potestate,
1031 686 1096 748 quod
1107 695 1173 735 esset
1182 701 1268 736 esrum
1283 703 1337 736 ma-

225 757 322 821 pondus
335 756 468 804 concedatt
487 756 579 805 Sensus
595 754 660 803 euim
678 762 704 802 et
720 769 762 802 ex·
797 762 837 800 tus
853 762 934 800 certus
951 760 977 804 et
991 751 1160 808 necessarium
1176 751 1273 802 invenit
1289 769 1339 814 quo

226 820 348 886 parientia
358 821 498 873 reclamant.
529 818 597 867 Vidit
608 828 689 866 autem
701 817 763 882 Epi-
797 816 869 864 modo
885 814 1056 864 necessitatem
1073 815 1197 880 effugeret,
1214 816 1339 879 quodvis.

227 901 300 935 curus
311 885 412 948 lapides,
424 884 498 948 ligna,
510 892 599 932 cuncta
608 883 714 945 denique
724 883 763 935 in-
798 880 1078 944 Democritumlirgerat.
1105 881 1340 940 Aitammmcum

227 960 265 999 tra
292 949 378 998 mundi
405 950 478 1012 hujus
504 948 624 998 ambitum
650 957 765 996 contenta
815 946 905 994 andere
926 955 952 993 et
971 946 1091 1009 gravitate
1111 945 1205 1004 directo
1224 946 1340 999 deorsum

228 1017 341 1064 deorsum
364 1015 472 1072 tendere,
493 1023 565 1076 atque
584 1012 640 1060 ideo
662 1011 766 1060 credidit
797 962 897 1068 ieratur,
911 1009 1034 1058 declinare
1050 1010 1176 1075 paullum:
1192 1011 1239 1060 boc
1255 1010 1341 1060 dicere

228 1080 311 1128 omnia
332 1080 363 1127 ab
389 1088 481 1127 aeterno
508 1078 670 1134 descendisse,
692 1091 766 1139 quant
799 1074 895 1139 turpius
911 1084 955 1132 est,
968 1090 1041 1137 quant
1056 1075 1125 1133 illud,
1137 1075 1275 1138 quodvult,
1288 1091 1340 1129 nou

228 1143 369 1220 opinionem
381 1143 423 1206 qui
434 1143 596 1207 amplectitur,
608 1158 647 1190 nae
661 1141 702 1189 ille
719 1140 767 1189 erit
798 1155 869 1252 posse
890 1140 1028 1188 defendere.
1067 1140 1101 1188 Et
1121 1140 1184 1191 libro
1205 1140 1238 1192 de
1260 1141 1339 1190 Fatua

228 1208 390 1257 nitidissimus
401 1209 432 1256 de
448 1224 523 1271 grege
539 1207 641 1271 Epicuri
658 1206 765 1269 pbiloso-
823 1203 922 1268 picurus
931 1220 981 1253 uno
991 1213 1101 1269 tempore
1112 1220 1152 1254 res
1163 1207 1223 1254 duas
1234 1205 1301 1254 susci
1319 1205 1342 1254 it

228 1274 305 1338 plius:
330 1274 395 1322 idem
412 1273 478 1329 enim
494 1289 522 1323 ao
538 1272 560 1321 si
577 1272 677 1329 diceret,
693 1280 766 1328 rotas,
798 1269 973 1328 inenodabiles,
990 1285 1072 1328 unam,
1089 1279 1117 1320 ut
1132 1270 1186 1320 siue
1204 1285 1278 1324 cama
1330 1279 1342 1319 t

229 1339 339 1397 elateres‚
363 1346 388 1385 et
409 1337 503 1401 reliqua
524 1335 643 1385 machina
665 1334 767 1398 aiicujus
799 1332 898 1398 aliquid,
921 1350 953 1382 ex
975 1350 1024 1397 quo
1046 1334 1136 1384 existet
1157 1344 1186 1383 ut
1206 1335 1238 1385 de
1259 1334 1342 1384 nihilo

173 1421 175 1425 ¹
228 1404 338 1452 membra
353 1402 379 1451 id
395 1402 488 1451 factura
504 1401 613 1459 seorsim,
626 1400 690 1464 quod
706 1415 766 1449 con-
798 1398 992 1463 quippiamflatr
1010 1399 1267 1464 quadrennium
1284 1400 1339 1449 cui-

225 1467 331 1530 J'unctim
350 1467 449 1517 faciunt.
486 1468 535 1517 Sed
555 1475 583 1515 ut
602 1467 649 1516 boc
670 1481 766 1529 quoque
798 1464 988 1578 inampbpsico
1002 1464 1098 1528 placet:
1115 1464 1265 1524 alterutrant
1281 1480 1341 1514 cum

228 1532 374 1595 largiamur3
401 1533 528 1580 Habemus
549 1531 647 1580 tandem
669 1530 767 1579 infinita
815 1529 877 1577 uoin
895 1528 1342 1595 ividuaperinanitatemferantur,al·

228 1597 323 1645 semina
351 1612 378 1645 er
388 1596 462 1645 inane
472 1596 598 1645 inlinitum
613 1594 669 1659 pari
683 1610 766 1659 passu,
798 1594 1015 1657 terumeregione
1028 1603 1162 1653 moveatur,
1174 1594 1279 1645 alterum
1295 1594 1342 1644 de-

229 1670 254 1710 et
265 1677 318 1724 oequ
344 1661 618 1710 ivelocitatedeorsum
633 1659 765 1708 tendentia.
799 1659 881 1707 clinet
922 1659 1011 1708 Fusius
1033 1659 1122 1709 deiude
1148 1659 1211 1709 hanc
1238 1675 1343 1709 causam

230 1726 262 1774 ln
284 1725 448 1774 immensitate
471 1724 637 1782 latitudinum,
658 1723 766 1787 longitu·
799 1722 850 1786 agit
868 1723 895 1771 in
915 1723 1000 1772 eodem
1017 1723 1087 1772 libro.
1116 1724 1178 1779 Qum
1196 1738 1256 1788 ergo
1274 1739 1341 1774 nova

229 1789 322 1846 dinum,
340 1789 507 1849 altitudinum,
524 1788 622 1838 infinita
638 1788 675 1838 vis
692 1787 766 1843 innu-
799 1803 872 1839 causa
888 1787 915 1838 in
931 1797 1020 1841 natura
1035 1798 1073 1850 est
1088 1804 1143 1853 quae
1160 1788 1267 1839 deebriat
1284 1797 1340 1838 ato-

228 1853 382 1903 merabilium
395 1853 481 1903 volitat
496 1863 640 1911 atomorum,
657 1869 711 1919 quae
727 1853 765 1905 in·
798 1854 884 1905 muml
903 1853 1157 1906 autnumsortiuntur
1164 1852 1230 1903 inter
1240 1869 1343 1916 seqare

228 1921 331 1982 terjecto
341 1918 409 1967 inani
421 1919 588 1967 cobaerescunt
604 1927 687 1967 tamen
703 1917 769 1966 inter
800 1917 913 1976 declinet,
926 1933 981 1980 qum
991 1920 1058 1967 nont
1076 1927 1119 1967 aut
1129 1934 1173 1966 cur
1181 1917 1284 1967 minimo
1295 1919 1341 1967 de·

229 1999 263 2042 se,
281 1995 306 2032 et
322 1984 377 2032 aliar
396 1983 457 2033 alias
476 1982 689 2095 apprehendentes
708 1999 767 2035 con·
799 1981 876 2033 clinet
891 1982 1132 2046 interveneramus
1148 1985 1214 2034 nuul
1235 1992 1279 2031 aut
1295 1999 1344 2032 cur

229 2048 363 2106 tinuantur,
377 2064 409 2097 ex
420 2064 496 2111 quoe
523 2047 670 2097 ciunturbae
686 2063 768 2096 rerum
800 2046 907 2096 declinet
933 2063 984 2096 uuo
1011 2047 1120 2106 minima
1148 2063 1198 2096 non
1230 2046 1343 2097 declinet

229 2112 313 2161 forma
324 2122 348 2161 et
360 2113 451 2176 figurae.
480 2112 553 2161 Unde
564 2128 623 2162 vero
638 2113 693 2160 aliae
708 2112 769 2162 alias
800 2111 896 2161 duobus
914 2121 958 2160 aut
976 2112 1070 2164 tribuat
1099 2113 1193 2177 Optare
1209 2112 1255 2161 boc
1284 2113 1342 2175 qni-

229 2178 422 2242 apprehendant,
434 2193 491 2226 cum
502 2176 557 2241 pari
568 2177 697 2226 velocitate
714 2193 766 2230 am·
800 2175 856 2225 dem
878 2186 923 2235 est,
947 2192 1000 2237 nan,
1019 2177 1159 2243 disputaret
1183 2193 1241 2227 nam
1259 2193 1343 2240 neque

229 2258 274 2291 nes
294 2242 419 2292 ferantur?
443 2242 489 2292 vid.
509 2241 627 2306 paullum,
649 2251 675 2290 et
695 2257 767 2305 quam
800 2240 953 2291 extrinsecus
961 2241 1091 2306 impulsam
1102 2251 1210 2291 atomum
1221 2241 1275 2290 loco
1286 2257 1343 2291 mo-

229 2306 359 2356 minimum
376 2307 507 2364 declinant,
524 2324 547 2356 v.
566 2309 633 2365 220„
650 2307 698 2369 Sed
714 2307 768 2371 ipsa
802 2305 853 2367 reri
860 2315 885 2365 et
891 2306 1009 2369 declinari
1015 2306 1168 2370 dicis,neque
1175 2307 1202 2356 in
1208 2306 1346 2366 illolnani,

229 2372 281 2420 brec
304 2373 435 2422 declinatio
457 2372 488 2421 ad
509 2371 636 2421 libidinem
658 2371 767 2436 tingitur,
800 2385 845 2435 per
873 2371 949 2434 quod·
964 2371 1057 2420 feratm
1082 2380 1184 2430 atomus,
1207 2371 1344 2434 quidquam

231 2437 279 2500 (ait
297 2437 363 2486 enim
384 2438 514 2486 Lucretius
531 2437 655 2486 declinare
675 2446 768 2486 atomos
800 2434 964 2486 tnmcausae
972 2451 1017 2485 cur
1025 2451 1055 2485 ea
1065 2452 1114 2485 non
1127 2451 1141 2484 e
1152 2437 1255 2501 regione
1264 2437 1345 2486 leire-

230 2502 288 2550 sine
299 2518 379 2560 causa,
394 2518 443 2565 qua
458 2502 521 2550 nihil
537 2501 633 2614 tumus
646 2500 769 2566 physica)
801 2508 848 2558 tur,
864 2501 952 2549 necin
968 2500 1023 2565 ipss
1038 2510 1120 2550 atomo
1135 2501 1280 2550 mutationis
1295 2501 1344 2550 ali-

230 2576 256 2615 et
277 2566 347 2615 illum
374 2576 468 2614 motum
496 2575 554 2615 natu
606 2582 631 2614 m
658 2565 769 2614 omnium
801 2564 860 2629 quid
879 2566 968 2614 lactum
991 2576 1038 2628 est,
1055 2567 1213 2629 quamobrem
1239 2575 1344 2616 nam

229 2630 366 2694 ponderum
383 2647 397 2678 e
413 2630 514 2694 regione
529 2630 668 2679 interiorem
688 2630 769 2678 locum
801 2629 851 2677 lem
867 2630 905 2678 sui
921 2631 1037 2694 ponderis
1053 2640 1146 2679 motum
1167 2647 1218 2680 nou
1238 2639 1346 2682 teneret.

248 2694 443 2743 etentium‘sine
466 2710 539 2743 causa
560 2694 651 2758 eripuit
673 2694 768 2743 atomis.
803 2694 843 2742 lta
864 2711 921 2743 cum
948 2695 1070 2744 attulisset
1098 2695 1220 2764 Epicurus
1248 2696 1344 2746 nullam

230 2711 285 2807 iter
295 2767 377 2806 tamen
386 2758 419 2816 id,
429 2761 499 2820 crrjus
509 2773 582 2807 cama
592 2759 647 2814 baee
656 2759 769 2817 finxerat,
802 2772 900 2807 causam
908 2775 962 2823 qum
974 2759 1047 2809 istam
1058 2760 1246 2810 declinationem
1258 2756 1342 2810 effice

230 2831 356 2871 assecutus
373 2832 426 2878 ectr
449 2839 506 2870 nam
522 2823 574 2871 sive
592 2839 677 2872 omnes
694 2823 768 2871 atomi
801 2831 847 2881 ret,
863 2832 946 2872 tamen
962 2824 1054 2887 aliquid
1071 2825 1117 2874 sibi
1138 2825 1221 2875 dicere
1236 2825 1344 2885 ridetur,

231 2887 395 2945 declinabunt,
419 2887 493 2935 nullae
514 2902 548 2934 un
566 2903 622 2936 uam
649 2889 768 2936 cobaeres-
801 2902 876 2950 quum
888 2887 988 2937 iddicat
999 2889 1063 2952 quod
1075 2890 1184 2938 omnium
1194 2899 1291 2939 mentes
1301 2905 1344 2940 as·

231 2961 304 3008 cent;
327 2951 379 2999 sive
395 2951 449 2998 aliae
469 2903 633 3009 declinilbunt,
650 2952 705 3000 aliae
724 2968 771 3001 suo
801 2962 936 3016 peruentur
962 2963 988 3002 et
1011 2963 1136 3018 respuant.
1179 2955 1220 3004 lta
1248 2955 1346 3004 Hortos

230 3024 294 3064 nutu
304 3024 370 3064 recte
381 3015 498 3073 ferentur,
508 3016 555 3065 erit
565 3017 612 3064 hoc
625 3016 695 3079 quasi
709 3033 767 3080 pro·
802 3017 903 3080 Epicuri
915 3026 995 3067 vastat
1011 3019 1105 3076 Cicero,
1118 3027 1143 3067 et
1159 3019 1248 3069 evertit
1264 3027 1343 3069 totam

231 3080 324 3129 vincias
346 3081 433 3140 atomis
456 3081 521 3138 dare,
542 3096 597 3143 quar
618 3089 692 3140 recte,
715 3096 771 3144 qua
801 3081 875 3140 illam,
898 3097 953 3144 qua
977 3083 1139 3147 providentiae
1165 3083 1274 3147 iniquior
1295 3093 1344 3144 est,

231 3145 328 3209 oblique
352 3145 468 3194 ferantur.
508 3145 604 3194 Tullius
631 3145 711 3210 primo
737 3146 769 3194 de
800 3146 987 3210 philosophiam.

232 3210 342 3260 Finibus
835 3211 927 3260 Melius
939 3221 1021 3260 misen
1033 3212 1142 3261 succedit
1152 3211 1226 3276 longa
1235 3211 1280 3260 illa
1290 3228 1306 3261 a
1318 3229 1344 3262 r.

265 3276 339 3325 Hanc
360 3275 527 3324 difficultatem
547 3275 624 3324 sensit
641 3274 695 3338 ipse
718 3276 768 3324 Lu·
802 3277 857 3324 383.
875 3276 1014 3325 adversum
1032 3279 1086 3325 580.
1101 3277 1236 3341 disputatio
1252 3278 1283 3326 de
1297 3292 1343 3326 va·

231 3341 362 3399 cretiana.
373 3343 428 3389 225.
438 3340 480 3390 ubi
489 3356 537 3389 non
547 3349 595 3388 tem
607 3340 687 3398 solvit,
697 3356 770 3403 quam
801 3340 888 3389 rietate
900 3341 1033 3405 figurarum
1045 3341 1135 3403 quaein
1151 3341 1285 3390 seminibus
1301 3341 1343 3390 in·

231 3403 473 3519 ἶίεῇυεεεθυάοουωξὲἱ
479 3414 769 3520 ορὲςεεευᾚεὲὣτὲεζ
802 3406 923 3519 venitur021
931 3405 1044 3534 simfiguiliter
1054 3405 1097 3482 illa
1108 3407 1139 3454 de
1150 3405 1285 3455 seminibus
1302 3406 1341 3454 di-

260 3484 279 3516 s
384 3487 406 3519 v.
476 3505 482 3517 .
530 3486 579 3519 tam
618 3487 626 3518 1
802 3486 890 3520 versem
922 3487 937 3518 e
999 3485 1144 3519 ratuinun
1177 3486 1193 3519 u
1225 3486 1341 3520 neesra-

231 3541 321 3591 movet,
338 3537 407 3596 eujus
425 3550 472 3599 ope
488 3534 537 3584 vim
555 3535 644 3600 prioris
662 3535 769 3599 effingere
800 3535 881 3600 posito
901 3535 1030 3593 contentis,
1050 3551 1103 3584 ar.
1122 3487 1177 3584 dgil.
1193 3486 1227 3583 id
1241 3551 1265 3585 v.
1284 3534 1342 3587 728.
1384 3587 1390 3597 ,

231 3607 347 3654 conatum
365 3598 411 3657 rel,
423 3608 451 3646 ut
466 3599 542 3663 sepia,
558 3601 671 3648 tenebras
687 3608 712 3647 et
728 3615 768 3648 ca-
801 3601 982 3662 Argnmentum
993 3600 1059 3648 enim
1075 3599 1164 3649 fabulis
1180 3599 1285 3649 subinde
1301 3601 1342 3650 in-

231 3659 332 3723 liginem
349 3661 460 3720 offundit,
478 3673 505 3711 ut
521 3663 643 3712 difficilius
663 3663 770 3712 inveniri
802 3664 919 3712 traductis
942 3672 1020 3721 ornat,
1043 3673 1068 3712 et
1095 3665 1243 3714 sententiam
1271 3680 1343 3714 suam

232 3734 258 3772 et
274 3725 330 3789 capi
345 3725 429 3788 possit
459 3727 554 3775 Asserit
570 3727 636 3776 enim
653 3727 706 3774 sine
722 3727 772 3777 ista
802 3727 883 3785 variis,
892 3727 971 3790 iisque
980 3728 1343 3779 firmissimisrationibuscon·

231 3788 353 3843 marinum
369 3788 531 3842 declinatione
549 3791 700 3843 Libertatem
717 3791 768 3840 Vo-
801 3792 889 3844 firmat

231 3853 341 3910 luntatis,
359 3868 431 3916 quam
448 3853 475 3900 in
493 3855 606 3904 omuibus
624 3855 778 3904 animalibus
834 3857 888 3904 Nec
906 3856 969 3905 ullus
986 3873 1092 3921 unquam
1111 3857 1240 3921 Epicureae
1259 3859 1343 3924 philo·

231 3918 358 3974 sentimus,
380 3916 497 3980 explicari
524 3934 572 3966 non
600 3933 678 3983 passe.
718 3920 767 3968 Re-
801 3921 894 3984 sophiae
911 3922 1065 3972 murmanus
1083 3922 1183 3986 effugiet
1199 3922 1247 3971 ista
1331 3953 1343 3964 -

231 3982 337 4046 spondet
347 3981 441 4040 Cicero,
453 3981 495 4030 lib.
509 3983 529 4031 1.
542 3983 573 4031 de
590 3983 685 4032 Natura
702 3984 769 4032 Deo·
802 3994 891 4045 menta,
904 3986 991 4050 quibus
1006 4004 1054 4037 av.
1068 3986 1122 4039 m
1135 3987 1165 4036 ad
1176 4003 1198 4036 v.
1213 3989 1284 4036 1021.
1315 4005 1345 4038 e-

231 4061 300 4095 rum:
319 4047 374 4094 Hoc
403 4061 495 4110 ersoepe
506 4045 593 4106 tacitis,
606 4047 730 4111 Epicurei,
742 4059 770 4098 ut
802 4059 921 4100 monstrat
932 4051 1024 4100 semina
1037 4052 1131 4110 adoris,
1144 4051 1232 4110 odoris,
1244 4052 1345 4115 caloris,

231 4127 287 4160 cum
308 4062 402 4185 aliquid
417 4125 467 4158 non
483 4110 616 4187 verisimile
630 4111 727 4187 dicatis,
745 4123 772 4189 et
803 4115 883 4163 omnis
890 4115 1004 4191 ‘denique'
1010 4116 1141 4179 qualitatis,
1154 4125 1277 4192 etsensus
1288 4133 1349 4169 essa

232 4174 770 4304 :nffitntttittsstlt'ttittt
802 4181 1348 4308 tittttnlnnntttmnttittt
