2872 4852
200 223 261 286 128
491 295 493 299 Ι
578 219 620 283 Τ.
654 216 925 282 LUCRETll

229 378 280 426 haec
298 391 347 425 av.
362 374 417 427 ³71.
436 376 467 423 ad
483 390 503 422 v.
520 373 576 425 417.
595 374 685 422 refutat
703 373 844 438 opinionem
864 371 1006 431 Democriti,
1026 373 1067 435 qui
1086 372 1194 436 singulos
1211 373 1307 422 Animae

229 466 311 521 partes
320 455 424 520 singulis
433 454 549 519 Corporis
556 454 668 518 partibus
677 453 801 518 appositas
810 462 835 502 et
843 456 985 516 conjunctas
998 469 1051 501 esse
1061 453 1156 510 docuit3
1175 462 1200 502 et
1211 463 1238 501 ut
1249 453 1307 502 olim

229 539 373 587 affirmfisset
382 536 501 585 Animum
510 551 563 584 esse
572 534 692 600 potiorem
703 535 778 582 totius
787 533 923 599 compositi
932 543 1034 599 partem,
1045 535 1079 583 sic
1092 537 1122 583 ab
1132 538 1215 584 Animo
1225 535 1307 599 potius

228 635 301 683 quam
321 620 352 667 ab
371 621 458 667 Animo
477 617 553 666 vitam
574 618 720 681 dependere,
742 625 768 665 et
787 617 891 665 salutem
911 616 1034 665 Animalis
1054 617 1193 665 conservari
1213 618 1307 666 asserit.

230 701 328 750 Deinde
337 716 352 748 a
360 715 383 749 v.
392 702 448 749 418.
459 701 490 748 ad
501 716 522 748 v.
534 701 589 748 842.
599 698 705 747 Animos
715 707 740 747 et
749 697 852 746 Animas
860 698 928 746 nasci
941 707 965 746 et
976 699 1078 747 interire
1089 715 1146 747 cum
1158 699 1308 762 Corporibus

229 782 317 845 viginti
329 790 384 829 octo
400 779 550 844 argumentis
566 779 734 828 demonstrare
750 787 860 837 conatur,
873 787 898 826 et
916 781 1150 842 Trommigrutionem
1168 779 1308 843 Pythagora

229 863 308 912 obiter
319 862 421 911 deridet.
440 863 547 910 Demum
558 877 573 909 a
584 877 607 910 v.
620 863 675 909 842.
688 861 719 908 ad
729 876 751 908 v.
763 862 818 907 882.
837 860 945 908 Mortem
957 861 1019 908 nihil
1031 876 1084 908 esse
1096 860 1174 917 docet,
1184 876 1239 907 cum
1252 870 1308 924 post

229 954 333 1000 mortem
345 944 406 992 nihil
418 952 456 992 est
467 943 564 992 mortali
576 942 673 990 Animae
685 941 828 998 timendum,
838 941 887 988 imo
900 941 920 989 si
934 942 1024 989 Anima
1037 940 1186 989 Immortalis
1199 941 1238 1002 (ut
1250 943 1306 990 Pla-

229 1025 281 1075 toni
292 1026 373 1075 visum
384 1025 433 1087 est)
446 1025 600 1083 concedatur,
612 1024 719 1071 Mortem
729 1031 810 1070 tamen
822 1021 884 1069 nihil
896 1037 956 1080 esse,
967 1039 1023 1070 curn
1034 1022 1124 1070 Anima
1134 1031 1246 1086 separata
1258 1040 1307 1070 non
1381 1024 1386 1033 ‘

229 1107 370 1156 meminerit
379 1122 407 1155 se
418 1121 525 1168 unquam
536 1112 608 1154 antea
625 1104 749 1153 extitisse:
766 1103 870 1167 proinde
886 1103 917 1150 ad
929 1119 951 1151 v.
965 1104 1019 1152 906.
1032 1102 1096 1151 ridet
1114 1104 1251 1151 Hominum
1264 1120 1306 1152 va-

229 1204 287 1237 nam
297 1188 329 1238 de
340 1187 466 1252 sepultura
477 1186 664 1236 solicitudinem.
693 1185 791 1233 Deinde
803 1185 955 1233 demonstrat
966 1188 1064 1233 Mortem
1076 1200 1125 1233 non
1137 1200 1190 1233 esse
1204 1186 1306 1243 Malum,

229 1269 287 1333 quia
298 1268 388 1317 mortui
399 1285 449 1317 non
460 1267 573 1331 indigent
583 1267 637 1316 istis
649 1265 719 1314 bonis
731 1265 818 1328 quibus
830 1264 880 1314 vivi
891 1266 1005 1328 gaudent,
1018 1281 1097 1328 neque
1113 1266 1166 1314 istis
1183 1266 1307 1314 doloribus

229 1350 368 1399 afficiuntur
379 1349 421 1413 qui
433 1349 534 1396 miseros
549 1347 663 1395 mortales
680 1345 797 1404 cruciant,
810 1346 841 1393 ad
852 1362 874 1394 v.
887 1347 942 1394 943.
971 1345 1055 1394 Vitam
1072 1346 1145 1394 etiam
1162 1346 1240 1409 ipsam
1258 1363 1306 1395 non

229 1447 283 1480 esse
292 1429 484 1488 desiderabilem,
494 1428 585 1493 quippe
594 1445 647 1490 quae
656 1427 718 1476 nihil
729 1427 786 1476 novi
797 1426 888 1485 afferat,
900 1427 943 1474 sed
955 1428 1052 1475 easdem
1065 1443 1161 1492 semper
1170 1428 1307 1491 voluptates

229 1511 348 1575 usquead
363 1525 479 1558 nauseam
495 1508 670 1566 subministrat,
683 1509 714 1556 ad
725 1525 748 1556 v.
761 1510 816 1557 988.
846 1509 886 1555 Ne
899 1523 956 1555 vero
972 1507 1025 1556 iste
1042 1508 1136 1566 labulae,
1149 1525 1208 1571 quas
1225 1510 1306 1558 Poetae

229 1601 338 1650 narrant,
349 1593 380 1640 de
393 1589 483 1639 Inferis
495 1598 520 1638 et
531 1590 614 1638 Poenis
625 1598 681 1653 post
692 1597 796 1637 mortem
808 1596 915 1636 terreant
926 1588 1048 1646 mortales,
1061 1589 1092 1636 ad
1104 1604 1125 1636 v.
1141 1591 1211 1637 1036.
1222 1607 1306 1639 omnes

228 1674 283 1722 illas
292 1673 419 1721 commoda
427 1670 629 1735 interpretatione
639 1670 725 1718 elevat
756 1668 852 1717 Deinde
860 1684 937 1730 usque
947 1669 978 1716 ad
987 1669 1062 1716 finem
1071 1670 1144 1732 hujus
1154 1670 1211 1718 libri
1223 1682 1306 1720 monet

228 1755 357 1819 plerosque
369 1752 507 1801 mortalium
519 1752 602 1814 inepte
614 1759 639 1798 et
650 1750 753 1799 absurde
767 1750 798 1797 de
815 1752 891 1797 Morte
908 1749 984 1811 queri,
997 1765 1053 1797 curn
1070 1751 1244 1815 sapientissimi
1260 1753 1304 1800 ho-

229 1835 331 1893 minum,
341 1844 366 1883 et
373 1833 538 1899 potentissimi
550 1833 639 1880 ducum
651 1842 676 1880 et
687 1830 862 1895 imperatorum
870 1830 920 1878 vim
933 1830 993 1878 dirae
1005 1831 1166 1880 Necessitatis
1176 1832 1305 1882 senserint.

229 1917 310 1964 Docet
322 1915 379 1964 ideo
397 1915 511 1963 mortales
526 1915 602 1962 vitam
618 1913 747 1961 sollicitam
764 1920 789 1960 et
807 1911 942 1974 inquietam
959 1927 1038 1974 agere,
1052 1914 1116 1974 quod
1134 1914 1197 1961 hanc
1216 1914 1306 1962 Mortis

201 2058 204 2063 Ι
228 1996 460 2060 contemplationem
470 1995 601 2058 refugiant,
613 2003 639 2042 et
649 1994 732 2058 inepte
744 1993 807 2042 votis
823 1992 935 2041 omnibus
946 1993 1021 2042 vitam
1039 2002 1154 2058 expetere
1171 2010 1243 2056 quam
1261 1995 1305 2042 ali-

228 2079 325 2143 quando
342 2077 455 2126 amissuri
472 2085 536 2135 sunt,
551 2092 605 2140 quae
621 2074 713 2124 nullam
731 2090 818 2123 novam
830 2074 980 2138 voluptatem
997 2074 1089 2134 afferat,
1100 2075 1237 2124 innumeris
1249 2093 1306 2125 vero

227 2159 352 2209 doloribus
361 2168 386 2207 et
394 2157 510 2222 periculis
519 2157 625 2206 obnoxia
633 2157 763 2212 reddatur;
780 2155 916 2220 praesertim
925 2171 982 2205 cum
990 2156 1096 2206 vivendo
1105 2157 1166 2206 nihil
1175 2158 1307 2206 detrahunt

227 2241 259 2289 de
271 2248 381 2303 tempore
392 2239 489 2299 Mortis,
501 2255 555 2302 quae
567 2253 651 2287 omnes
663 2245 747 2286 manet
757 2246 858 2297 eterna,

283 2444 321 2524 E
335 2461 514 2528 Tuussms
529 2463 627 2527 tantis
643 2472 709 2526 tam
724 2461 844 2527 clarum
860 2461 1015 2528 extollere
1031 2462 1140 2527 lumen

282 2564 351 2638 Qui
365 2565 489 2649 primus
503 2565 650 2650 potuisti,
666 2562 830 2628 illustrans
846 2566 1014 2630 commoda
1029 2566 1121 2641 vitae3

282 2665 335 2730 Te
351 2689 481 2751 sequor,
499 2667 518 2728 ὃ
535 2666 662 2730 Gnarm
678 2668 786 2751 gentis
803 2667 915 2744 decus,
931 2668 1029 2750 inque
1045 2667 1109 2730 tuis
1124 2687 1210 2729 nunc

281 2766 364 2833 Fixa
379 2770 500 2854 pedum
515 2769 738 2853 ponop1·essis
753 2769 889 2852 vestigia
906 2769 1018 2852 signis,

202 2941 207 2947 ⁵
249 2883 265 2929 o
282 2869 361 2936 Non
376 2872 421 2935 ita
437 2872 582 2936 certandi
598 2871 748 2955 cupidus
765 2893 861 2954 quam
876 2879 1013 2954 propter
1028 2891 1179 2944 amorem,

281 2971 383 3045 Quod
399 2984 431 3038 te
446 2973 563 3037 imitari
578 2994 675 3037 aveo:
700 2971 791 3045 Quid
806 2972 891 3036 enim
906 2973 1082 3036 contendat
1098 2971 1253 3035 Hirundo

201 3188 206 3195 ·
230 3167 251 3220 l.
275 3174 331 3221 Tam
353 3174 440 3221 clarum
462 3175 568 3222 extollere
592 3169 678 3234 lamen]
702 3170 732 3219 Id
766 3171 820 3218 Fin.
850 3171 904 3234 Ego
916 3169 1021 3219 arbitror
1032 3171 1167 3235 Epicurum
1180 3188 1255 3220 unum
1265 3172 1302 3219 vi-

194 3237 277 3286 Graeci
287 3236 372 3286 dicunt
383 3237 457 3298 αἵρειν
464 3235 560 3300 πυρσὸν,
572 3245 661 3284 etcum
673 3236 732 3298 quid
764 3235 829 3284 disse
841 3250 933 3293 verum,
946 3235 1107 3298 maximisque
1119 3237 1241 3285 erroribus
1257 3237 1301 3285 ho-

194 3317 210 3350 e
228 3301 335 3366 speculis
352 3317 381 3350 ea
398 3302 492 3350 ratione
510 3301 687 3364 significabant,
706 3301 731 3348 id
765 3299 859 3348 minum
869 3300 963 3348 animos
975 3299 1098 3358 liberasse,
1112 3310 1136 3349 et
1153 3301 1235 3349 omnia
1251 3310 1300 3349 tra-

193 3365 233 3415 διὰ
243 3369 344 3428 πυρσῶν,
357 3375 382 3415 et
392 3365 455 3428 παρὰ
467 3369 562 3428 πυρσῶν
573 3364 681 3413 nuntiari
692 3364 730 3413 di·
763 3364 862 3422 didisse,
875 3380 929 3427 quae
940 3364 1092 3429 pertinerent
1103 3365 1134 3413 ad
1144 3367 1207 3415 bene
1219 3367 1300 3415 beate-

192 3431 316 3492 sebatur(
330 3429 398 3479 Hinc
412 3440 510 3495 sumpta
526 3431 669 3494 metaphora
685 3445 732 3491 qua
765 3445 812 3491 que
824 3429 963 3478 vivendum.

194 3494 325 3543 Lucretius
335 3511 394 3544 usus
411 3504 454 3543 est.
478 3498 561 3543 Faber.
591 3493 732 3556 Alloquitur
797 3497 819 3542 2.
846 3492 983 3556 Illustruna]
1011 3494 1061 3550 Qui
1088 3494 1184 3542 extollit
1210 3495 1301 3552 lumen,

192 3567 283 3617 autem,
300 3575 322 3607 v.
341 3561 380 3607 30.
399 3559 535 3622 Epicurum
553 3559 731 3607 Atheniensem
763 3559 923 3623 proculdubio
934 3559 1053 3607 illustrat:
1071 3559 1178 3608 inversu
1191 3559 1302 3622 sequenti

194 3623 359 3687 Philosophiae
373 3623 502 3687 Epicureae
518 3622 673 3685 Principem:
690 3623 730 3670 in·
763 3639 809 3686 pro
818 3628 895 3686 gentis
905 3626 981 3680 decas,
991 3628 1068 3687 gentis
1081 3627 1135 3682 das,
1152 3623 1300 3671 Gassendus.

193 3687 261 3737 venit
269 3688 368 3750 quidem
381 3687 543 3745 Democritus,
553 3687 596 3735 sed
607 3687 642 3734 ita
654 3703 728 3751 expo·
795 3689 818 3735 4.
831 3687 905 3750 Fixa]
914 3687 1020 3742 Quidam
1029 3688 1232 3750 dpxmtaoiaficta,
1244 3686 1301 3748 (nec

192 3751 247 3803 livit
258 3761 283 3800 et
294 3752 429 3815 perfecitE
447 3752 537 3808 iturus,
554 3759 582 3800 ut
598 3751 673 3799 Pater
690 3767 729 3799 re·
763 3751 829 3800 enim
852 3751 984 3800 Lambinus
1000 3752 1026 3799 id
1042 3766 1132 3814 negare
1148 3751 1220 3798 debet
1236 3750 1301 3812 quod

191 3827 246 3864 rum
254 3769 545 3865 etinventoraiucrerio
554 3816 618 3864 haud
627 3816 730 3863 absurde
764 3816 904 3873 Diomedes,
924 3816 1014 3878 aliique
1034 3824 1130 3864 veteres
1148 3813 1301 3877 grammatici

191 3881 320 3928 diceretur.
361 3881 429 3929 Huic
447 3880 546 3943 quidem
570 3879 638 3928 loelix
659 3880 729 3942 inge·
762 3880 940 3942 asseruerunt)
952 3881 996 3928 sed
1009 3879 1074 3943 quod
1086 3879 1193 3942 ejmdem
1205 3877 1299 3940 signifi·

191 3944 260 4006 nium
270 3945 414 4008 gratulatur,
426 3944 544 3993 beneficia
555 3944 666 4008 agnoscit
676 3960 730 4006 quae
761 3945 865 3993 cationi
877 3944 915 3993 sit
944 3947 1027 3993 Faber.

190 4009 294 4057 contulit
302 4008 449 4068 hominibus,
457 4010 515 4058 dum
524 4019 636 4057 naturam
646 4024 730 4057 rerum
795 4011 817 4057 6.
835 4007 956 4071 Hiraado]
974 4009 1114 4071 Cygnorum
1131 4005 1197 4053 enim
1214 4015 1301 4056 cantus

190 4066 330 4149 explicavit,
354 4084 379 4122 et
401 4075 503 4122 omnem
520 4075 551 4121 de
571 4073 730 4122 Providentia
762 4073 913 4122 admiruntur
924 4087 1016 4129 omnes,
1029 4070 1071 4134 qui
1082 4070 1201 4133 ingratam
1213 4071 1298 4120 hirun-

191 4138 332 4201 opmionenr
344 4149 369 4186 et
385 4138 502 4187 Terrores
519 4137 576 4186 inde
592 4146 662 4186 natos
678 4138 727 4186 dis·
762 4139 847 4186 dinum
862 4136 1031 4201 garrulitatem
1050 4136 1181 4191 damnant;
1213 4134 1242 4184 ‘ri
1261 4153 1300 4185 σοι

190 4202 268 4264 pulit:
291 4201 356 4250 idem
374 4203 480 4266 denique
501 4202 595 4260 asserit,
616 4202 681 4265 quod
699 4203 728 4250 L.
762 4197 1195 4261 θέλειςποιήσωτίκωτίληχελιδόνς
1209 4201 1304 4252 Anacr..

190 4265 328 4329 Torquatus
347 4267 374 4315 in
394 4267 520 4317 Ciceronis
539 4266 611 4331 prim.
634 4267 676 4314 lib.
698 4266 728 4315 de
762 4264 1147 4328 0d.xll.1uenim1egendum;
1160 4265 1299 4323 nonl'loor,
