2872 4852
447 203 618 268 LIBER
645 202 922 277 QUARTUS.
1174 204 1239 266 213

177 375 181 384 ⁴
215 361 415 446 Refrigescit
432 361 517 424 enim
531 360 714 425 cunctando
729 359 827 443 plaga
841 379 900 443 per
916 379 1023 434 auras,

216 464 291 529 Nec
307 462 412 528 calida
427 462 469 526 ad
486 483 616 526 sensum
631 461 776 525 decurrit
789 460 902 524 nuntia
918 481 1045 535 rerum;

217 566 342 629 Errant
358 586 445 648 saepe
461 564 568 627 Canes
584 564 705 646 itaque,
722 573 755 626 et
769 562 906 645 vestigia
921 570 1083 645 quaerunt.

153 675 201 727 710
258 665 334 731 Nec
349 676 456 730 tamen
470 666 534 729 hoc
550 664 625 728 solis
639 665 673 727 in
687 663 869 740 Odoribus,
885 673 984 746 atque
1001 662 1162 746 Saporum

217 766 256 830 In
271 789 391 851 genere
407 777 475 831 est:
499 766 650 830 seditem
666 765 800 848 Species
817 785 935 841 rerum,
952 774 1051 847 atque
1067 761 1201 828 Colores

214 867 295 932 Non
310 868 355 932 ita
371 869 565 932 conveniunt
580 867 623 930 ad
640 888 754 930 sensus
770 866 918 930 omnibus
934 887 1056 943 omnes,

218 969 266 1033 Ut
281 992 346 1033 non
361 970 425 1034 sint
441 969 510 1034 aliis
526 970 676 1055 quaedam
690 969 792 1051 magis
808 969 894 1031 acria
909 967 991 1031 visu.

259 1072 447 1145 Quinetiam
463 1071 607 1148 Gallum,
624 1081 752 1134 noctem
767 1069 1041 1153 explaudentibus
1056 1068 1127 1146 alis,
1214 1082 1217 1088 ’

153 1184 200 1235 715
216 1172 381 1238 Auroram
396 1172 483 1237 clara
497 1183 688 1237 consuetum
703 1193 782 1235 voce
798 1192 926 1247 vocare,

215 1274 317 1339 Nenu
332 1285 457 1359 queunt
471 1275 578 1358 rapidi
593 1284 706 1339 contra
721 1283 870 1337 constare
887 1271 1030 1348 Leones,

217 1377 321 1461 Inque
337 1377 440 1454 tueri3
464 1377 510 1440 ita
525 1377 679 1440 continuo
694 1375 866 1438 meminere
881 1371 988 1456 fugai:

215 1478 389 1555 Nimirum,
406 1478 482 1561 quia
497 1489 573 1541 sunt
586 1476 757 1541 Gallorum
772 1477 806 1539 in
820 1496 957 1559 corpore
972 1474 1121 1559 quaedam

217 1578 357 1656 Semina,
374 1601 459 1663 quae,
476 1601 548 1643 cum
565 1588 640 1642 sunt
654 1577 755 1642 oculis
765 1577 911 1647 ,immissa
927 1576 1087 1654 Leonum,

154 1691 202 1743 720
217 1680 363 1764 Pupillas
378 1679 602 1757 interfodiunt,
619 1701 790 1762 acremque
805 1677 950 1742 dolorem

215 1781 381 1858 Praebent,
396 1792 434 1846 ut
448 1793 612 1866 nequeant
627 1792 740 1846 contra
755 1780 875 1844 durare
889 1779 1036 1845 feroces:

216 1882 298 1947 Cum
314 1894 420 1947 tamen
435 1883 507 1948 hoec
522 1893 650 1947 nostras
666 1883 752 1946 acies
767 1879 811 1944 nil
826 1879 945 1946 laedere
962 1882 1107 1966 possint;

214 1985 285 2049 Aut
299 1987 376 2070 quia
390 2008 455 2049 non
470 1995 653 2069 penetrant,
670 1994 726 2048 aut
741 1983 829 2067 quod
846 1985 1095 2066 penetrantibus
1110 1983 1172 2047 illis

216 2086 337 2150 Exitus
353 2109 395 2150 ex
412 2085 527 2150 Oculis
542 2086 625 2149 liber
640 2086 748 2161 datur,
763 2085 797 2146 in
812 2084 986 2148 remeando

152 2198 199 2247 725
217 2187 357 2250 Laedere
372 2209 413 2249 ne
428 2188 555 2269 possint
570 2209 611 2250 ex
627 2186 693 2249 ulla
707 2186 827 2249 lumina
840 2197 945 2269 parte.

259 2286 360 2350 Nunc
375 2309 448 2370 age,
462 2309 536 2370 quae
547 2297 696 2354 moveant
710 2285 864 2349 Animum
877 2307 941 2362 res,
951 2287 1076 2370 accipe,
1089 2298 1123 2351 et
1138 2288 1237 2366 unde,

219 2387 305 2459 Quae
327 2387 471 2464 veniunt,
488 2387 618 2450 veniant
632 2387 666 2448 in
681 2385 839 2462 Mentem,
856 2386 988 2469 percipe
1002 2388 1126 2470 paucis.

165 2643 220 2696 707.
232 2643 384 2708 Refrigerat]
395 2644 512 2708 Sequenti
519 2661 590 2695 versu
596 2648 671 2710 plaga
702 2664 752 2695 aaa
785 2645 847 2694 Haec
858 2662 916 2695 vero
928 2646 1001 2696 verba
1012 2663 1068 2695 cum
1080 2662 1152 2695 versu
1163 2663 1238 2710 prox·

132 2708 222 2757 dicitur
240 2712 324 2766 calida,
342 2710 446 2772 ideoque
465 2711 523 2758 dum
541 2720 670 2759 cunctatur
702 2711 752 2759 imo
763 2711 841 2759 otiosa
853 2721 925 2766 sunt;
946 2711 1008 2759 nihil
1025 2712 1090 2759 enim
1109 2711 1238 2761 Lucretius

131 2772 276 2836 refrigescit:
304 2783 400 2822 constat
421 2786 503 2822 autem
530 2775 668 2824 intensissi-
702 2775 732 2822 de
755 2785 829 2823 cantu
851 2775 916 2838 galli,
940 2776 1004 2838 quod
1026 2776 1068 2824 alii
1090 2775 1238 2840 interpretes

131 2853 198 2885 mum
216 2838 292 2901 frigus
313 2839 409 2886 obstare
428 2838 540 2886 effusioni
559 2839 669 2887 liberiori
701 2847 793 2887 temero
805 2839 982 2888 existimarunt

131 2902 240 2950 odorum.
279 2903 310 2950 In
330 2903 442 2951 omuibus
459 2903 562 2952 ratustIs
585 2919 667 2952 exem·
734 2904 788 2955 726.
800 2907 870 2952 Nunc
881 2921 931 2967 aga,
940 2921 998 2967 qua,
1008 2903 1064 2968 eta]
1078 2905 1116 2953 De
1125 2904 1239 2954 sensibus

130 2965 240 3028 plaribus
257 2982 342 3015 versus
362 2967 470 3016 Lucretii
490 2967 525 3016 sic
545 2968 667 3031 leguntur,
700 2969 759 3016 satis
769 2968 934 3032 disputatum:
953 2985 1007 3017 cum
1017 2985 1076 3018 vero
1084 2968 1170 3034 sopitis
1179 2984 1236 3017 sen·

130 3029 271 3094 Refrigescit
281 3035 340 3079 anim
352 3035 479 3080 cunctando
488 3035 561 3095 plaga
570 3050 613 3093 par
623 3050 664 3080 aa·
699 3032 766 3081 sibus
785 3033 857 3096 plura
879 3033 1048 3096 imaginemur,
1067 3049 1116 3082 non
1135 3033 1238 3097 indigna

131 3111 178 3152 ras,
197 3098 248 3144 Nec
266 3099 343 3144 calida
364 3100 396 3144 ad
414 3111 513 3144 sensum
535 3097 667 3145 decurrunt
700 3107 737 3145 est
747 3097 930 3161 philosophode
939 3098 1114 3161 imaginatione
1123 3099 1235 3160 quaesti03

130 3163 212 3207 nantt'a
234 3177 317 3209 raram.
352 3161 461 3209 Recedes
483 3177 498 3208 a
519 3176 591 3209 sensu
615 3162 665 3209 Lu·
700 3177 753 3209 eam
770 3171 851 3210 autem
869 3163 975 3225 explicat
990 3165 1063 3226 poeta
1078 3178 1155 3224 usque
1171 3163 1202 3210 ad
1215 3178 1236 3211 v.

131 3223 202 3272 oratii
211 3234 236 3272 et
246 3224 283 3272 rei
293 3224 402 3282 veritate,
414 3226 436 3273 si
447 3229 529 3273 nantia
540 3235 667 3273 construas
700 3227 754 3272 820.
788 3226 885 3274 Asserit
896 3226 971 3289 igitur
983 3226 1137 3274 tenuissimas
1149 3226 1235 3289 imagi-

131 3304 186 3336 cum
202 3291 277 3352 plaga
282 3308 291 3343 ,·
315 3289 418 3338 Vossius
441 3290 472 3337 ad
494 3289 624 3348 Catullum,
643 3306 666 3354 p.
700 3304 744 3336 nes
754 3289 844 3352 partim
856 3291 886 3337 ab
897 3290 958 3352 ipsIs
969 3291 1041 3338 rebus
1053 3289 1164 3347 fluentes,
1179 3306 1236 3353 par·

134 3351 187 3403 173.
436 3384 439 3389 -
700 3353 744 3399 tim
761 3362 848 3416 sponte
865 3353 891 3401 in
903 3356 958 3401 aire
971 3354 1094 3410 formatas,
1107 3364 1132 3401 et
1147 3354 1237 3416 partim

164 3416 219 3467 710.
230 3420 281 3466 Nec
292 3426 367 3466 tamen
378 3421 425 3475 boc,
438 3415 494 3478 ata]
506 3417 579 3472 Quod
593 3416 668 3464 iidem
700 3432 732 3463 ex
748 3417 822 3464 variis
839 3417 905 3464 varie
922 3417 1006 3466 mistas
1018 3417 1125 3479 undique
1136 3418 1235 3481 vagari3

132 3481 218 3530 odores
230 3491 254 3530 et
265 3491 364 3545 sapores
376 3482 427 3530 sint
438 3481 492 3528 alib
504 3480 601 3544 ingrati,
613 3480 668 3529 aliis
700 3480 744 3528 has
760 3496 818 3528 vero
835 3481 861 3528 in
878 3480 987 3529 animum
1004 3490 1140 3544 penetrare,
1158 3482 1235 3532 laces·

128 3546 238 3607 Jucuudi,
250 3545 351 3594 minime
359 3545 533 3600 dubitandum
551 3560 597 3593 nec
608 3545 668 3609 ipsae
701 3544 823 3607 sendoque
835 3545 915 3607 ipsum
925 3546 1020 3594 efficere
1029 3556 1058 3594 ut
1063 3546 1185 3610 intelligat
1193 3561 1238 3596 seu

131 3625 212 3658 rerum
229 3610 348 3674 imagines
360 3610 470 3658 omnium
484 3609 560 3657 oculis
576 3610 669 3672 pariter
700 3609 861 3672 imaginetur:
880 3609 937 3657 Inde
949 3611 979 3657 de
991 3611 1128 3669 Centauris,
1142 3611 1240 3675 Scyllis,

131 3674 295 3723 conveniunt:
313 3674 371 3737 galli
383 3683 484 3738 aspectu
500 3683 606 3722 terretur
621 3674 667 3732 leo,
701 3673 803 3736 aliisque
826 3674 941 3722 monstris
964 3691 1017 3737 quar
1040 3691 1112 3724 nemo
1129 3692 1240 3739 unquam

132 3737 333 3800 (gallinaceorum
355 3739 435 3787 cristae
457 3739 540 3787 leones
562 3739 668 3787 maxime
701 3739 812 3786 sensibus
830 3738 963 3801 usurpavit,
984 3740 1015 3787 de
1037 3740 1139 3789 mortuis
1162 3741 1239 3789 etiam

132 3812 237 3859 terrent;
263 3802 358 3852 Plinius
375 3805 433 3852 Nat.
452 3803 518 3852 Hist
535 3803 577 3852 lib.
590 3804 667 3851 VIII.
700 3803 842 3866 cogitamus,
854 3819 876 3851 v.
890 3805 928 3854 27.
941 3803 1027 3852 Cicero
1044 3805 1091 3867 Ep.
1109 3805 1176 3853 Fam.
1193 3805 1236 3854 lib.

131 3883 184 3931 cap.
199 3868 248 3930 16.)
266 3883 322 3915 nam
339 3867 419 3931 imago
435 3868 519 3930 gallie
535 3867 669 3916 seminibus
702 3868 757 3915 XV.
775 3868 883 3917 scribens
895 3868 925 3915 ad
937 3869 1049 3917 Cassium
1060 3869 1102 3932 qui
1112 3885 1199 3918 recens
1210 3885 1238 3918 se

131 3940 227 3980 constat
240 3948 294 3995 quae
310 3932 406 3980 fodiunt
422 3943 447 3980 et
463 3932 571 3980 lacerant
587 3932 668 3981 oculos
702 3932 831 3996 Epicureis
850 3932 990 3989 addixeram
1014 3936 1056 3981 Ν
1077 3938 1152 3982 nascit
1172 3937 1239 3996 qaid,

131 3995 217 4055 leonis,
248 4005 276 4045 ut
302 4006 387 4045 contra
419 3996 520 4045 tendere
547 4012 597 4044 non
625 4013 668 4045 au·
700 3996 788 4059 inquit,
812 4004 838 4045 at
863 4015 938 4046 coram
960 4001 1039 4047 adesse
1060 4001 1161 4047 ridearis
1187 4015 1238 4046 cam

132 4061 195 4108 deat
701 4064 874 4124 scriboaliqaa'd
888 4065 921 4110 ad
932 4071 961 4120 ta,
973 4078 1043 4124 acque
1059 4065 1086 4110 s'd
1101 4065 1153 4110 κατ’
1172 4061 1237 4110 εἶδό-

165 4127 326 4175 transeam
337 4129 526 4188 explaudentibus
534 4125 591 4187 alis]
603 4126 667 4173 Noc⁸
701 4135 752 4174 λων
767 4127 907 4189 φαντασίας,
920 4134 946 4174 at
957 4129 1037 4174 dicam
1053 4129 1088 4173 tui
1099 4129 1168 4173 amitt
1178 4128 1238 4182 aovi,

132 4200 183 4237 tem
193 4206 249 4238 cum
259 4190 348 4249 sonitu,
361 4201 386 4239 et
398 4191 473 4238 veluti
489 4190 578 4253 plausu
594 4205 667 4237 excu-
702 4195 742 4251 qut
755 4199 841 4252 patant
856 4195 925 4239 attam
933 4189 977 4240 τὰς
988 4189 1136 4247 διανοητικὰς
1147 4198 1239 4251 parra·

133 4253 249 4303 aientibus
265 4253 337 4317 atque
355 4255 553 4310 exturbantibua;
574 4257 668 4303 Lambi-
703 4253 756 4305 alas
767 4259 863 4318 spectris
876 4259 981 4304 Catianis
988 4257 1096 4302 samari.
