2872 4852
222 228 289 292 am
605 227 648 292 T.
680 225 967 292 LUCRETIL

353 385 474 452 Dicere
489 404 600 468 porro,
616 383 794 448 Hominum
809 405 908 448 causa
922 384 1064 450 voluisse
1079 389 1199 470 parare
1294 401 1316 450 ,t

311 484 506 550 Praeclaram
520 485 634 549 mundi
646 495 806 562 naturam,
821 495 1063 571 proptereaque

228 619 245 648 ς
309 587 350 653 ld
365 586 527 652 laudabile
543 609 626 670 opus
641 585 763 651 Dirirm
777 586 914 652 laudare
928 589 1057 666 decere,

248 699 293 746 160
309 688 548 772 AEternumquc
563 699 693 773 putare,
708 698 806 770 atque
819 688 996 755 immortale
1012 691 1177 770 futurum;

310 790 386 855 Nec
400 791 449 854 fas
465 812 549 868 esse,
565 788 680 854 Derim.
690 790 779 873 quod
796 790 837 852 sit
851 791 976 854 ratione
990 803 1120 856 vetusta

310 893 475 959 Gentibus
491 892 640 958 humanis
655 891 826 956 fundatum
841 904 1003 977 perpetuo
1019 917 1100 972 aevo,

311 993 490 1060 Sollicitare
507 995 573 1059 suis
588 991 689 1058 ullum
701 994 744 1058 de
759 993 893 1059 sedibus
908 1017 1063 1079 uuquam,
1157 1031 1159 1036 ·

310 1096 385 1162 Nec
398 1098 505 1161 verbis
521 1119 653 1173 vexare,
667 1108 702 1160 et
715 1097 760 1159 ab
774 1097 837 1160 imo
851 1108 998 1161 evertere
1014 1121 1189 1164 summam:

229 1212 292 1266 ,165
308 1200 437 1263 Caetera
452 1198 494 1263 de
509 1220 630 1282 genere
645 1197 708 1262 hoc
722 1197 903 1282 adfingere,
919 1210 952 1263 et
966 1201 1101 1279 addere,
1118 1201 1266 1280 Memmi,

309 1302 472 1385 Desipere
486 1300 545 1377 'st3
568 1300 648 1383 quid
663 1301 748 1363 enim
763 1299 1015 1379 ImmortalibuS,
1032 1314 1129 1386 atque
1144 1304 1260 1368 Beatis

309 1404 427 1468 Gratia
441 1412 553 1467 nostra
568 1412 666 1486 queat
680 1401 827 1486 largirier
841 1401 1059 1481 emolumenti,

310 1502 484 1571 Ut'nostre
498 1505 671 1588 quicquam
686 1526 785 1569 causa
798 1526 915 1588 gerere
928 1506 1185 1590 adgrediamur?

311 1608 442 1683 Quidve
457 1608 531 1672 novi
547 1608 655 1691 potuit
669 1618 761 1670 tanto
775 1618 851 1691 post
865 1617 940 1672 ante
956 1609 1084 1692 quietos

240 1724 291 1773 170
307 1710 455 1787 Inlicere‚
469 1720 506 1773 ut
521 1719 678 1792 cuperent
692 1711 789 1773 vitam
804 1720 930 1774 mutare
946 1712 1109 1794 priorem?

308 1813 396 1876 Nam
411 1812 556 1895 gaudere
571 1811 662 1873 novis
678 1811 777 1874 rebus
793 1813 914 1877 debere
931 1814 1070 1892 videtur,

311 1915 374 1980 Cui
388 1924 516 1978 veteres
531 1914 668 1989 obsunt;
694 1914 763 1990 sed,
780 1914 833 1976 cui
848 1914 894 1977 nil
909 1916 1027 1979 accidit
1042 1918 1121 2000 aegri

309 2019 473 2102 Tempore
488 2017 522 2080 in
538 2026 697 2093 anteacto,
715 2038 787 2080 cum
803 2014 939 2100 pulchre
955 2019 1091 2102 degeret
1106 2041 1222 2096 aevum,

313 2120 404 2193 Quid
419 2119 526 2203 potuit
540 2118 690 2182 novitatis
706 2141 847 2182 amorem
862 2121 1042 2185 accendere
1057 2119 1136 2184 tali?

245 2233 290 2285 175
306 2221 373 2300 An,
389 2222 499 2299 credo,
515 2222 705 2285 intenebris
722 2223 798 2299 vita,
815 2245 852 2286 ac
868 2244 1008 2286 moerore
1017 2223 1163 2307 jacebat,

308 2324 424 2389 Donec
440 2323 557 2388 diluxit
572 2346 680 2388 rerum
695 2325 842 2409 genitalis
859 2327 972 2410 origo?

309 2428 439 2500 Quidve
455 2425 529 2493 mali
544 2425 650 2490 fuerat
665 2429 759 2493 nobis
775 2450 840 2492 non
856 2450 928 2493 esse
945 2429 1084 2492 creatis?

308 2529 418 2594 Natus
434 2529 519 2594 enim
535 2530 646 2606 debet,
662 2530 848 2613 quicunque
864 2531 913 2608 'st,
929 2529 1011 2595 velle
1025 2552 1155 2594 manere

309 2631 348 2694 ln
363 2633 438 2708 vita,
455 2632 559 2696 donec
574 2633 727 2696 retinebit
742 2632 863 2696 blanda
877 2631 1046 2716 voluptas3

245 2745 291 2791 180
302 2727 376 2805 Qui
388 2755 553 2816 nunquam
568 2756 645 2797 vero
660 2735 735 2797 ritae
749 2735 892 2817 gustavit
907 2757 1059 2812 amorem,

306 2833 381 2898 Nec
396 2833 458 2897 luit
472 2837 506 2898 in
520 2856 667 2911 numero,
683 2835 762 2918 quid
776 2837 872 2898 obest
886 2858 952 2899 non
967 2858 1040 2900 esse
1056 2840 1223 2902 creatum?

352 2934 549 3019 Exemplum
565 2957 663 3018 porro
677 2936 852 3019 gignundis
867 2939 980 3014 rebus,
995 2949 1029 3001 et
1043 2939 1116 3023 ipsa
1208 2949 1211 2955 ’

212 3141 214 3144 ⁴
255 3137 308 3190 157.
326 3141 410 3188 Dicere
420 3155 496 3201 porro,
508 3141 637 3195 Hominum,
654 3138 711 3201 etc]
724 3139 759 3187 At
825 3139 878 3187 164.
897 3139 1023 3202 Summam]
1044 3140 1165 3187 Mundum
1185 3139 1231 3187 viz.
1252 3140 1331 3188 Mun-

222 3205 265 3253 Dii
275 3205 342 3253 hunc
353 3205 471 3254 mundum
483 3203 637 3258 fabricarunt.
651 3213 675 3251 et
686 3213 757 3252 aeter-
791 3204 849 3252 dum
872 3216 953 3253 autem
976 3205 1040 3253 dixit
1061 3221 1168 3253 cuninam
1192 3219 1222 3252 ex
1245 3219 1333 3254 eorum

221 3286 280 3319 num
298 3286 350 3319 eese
366 3270 503 3319 voluerunt.
533 3269 607 3333 Resp.
621 3269 757 3327 Lucretius,
791 3269 995 3332 Philosophorum
1005 3268 1127 3318 sententia
1136 3268 1177 3331 qui
1188 3273 1332 3334 unicumag-

220 3352 243 3384 v.
256 3337 294 3383 25.
313 3336 357 3384 Sui
374 3351 405 3384 an
423 3335 549 3384 hominum
566 3349 638 3383 causa
654 3334 756 3383 fabrice·
792 3335 930 3383 noscebant
960 3333 1093 3382 Lambinus
1104 3334 1165 3396 legit
1169 3332 1251 3395 fando.

220 3403 297 3448 runti
322 3401 366 3449 Sui
387 3401 463 3463 siquis
482 3400 579 3458 dixerit,
599 3399 665 3448 idem
685 3399 757 3457 dicat,
825 3399 879 3450 174.
903 3402 1008 3448 Amorem
1032 3401 1155 3446 accendere
1184 3397 1239 3460 tali]
1269 3399 1340 3458 Alii,-

220 3464 286 3518 Quid
299 3466 353 3513 Deo
365 3466 444 3513 cultus
455 3465 561 3514 hominis
572 3465 666 3512 confert
679 3466 757 3522 beato,
790 3481 866 3513 amere
877 3468 927 3512 tati.

220 3538 245 3575 et
256 3527 323 3576 nulla
334 3545 360 3577 re
372 3529 505 3593 indigente.
533 3530 600 3585 Quid
611 3539 692 3578 autem
707 3538 759 3577 erat
825 3529 887 3577 lbid.
904 3528 968 3592 Tali]
978 3528 1033 3577 Tali
1045 3528 1102 3586 ὄντι,
1111 3543 1155 3576 seu
1168 3529 1223 3575 Deo
1233 3527 1272 3576 vel
1285 3529 1330 3577 ho·

219 3592 284 3654 quod
296 3594 479 3657 concupisceret
491 3596 559 3643 Deus
573 3595 690 3642 mundum
707 3595 756 3655 sig·
790 3593 858 3641 mini.
876 3597 959 3642 Faber.

219 3657 259 3704 nie
268 3664 293 3704 et
300 3657 434 3706 luminibus
443 3670 557 3721 tanquam
567 3658 644 3706 aedilis
652 3660 757 3705 ornare?
827 3660 878 3705 181.
893 3660 942 3706 Nec
947 3657 998 3721 suit
1008 3663 1032 3707 in
1041 3657 1146 3720 numero]
1158 3659 1250 3706 Rerum
1260 3672 1331 3706 crea·

221 3719 247 3768 Si
261 3730 288 3768 ut
300 3721 370 3769 Deus
379 3722 466 3770 melius
477 3722 605 3778 habitaret,
622 3731 694 3770 antea
711 3721 756 3770 via
791 3731 878 3770 tarum.

221 3793 330 3849 tempore
341 3784 438 3834 infinito
449 3787 475 3834 in
488 3786 595 3835 tenebris
606 3795 721 3848 tanquam
732 3786 758 3832 in
826 3786 888 3834 lbid.
907 3789 964 3834 Esse
975 3786 1090 3850 creatum]
1106 3786 1165 3844 Alii,
1180 3803 1228 3835 esse
1244 3795 1333 3846 creata

220 3848 347 3914 gurgustio
361 3849 530 3898 habitaverat?
547 3859 603 3915 post
614 3860 703 3908 autem,
715 3866 757 3898 va·
791 3860 820 3899 ut
830 3867 852 3898 v.
868 3849 920 3901 17⁷.
933 3867 980 3898 etse
992 3856 1083 3919 creptis.

220 3914 340 3964 rietatene
357 3929 413 3962 eum
428 3914 544 3961 delectari
561 3922 683 3978 putamus,
701 3914 758 3976 quia
825 3916 878 3962 182
896 3917 1030 3977 Exemplum
1044 3933 1118 3976 porro,
1132 3916 1189 3978 etc]
1202 3917 1265 3964 Tota
1276 3932 1330 3964 om·

220 3978 308 4028 eoelum
332 3988 357 4026 et
379 3989 456 4026 terras
478 3987 608 4025 exornatas
627 3978 758 4026 videmus?
791 3979 859 4027 nium
876 3994 958 4027 rerum
976 3979 1103 4028 notitiesa
1119 3980 1272 4029 simulachris
1289 3996 1330 4029 re-

221 4046 282 4100 Quae
304 4043 352 4091 ieta
372 4050 454 4107 potest
474 4057 527 4090 esse
547 4041 677 4089 oblectatio
696 4044 758 4100 Deo,
791 4059 846 4092 rum
854 4043 1034 4092 incurrentibus
1044 4045 1181 4092 derivatur:
1201 4044 1244 4092 Dii
1255 4044 1331 4094 ctiam

220 4108 304 4172 quaesi
316 4118 387 4166 esset,
399 4120 449 4154 non
461 4121 489 4153 ea
501 4105 604 4154 tamdiu
616 4122 700 4154 carere
714 4123 758 4170 po·
792 4107 854 4156 nihil
882 4107 1060 4156 inconsiderate
1088 4109 1187 4166 faciunt,
1214 4109 1331 4172 quicquid

221 4173 322 4222 tuissctl
342 4170 477 4220 Hominum
486 4185 559 4218 causa
568 4169 608 4231 qui
618 4169 684 4229 dicit,
693 4171 758 4220 idem
791 4187 863 4235 agere
880 4172 1032 4220 constituunt
1048 4172 1108 4220 illud
1128 4174 1279 4236 praevident:
1305 4184 1332 4222 at

221 4237 334 4301 explicet,
346 4236 474 4299 quomodo,
487 4234 556 4283 nobis
568 4250 617 4283 non
630 4235 758 4284 existenti·
791 4236 866 4286 nullae
883 4236 1001 4299 imagines
1013 4252 1094 4284 rerum
1104 4237 1132 4285 in
1144 4248 1252 4286 mentem
1264 4238 1328 4288 divi·

218 4303 273 4361 bus,
286 4303 386 4352 insuave
398 4301 459 4350 soret
470 4316 519 4349 non
531 4315 591 4348 esse.
792 4317 848 4349 nam
867 4302 954 4349 cadere
973 4310 1113 4364 potuerunt,
1133 4319 1189 4351 curn
1210 4318 1250 4351 res
1268 4303 1331 4367 ipset
