2872 4852
452 183 638 296 ¹muna
674 228 953 303 ouranos,
1204 233 1265 296 ras

242 387 324 455 Post
339 387 482 455 extraria
496 385 554 451 lux
568 383 679 452 oculos
695 395 874 472 perterget,
890 397 924 451 et
938 386 1011 451 Aer

242 491 350 567 Alter,
366 500 399 555 et
414 488 478 567 illa,
494 488 573 552 foris
589 509 664 571 quae
678 509 754 552 rere
769 488 1036 574 transpiciuntur.

178 607 226 653 280
242 595 297 659 Sic
312 592 369 657 nbi
383 614 419 657 se
434 591 574 676 primum
589 589 722 675 Speculi
736 592 875 676 projecit
891 591 1015 677 Imago,

242 697 333 760 Dum
347 695 435 759 venit
447 693 490 757 ad
504 703 634 759 nostras
650 693 747 772 acies,
763 695 940 779 protrudit,
957 694 1089 778 agitque

240 796 348 874 Adra,
358 798 415 881 qui
428 797 514 860 inter
529 817 565 860 se
574 817 708 880 ermque
724 797 764 860 ’st
778 796 954 881 oculosque
969 796 1112 874 locatus;

242 900 289 964 Et
298 898 393 976 facit,
409 909 446 962 ut
460 899 552 983 prius
569 897 669 963 Hunc
684 921 811 963 omnem
826 899 947 964 sentire
961 921 1129 982 queamus,

240 1002 350 1076 Quam
373 999 564 1085 Speculum:
599 1000 657 1064 sed
680 1001 737 1064 ubi
760 1000 937 1084 Speculum
952 1022 1082 1085 quoque
1106 1000 1264 1065 sensimus

175 1117 223 1163 285
238 1104 403 1170 Continuo
418 1126 438 1166 a
451 1103 547 1166 nobis
561 1102 595 1165 in
609 1100 644 1166 id
659 1101 741 1178 haec,
757 1124 831 1185 quae
847 1101 962 1179 fertur,
978 1101 1090 1186 Imago
1144 1103 1266 1187 [ipsum

240 1206 406 1281 Pervenit,
422 1215 456 1268 et
471 1213 600 1267 nostros
616 1201 727 1268 oculos
744 1204 865 1289 rejecta
880 1204 1010 1282 revisit3

209 1346 210 1349 =
241 1307 354 1392 Atque
369 1306 467 1371 alium
481 1328 551 1390 prae
567 1328 602 1370 se
617 1305 804 1391 propellens
820 1305 912 1371 Adra
926 1306 1034 1384 volvit,

241 1409 289 1472 Et
303 1408 391 1486 facit,
408 1418 445 1472 ut
459 1409 551 1492 prius
566 1407 666 1486 hunc,
682 1430 779 1491 quam
795 1429 841 1485 se,
858 1409 1042 1473 videamus:
1066 1431 1170 1494 eoque

241 1510 376 1575 Distare
393 1534 412 1574 a
427 1508 570 1594 Speculo
586 1521 712 1574 tantum
725 1520 881 1574 remmota
895 1510 1034 1574 videtur.

176 1626 225 1674 290
241 1615 353 1688 Quare
369 1613 466 1678 etiam
480 1622 579 1696 atque
594 1613 691 1678 etiam
706 1613 834 1677 minime
849 1613 996 1677 mirarier
1010 1622 1061 1677 est
1074 1634 1136 1697 par

241 1716 319 1793 Illis,
335 1737 410 1799 quaa
425 1714 568 1780 reddunt
584 1713 799 1797 Speculorum
813 1736 856 1778 ex
870 1736 1001 1798 aequore
1016 1715 1131 1792 visum,

240 1816 384 1882 Aeribus
399 1817 495 1894 binis,
512 1816 662 1901 quoniam
677 1837 729 1880 ras
744 1815 845 1880 confit
860 1827 1012 1901 utroque.

281 1920 382 1985 Nunc
397 1941 447 1997 ea,
464 1942 537 2004 quae
552 1919 645 1983 nobis
661 1919 879 1983 membrorum
894 1919 1032 1984 dextera
1044 1941 1122 2004 pars
1132 1930 1197 1996 est,

180 2076 184 2081 ,
239 2021 279 2086 In
294 2020 444 2107 Speculis
459 2021 498 2086 fit
513 2030 550 2086 ut
564 2021 598 2084 in
612 2020 693 2085 laeva
707 2022 869 2098 videatur,
885 2043 925 2085 eo
940 2021 1030 2105 quod

174 2137 222 2184 295
238 2125 410 2190 Planitiem
425 2125 467 2189 ad
483 2123 618 2208 Speculi
632 2125 764 2189 veniens
780 2147 854 2188 cum
870 2123 1008 2188 offendit
1020 2124 1144 2208 Imago,

239 2227 320 2290 Non
334 2227 534 2291 convertitur
548 2223 717 2289 incolumis
730 2252 738 2302 3
763 2225 822 2290 sed
837 2234 926 2288 recta
941 2228 1120 2288 retrorsum

241 2327 296 2391 Sic
311 2327 454 2403 eliditur,
470 2335 507 2390 ut
521 2326 621 2409 siquis
635 2326 727 2409 prius
743 2326 835 2389 arida
850 2346 947 2409 quam
962 2326 1004 2388 sit

241 2429 361 2493 Cretea
374 2450 527 2514 persona,
543 2426 668 2491 adlidat
682 2426 810 2512 pilaeve,
825 2426 970 2490 trabive:

187 2610 243 2663 278.
260 2615 375 2661 Extrars'a
391 2611 444 2674 lar]
462 2611 580 2668 Externa,
593 2625 691 2659 senex·
726 2610 769 2659 illo
788 2611 909 2676 exemplo,
931 2627 979 2674 quo
999 2610 1134 2660 adversarii
1152 2620 1264 2672 utuntur,

155 2684 247 2728 naues.
275 2676 422 2726 Terentius:
441 2678 693 2724 Namtaaooonda'ts'o·
726 2691 795 2724 suam
823 2676 971 2725 sententiam
998 2684 1089 2725 tuetur.
1132 2677 1265 2726 Personam

154 2745 286 2791 aemaicus‘
302 2745 374 2792 tulero
390 2740 504 2790 extrario.
533 2741 567 2788 Et
585 2740 694 2804 Scriptor
727 2740 843 2803 (larvam)
861 2740 969 2799 fictilem,
987 2756 1036 2789 non
1053 2741 1192 2790 induratam
1209 2743 1263 2805 qui·

154 2807 186 2855 ad
196 2806 364 2856 Herennium:
382 2810 514 2855 Anamtivo
522 2823 580 2867 pars
589 2813 630 2863 eat,
643 2822 693 2853 cam
724 2806 788 2863 dem,
806 2806 850 2854 sed
869 2806 992 2855 madidam
1013 2807 1099 2864 adbuc,
1118 2807 1150 2855 ad
1170 2808 1264 2857 trabem

152 2888 196 2934 par
213 2889 237 2920 sa
253 2872 353 2935 &fensio
369 2875 459 2932 infirma
475 2879 518 2929 eat,
535 2874 576 2919 aad
591 2878 694 2920 assumta
725 2879 768 2918 aut
784 2870 923 2927 columnam
943 2871 1050 2935 aliquam
1068 2872 1161 2931 allidas,
1182 2872 1217 2921 ita
1236 2883 1265 2920 ut

154 2936 261 2986 extraria
271 2939 436 2998 comprobatur.
723 2945 856 2984 retrorsum
865 2935 1009 2993 invertatur,
1018 2945 1044 2984 et
1051 2936 1126 2987 facies
1134 2941 1265 2987 cavernam

188 3003 242 3051 289.
254 3004 353 3053 Tantum
363 2999 484 3064 remmota]
493 3001 550 3049 Ver.
559 3000 614 3051 271.
622 3003 689 3062 pem'-
723 2998 831 3064 impleat,
842 3001 968 3051 tamenim
981 3001 1008 3050 in
1017 3017 1122 3065 persona
1130 3002 1227 3052 'videbis
1238 3003 1265 3051 id

154 3073 192 3114 tas
202 3075 325 3117 remmota:
342 3075 437 3115 tantum
449 3066 514 3114 enim
527 3065 590 3114 ultra
603 3081 690 3128 specu·
723 3064 813 3113 iactum
837 3066 901 3128 quod
920 3068 972 3128 J'am
991 3066 1017 3114 in
1038 3067 1140 3131 speculo
1157 3067 1262 3117 miraris.

154 3130 205 3180 lum
222 3131 304 3194 imago
324 3140 433 3196 apparet,
450 3140 567 3193 quantum
588 3146 602 3178 a
621 3129 691 3178 nobis
725 3130 1263 3194 Imaginesautem‚utpoterestenuissimas,

153 3195 228 3246 distat
238 3195 319 3260 ipsum
330 3196 462 3260 speculum.
724 3194 890 3258 adspeculum
898 3195 980 3243 allisas
988 3195 1023 3243 ita
1030 3205 1164 3245 retrorsum
1173 3197 1263 3245 inverti

187 3261 242 3308 290.
266 3264 343 3312 Quare
363 3264 432 3308 etiam
452 3268 519 3320 atque
537 3262 613 3316 etiam,
633 3257 690 3321 etc]
723 3273 795 3322 posse
806 3275 856 3307 non
868 3268 906 3307 est
916 3259 1085 3308 dubitandum.

154 3324 211 3379 Hos
219 3334 269 3373 tres
279 3341 364 3375 versus
375 3323 491 3371 delendos
499 3332 582 3371 censet
591 3323 690 3370 Lambi-
757 3325 812 3372 294.
835 3327 875 3371 Fit
893 3331 920 3371 at
939 3327 964 3371 a'n
982 3323 1052 3386 tana]
1073 3328 1115 3372 Fit
1133 3329 1169 3373 att
1188 3327 1262 3381 laeoar

154 3404 208 3445 nus,
216 3404 262 3442 neo
270 3403 329 3436 saue
337 3388 407 3436 video
414 3402 457 3435 cur
466 3402 573 3449 unquam
581 3398 692 3435 censurae
725 3386 845 3434 Muretus

153 3453 253 3515 pudeat,
264 3467 320 3501 nam
332 3451 372 3500 bic
384 3451 431 3500 loci
440 3450 512 3499 otiosi
523 3459 587 3508 sunt,
598 3459 622 3498 et
631 3449 692 3498 nibil
758 3453 813 3499 298.
838 3453 921 3499 Cretea
937 3451 1047 3515 persona]
1068 3454 1133 3502 Nam
1152 3469 1165 3502 e
1184 3469 1262 3518 gypso

154 3526 238 3579 agunt,
725 3522 767 3562 aut
781 3514 833 3562 luto
844 3515 941 3577 figulari
952 3516 1042 3573 fiebat,
1059 3517 1115 3566 ideo
1126 3535 1192 3567 aaran
1205 3537 1260 3581 par·

187 3583 242 3630 293.
250 3582 361 3638 Nausea,
368 3595 419 3641 qua
426 3581 496 3636 notia,
505 3577 562 3641 eta]
573 3577 692 3642 Opinioni
724 3595 779 3626 sona
800 3579 923 3641 rejiciturr
958 3581 1093 3631 Lambinus
1115 3597 1174 3632 vero
1196 3593 1262 3633 amat

155 3645 258 3710 Epicuri
284 3653 412 3709 repugnat,
441 3644 506 3706 quod
532 3643 558 3691 in
586 3643 691 3706 speculis
723 3659 821 3692 mersam
836 3653 989 3694 seuereteatn
1003 3661 1129 3708 personam.
1163 3649 1263 3698 Vetusti

152 3710 234 3774 imago
256 3710 360 3759 adversa
381 3708 598 3771 contemplatorem
620 3723 692 3756 suum
725 3708 793 3757 codd
812 3725 872 3772 quos
895 3710 1015 3760 Heinsius
1034 3712 1103 3770 vidit,
1121 3722 1262 3763 constanter

152 3775 260 3839 respicit,
275 3790 331 3823 cum
348 3775 442 3831 debeat,
460 3773 580 3836 siquidem
591 3789 606 3820 a
621 3772 693 3823 nobis
724 3772 848 3832 exhibent,
860 3783 937 3824 metra
949 3793 1053 3837 partam
1088 3777 1119 3826 ld
1130 3778 1263 3828 Cataleoti‘s

152 3849 206 3895 orta
217 3849 285 3890 recto
295 3848 378 3888 meatu
387 3837 557 3902 proficiscitur,
569 3846 691 3902 posteram
725 3838 892 3896 Petronianin
911 3843 973 3888 Dam
984 3845 1054 3890 sumit
1062 3851 1167 3892 cretaam
1172 3843 1261 3906 factam

151 3905 190 4018 pul
207 3914 311 4020 ρῖἑῑοιιι,
325 3919 381 4018 epm
386 3903 692 4030 ttrlisqqqip,aostqqdpira,apt
722 3906 932 4031 {Ztffiqmtam
943 3909 1051 3955 Perdidit
1066 3910 1109 3956 illa
1120 3911 1194 3967 simul,
1203 3925 1260 3970 per.

161 3986 214 4020 oeva
262 3984 423 4028 vomens
494 3984 689 4024 rmscr;
764 3986 915 4019 teocam.
1251 3989 1253 3992 ’

152 4048 210 4089 nam
221 4043 248 4092 at
257 4034 344 4088 histrio
357 4048 487 4098 personam
499 4032 546 4082 sibi
557 4033 691 4080 damaetam
755 4035 810 4081 298.
832 4035 931 4098 Ptlaeve]
954 4035 1081 4099 Apuleius,
1102 4039 1158 4085 Pila
1180 4036 1262 4086 media

153 4113 184 4150 ex
196 4114 225 4150 ea
240 4108 310 4164 parta
321 4098 395 4158 videt,
408 4113 456 4161 qua
471 4097 559 4156 induit,
576 4098 622 4146 viz.
640 4111 689 4144 non
722 4112 776 4172 quoe
793 4099 883 4148 stabuli
901 4101 981 4151 trabas
999 4101 1142 4151 sustinebat
1176 4101 1259 4163 Virgi-

152 4161 462 4228 faciamsadponeriorem
473 4178 608 4214 cavernam.
628 4162 689 4212 Hac
721 4162 776 4220 lius,
792 4163 850 4213 AEn.
864 4165 911 4214 IX.
928 4182 950 4216 v.
964 4165 1025 4224 Ι710,
1042 4165 1099 4216 711.
1134 4167 1215 4217 Qualia
1234 4168 1264 4214 ta

154 4226 302 4286 Macrobius,
324 4228 444 4281 saturnal
465 4227 506 4278 lib.
526 4228 587 4277 Vll.
607 4243 627 4275 c.
650 4228 687 4274 14.
721 4231 822 4278 Euboico
840 4232 952 4280 Baiarum
968 4232 1168 4291 tittorrqaondam
1185 4231 1260 4277 Saxas

155 4289 223 4340 Huic
246 4290 381 4343 difficultati
404 4303 432 4346 ut
457 4292 590 4342 satisfaciat
605 4293 688 4350 Potta,
721 4291 770 4355 pila
782 4297 853 4342 cada.
