2872 4852
436 204 606 270 LIBER
641 203 920 277 QUARTUS.
1168 203 1233 267 alt

210 362 302 426 Scire
317 360 392 425 lieet
406 371 546 425 mentem
563 358 657 423 simili
671 360 797 423 ratione
811 359 934 422 moveri

212 463 279 528 Per
295 462 464 528 simulacra
481 463 629 527 Leonum
643 472 774 538 coetera,
790 483 865 545 quae
880 459 969 523 videt
983 481 1089 543 aeque,

146 577 196 629 tao
209 565 284 631 Nec
299 565 416 642 minus,
433 572 531 647 atque
547 562 644 640 oculi,
660 563 722 626 nisi
736 561 826 646 quod
842 583 935 645 mage
952 561 1062 624 tenuia
1076 560 1189 625 cernit.

118 672 119 675 ’
254 666 329 730 Nec
344 667 468 730 ratione
482 666 556 743 alia,
572 687 645 730 cum
661 686 792 728 somnus
808 664 952 728 membra
966 660 1125 746 profudit,

211 768 310 832 Mens
326 768 422 830 animi
435 765 556 850 vigilat,
572 766 634 829 nisi
648 765 738 850 quod
754 763 923 830 simulacra
937 763 1104 828 lacessunt

211 870 296 934 Haec
310 870 424 934 eadem
439 884 567 932 nostros
584 869 717 946 animos,
734 890 820 951 quae,
836 889 935 951 quom
949 865 1116 950 vigilamus
1123 868 1136 942 ’ς

214 971 330 1054 Usque
344 971 440 1046 adeo,
456 979 545 1035 certe
561 979 599 1033 ut
613 969 781 1034 videamur
795 991 929 1035 cernere
943 990 1028 1045 eum,
1045 988 1142 1051 quem

150 1084 197 1135 765
212 1071 360 1136 Reddita
373 1073 450 1136 vitai
460 1072 530 1155 jam
544 1093 643 1148 mors,
659 1081 693 1135 et
708 1082 796 1135 terra
810 1072 915 1155 potita
928 1071 980 1134 'st.

214 1175 290 1241 Hoc
305 1174 380 1237 ideo
394 1172 467 1237 fieri
482 1173 569 1258 cogit
584 1172 726 1249 Natura,
742 1173 832 1257 quod
847 1194 959 1236 omnes

215 1275 370 1360 Corporis
385 1274 497 1340 offecti
512 1297 626 1339 sensus
640 1297 701 1359 per
715 1277 860 1340 membra
875 1275 1056 1359 quiescunt,

214 1377 289 1442 Nec
304 1388 443 1464 possunt
457 1377 574 1441 falsum
588 1377 673 1442 veris
687 1377 878 1441 convincere
895 1377 1012 1440 rebus:

215 1479 392 1555 Praeterea,
410 1479 600 1544 Meminisse
611 1480 711 1563 jacet,
727 1476 926 1562 languetque
942 1498 1072 1562 sopore,

151 1593 200 1646 770
214 1581 289 1647 Nec
304 1581 465 1657 dissentit,
481 1603 555 1645 eum
569 1582 694 1657 mortis,
709 1578 855 1663 lethique
870 1580 1010 1663 potitum

215 1682 428 1768 «Iampridem,
444 1706 541 1768 quem
556 1683 656 1748 Mens
670 1683 777 1747 virum
792 1702 976 1747 secernere
991 1677 1107 1745 credit.

259 1785 360 1858 Quod
376 1794 536 1870 superest,
552 1807 618 1848 non
630 1793 683 1849 est
694 1785 810 1848 mirum
826 1781 1005 1848 Simulacra
1019 1781 1153 1857 moveri,

216 1887 421 1970 Brachioque
435 1888 470 1951 in
484 1909 654 1951 numerum
664 1887 802 1971 jactare,
818 1896 852 1950 et
867 1897 985 1951 caetera
1000 1885 1162 1949 membra:

216 1987 304 2053 Nam
319 1988 369 2065 fit,
385 1999 422 2052 ut
436 1989 470 2052 in
485 1990 604 2053 somnis
621 1987 727 2053 facere
741 1988 806 2052 hoc
821 1988 971 2052 videatur
986 1987 1109 2071 Imago.

152 2099 199 2151 775
216 2089 362 2175 Quippe,
376 2091 434 2154 ubi
448 2091 552 2173 prima
565 2091 662 2174 perit,
677 2089 804 2175 alioque
819 2101 871 2154 est
885 2089 987 2155 altera
1000 2099 1078 2152 nata

219 2190 318 2254 Endo
334 2200 432 2267 statu,
447 2191 538 2274 prior
551 2190 624 2255 haec
638 2201 766 2274 gestum
780 2189 923 2254 mutisse
938 2189 1086 2266 videtur3

218 2290 350 2355 Scilicet
363 2291 397 2355 id
413 2290 485 2354 fieri
500 2290 597 2356 celeri
610 2292 735 2355 ratione
751 2290 933 2374 putandum
947 2291 999 2353 ’st.

261 2391 435 2476 Multaque
449 2392 483 2456 in
497 2391 548 2456 his
563 2393 662 2456 rebus
677 2402 880 2477 quaeruntur,
895 2389 1061 2474 multaque
1075 2389 1170 2454 nobis

165 2582 220 2633 761.
230 2585 281 2632 Nec
287 2588 375 2633 ratione
385 2584 447 2648 alia]
456 2586 522 2634 Raro
531 2584 669 2649 vigilantes,
702 2584 750 2634 huo
767 2594 792 2634 et
808 2584 866 2634 illuc
883 2584 1030 2643 discurrunt,
1048 2590 1174 2647 vagantur,
1191 2581 1239 2630 sal-

131 2657 158 2696 at
174 2648 265 2712 sopitos
282 2658 433 2697 mortuorum
452 2649 572 2713 imagines
592 2649 668 2698 laces·
702 2659 768 2699 tant:
793 2649 915 2712 quoniam,
933 2666 955 2697 v.
974 2650 996 2697 6.
1013 2649 1073 2697 dum
1089 2646 1240 2710 aliquamdiu

131 2723 202 2769 sunt;
220 2729 308 2777 nempe
319 2714 441 2775 quoniam,
453 2730 476 2762 v.
496 2715 533 2762 ll.
551 2714 670 2777 imagines
701 2715 728 2763 in
738 2715 824 2763 eadem
833 2714 980 2777 cogitatione
988 2727 1180 2778 perseveramus,
1189 2726 1240 2759 non

131 2793 325 2841 quaquaversum
337 2780 477 2828 oberrantes
488 2778 523 2827 sic
540 2778 566 2826 in
578 2779 668 2828 dormi-
702 2780 787 2828 eadem
799 2779 946 2827 consistente
962 2778 1070 2842 imagine
1082 2793 1127 2826 nos
1137 2776 1238 2834 utimur,

132 2851 214 2890 entem
234 2843 370 2900 incurrunt,
391 2851 419 2891 ut
439 2843 466 2890 in
486 2843 595 2892 animum
616 2845 669 2905 ejus
701 2845 745 2892 sed
760 2843 872 2919 pluribus
883 2842 999 2892 continuo
1015 2843 1083 2891 fluxu
1094 2841 1141 2891 sibi
1152 2855 1237 2889 succe·

131 2916 289 2970 penetrantes
300 2907 381 2970 ipsum
393 2907 536 2970 pervellant,
548 2917 574 2956 et
585 2923 669 2956 earum
701 2909 891 2970 dentibusque
910 2907 931 2956 si
951 2908 1037 2956 eodem
1055 2907 1104 2956 situ
1121 2913 1238 2954 maneant

132 2986 214 3019 rerum
223 2985 326 3034 quarum
335 2972 454 3035 imagines
462 2981 520 3020 sunt
528 2972 667 3036 imaginati·
701 2988 740 3021 res
758 2972 859 3021 immota
876 2972 1005 3030 ridebitur,
1026 2971 1048 3020 si
1065 2970 1166 3029 vadato,
1185 2979 1238 3019 tum

133 3051 205 3083 onem
211 3045 302 3084 creent.
320 3036 669 3098 Istosverojamdiumortuos
701 3053 741 3086 res
754 3036 890 3086 necessario
903 3036 1025 3085 videbitur
1036 3047 1109 3084 mota.

132 3115 214 3148 coram
230 3102 315 3149 adesse
332 3100 393 3149 salso
409 3100 538 3160 credimus,
555 3102 670 3164 quoniam
734 3101 789 3153 777.
802 3105 895 3150 Scilicet
905 3105 998 3163 idfieri,
1009 3099 1065 3162 eta]
1079 3098 1146 3147 Huic
1158 3097 1241 3147 versui

133 3179 226 3222 sensus,
242 3165 329 3228 quibus
345 3164 404 3213 solis
421 3181 531 3213 verume
547 3165 607 3215 falso
618 3167 668 3214 dis·
701 3167 770 3215 codd.
783 3168 940 3230 subjungunt,
955 3168 1031 3214 Tanta
1041 3172 1076 3212 est
1087 3166 1208 3220 mobilitas,
1217 3170 1241 3210 et

134 3228 275 3292 tinguimus,
293 3229 367 3293 sopiti
380 3229 487 3277 officium
503 3245 574 3278 suum
591 3230 670 3278 facere
701 3247 778 3279 reram
800 3234 865 3292 capia
893 3238 966 3287 tanta,
993 3232 1111 3290 Tantaque
1137 3229 1242 3276 sensibili

134 3308 184 3340 non
221 3302 321 3349 oasuot3
349 3303 430 3357 torpet
452 3293 526 3342 etiam
545 3294 670 3352 memoria,
702 3299 825 3358 quaeisest
841 3298 1035 3356 temporainana,
1049 3295 1121 3353 Cepia
1135 3294 1240 3352 partica·

134 3365 159 3405 et
186 3309 256 3406 illum
284 3357 326 3419 qui
348 3358 446 3406 videtur
472 3358 557 3406 adesse
589 3374 670 3407 coram
703 3363 823 3414 irrumat
835 3362 909 3420 possit
925 3360 1078 3419 suppeditare.
1113 3353 1241 3416 Rejiciunt

134 3430 257 3470 mortuum
273 3422 349 3471 fuisse
365 3437 416 3469 non
434 3422 539 3485 amplius
557 3422 670 3471 memini·
702 3423 857 3485 interpretes,
871 3438 917 3469 nec
927 3437 1046 3484 repugno,
1058 3419 1169 3482 quamvis
1183 3434 1239 3466 sen·

134 3500 196 3534 mue·
703 3486 781 3535 tentia
791 3485 930 3550 probabilis,
943 3495 968 3534 et
978 3485 1035 3533 huic
1046 3485 1100 3532 loco
1111 3490 1240 3532 consenta-

168 3548 222 3601 765.
246 3553 349 3598 Reddita
364 3551 430 3608 vitai,
447 3549 503 3613 eta]
522 3551 552 3598 Id
569 3559 614 3608 est,
631 3549 671 3598 cui
703 3567 750 3600 nea
762 3550 817 3599 elici
830 3550 901 3598 exiis
912 3549 997 3614 possit
1226 3568 1247 3574 ¹*

134 3628 266 3663 morscum
278 3614 488 3664 vita'commutata
504 3624 554 3671 est;
575 3617 670 3663 Lambi·
737 3615 792 3667 778.
806 3617 1085 3677 Maitaqaeiniisretat
1108 3615 1228 3661 samaiae

134 3695 184 3727 aar.
202 3681 379 3734 Redditaoita3
397 3678 672 3728 Salmasiusareddire:
705 3681 755 3728 Seu
776 3682 929 3742 quaerendum.
965 3679 1050 3741 Usque
1074 3631 1108 3726 ed
1133 3694 1155 3726 v.
1185 3679 1241 3727 820.

135 3744 201 3806 apud
217 3745 332 3792 Plautum
348 3746 443 3792 reddita
462 3744 559 3806 legitur.
594 3745 673 3793 Faber
705 3745 859 3793 difficultates
868 3744 984 3806 quasdam
992 3743 1115 3807 proponit,
1126 3751 1152 3791 et
1162 3742 1242 3807 expli·

134 3807 247 3871 denique,
256 3811 350 3857 reddita
359 3811 419 3857 vitai
422 3809 475 3871 jam
483 3809 576 3866 Pausa;
593 3811 673 3858 Paasa
704 3820 759 3858 cat:
782 3809 886 3873 primam
902 3825 925 3858 v.
943 3810 965 3857 9.
982 3808 1168 3872 complectiture
1185 3822 1243 3861 cum

135 3875 197 3931 rite,
208 3889 289 3922 mors:
308 3872 342 3920 ite
354 3888 419 3936 saepe
431 3873 567 3922 Lucretius.
704 3890 749 3939 per
760 3874 906 3923 simulachra
915 3889 986 3922 mens
997 3873 1124 3938 percipiat,
1136 3873 1202 3920 unde
1211 3872 1243 3920 de

169 3936 224 3989 770.
237 3936 363 4000 mantii]
376 3936 442 3992 Quid
454 3937 475 3985 si
486 3940 616 3986 disceruit?
704 3955 739 3997 re,
752 3954 895 4001 quacunque
905 3938 973 3996 libet,
985 3938 1137 4001 cogitamus?
1154 3937 1241 3985 volan·

170 4002 233 4051 Ibid
262 4005 375 4065 Latiique
403 4000 513 4065 potitam]
544 4003 583 4051 Ita
609 4017 674 4065 sepe
706 4012 781 4052 tatem
804 4003 870 4052 enim
888 4013 996 4052 noemam
1016 4004 1145 4051 observare
1168 4001 1244 4048 etad

137 4066 255 4124 Plautum
270 4071 359 4129 petitas
375 4070 479 4124 hostiam,
490 4067 517 4115 id
528 4076 572 4126 est,
585 4066 612 4116 in
627 4083 672 4131 po·
705 4078 792 4116 nutum
808 4083 935 4116 accurrere
953 4067 1080 4130 imagines,
1101 4065 1127 4114 id
1144 4064 1244 4127 quidem

136 4139 251 4181 testatem
260 4132 368 4181 hostium
378 4132 497 4180 redactus.
704 4133 835 4180 ridiculum
852 4133 955 4182 videtur.
989 4131 1094 4188 Deinde,
1106 4145 1129 4178 v.
1147 4130 1169 4176 6.
1187 4141 1244 4177 cnm

171 4195 226 4247 772.
241 4199 307 4249 Quod
316 4204 425 4260 caperest,
436 4195 494 4259 ete]
507 4196 556 4245 Sed
571 4197 623 4244 hac
639 4195 673 4244 si·
706 4197 853 4245 simulachra
870 4207 935 4260 apte,
955 4211 1091 4252 numerose,
1113 4203 1139 4242 et
1156 4193 1244 4240 decore

138 4260 264 4309 mulachra
282 4277 336 4322 quae
358 4277 403 4325 per
424 4276 537 4310 somnum
555 4269 676 4325 apparent
707 4261 795 4310 saltare
811 4261 994 4319 videsomnis
1011 4275 1040 4308 ea
1055 4258 1183 4308 credemus
1199 4257 1246 4306 hos
