2872 4852
416 298 418 302 ,
460 227 627 293 LIBER
658 227 876 293 PRIMUS.
1184 227 1223 289 17

200 386 255 449 Sic
270 385 370 468 igitur
385 384 507 448 debent
522 383 640 449 Vnuut
655 406 785 467 quoque
801 383 930 447 flamina
946 381 1042 446 ferri:

200 488 297 561 Quae,
313 485 412 551 veluti
426 484 568 550 validum
582 485 713 562 flumen,
730 507 803 551 cum
818 486 1024 569 procubuere

200 586 388 660 Quamlibet
402 589 435 652 in
450 600 587 673 partem,
603 590 741 653 trudunt
756 610 808 652 res
824 598 911 664 ante,
928 597 1092 671 ruuntque

200 689 379 774 Impetibus
395 692 518 755 crebris
531 719 539 768 ;
563 691 726 757 interdum
741 691 861 754 vertice
877 699 965 754 torto

135 805 182 849 295
201 791 401 876 Corripiunt,
418 794 598 877 rapidoque
614 793 754 857 rotantia
769 792 899 856 turbine
914 799 1056 875 portant.

199 895 312 967 Quare
326 895 422 958 etiarn
438 906 536 979 atque
552 896 649 963 etiam
664 906 741 959 sunt
756 893 873 957 Vsum
888 892 1036 978 Corpora
1050 915 1155 957 caeca:

199 997 475 1080 Quandoquidem
490 996 584 1061 factis
599 1019 638 1060 ac
652 996 808 1072 moribus,
824 993 939 1059 aemula
954 995 1078 1078 magnis

199 1097 360 1162 Amnibus
375 1098 593 1174 inveniuntur,
609 1108 724 1182 aperto
740 1097 888 1181 Corpore
903 1098 959 1182 qui
974 1107 1060 1160 sunt.

241 1200 329 1264 Tum
342 1223 441 1283 porro
457 1201 561 1264 varios
577 1222 684 1264 rerum
701 1201 857 1264 sentimus
873 1198 1027 1274 Oeonas,

135 1316 183 1361 300
199 1301 274 1366 Nec
289 1314 397 1367 tamen
414 1303 456 1366 ad
472 1303 577 1367 nareis
594 1303 771 1366 venienteis
787 1303 946 1371 cernimus
962 1323 1124 1384 unquam;

199 1403 274 1467 Nec
288 1402 409 1467 calidos
425 1403 552 1468 AEsrus
567 1404 698 1480 tuimur,
714 1426 775 1467 nec
790 1403 949 1467 Fumone
965 1404 1092 1487 quimus

199 1506 371 1590 Usurpare
387 1505 499 1583 oculis,
515 1529 576 1571 nec
592 1506 705 1570 Voces
719 1528 853 1572 cernere
869 1510 998 1569 suemus
1012 1533 1020 1583 ;

200 1609 286 1681 Quae
300 1619 408 1672 tamen
424 1608 530 1674 onmia
545 1607 713 1692 Corporea
728 1618 878 1672 constare
893 1630 1027 1672 necesse
1042 1608 1082 1672 'st

198 1710 348 1788 Natura3
371 1712 524 1794 quoniam
539 1734 654 1775 sensus
669 1711 834 1796 impellere
849 1721 1006 1795 possunt:

134 1826 181 1871 305
201 1813 373 1876 Tuscana
385 1834 472 1885 nuru
483 1835 526 1877 ur
535 1835 653 1892 pauor,
662 1835 730 1878 rust
740 1835 878 1891 coneus,
890 1834 1003 1877 nunna
1014 1833 1139 1878 rorusr
1151 1835 1221 1877 aas.

173 1999 176 2004 .
242 1914 407 1998 Denique,
424 1914 609 2000 fluctifrago
624 1938 792 2000 suspensas
807 1916 840 1979 in
853 1914 963 1985 littore
978 1915 1098 1983 Vestes

199 2016 379 2094 Uvescunt,
396 2018 520 2081 eaedem
536 2019 699 2102 dispansae
714 2018 747 2080 in
762 2016 839 2080 Sole
856 2028 1042 2093 serescunt3

110 2233 178 2281 dior:
198 2249 247 2280 non
260 2233 404 2282 solicitunda
416 2242 454 2282 est
469 2234 546 2296 igitur
562 2233 604 2280 illa
616 2234 650 2280 al·
686 2233 818 2296 particulas
846 2233 920 2281 nimis
945 2234 1051 2282 minutas
1079 2235 1156 2299 aspici
1179 2237 1223 2285 ali·

115 2308 166 2345 tera
174 2296 255 2355 lectio,
262 2314 334 2359 quam
344 2307 413 2346 vetus
422 2297 518 2346 Latium
526 2299 651 2360 probaret;
686 2297 782 2358 quando
791 2296 868 2344 dividi
880 2297 1034 2407 experimur:
1055 2300 1134 2346 Panni
1151 2301 1224 2360 enim,

114 2365 206 2424 ruitque
222 2363 302 2410 forsan
320 2362 416 2409 admitti
433 2370 521 2424 potest,
537 2372 561 2409 et
577 2362 653 2425 probe
686 2370 728 2408 aut
739 2361 816 2408 lintea
826 2363 899 2422 juxta
924 2361 984 2409 ittus
1001 2377 1108 2426 expansa
1126 2364 1224 2414 humes·

115 2426 272 2489 respondebit
288 2433 401 2486 ruuntque
414 2442 436 2474 v.
449 2427 504 2474 293.
522 2426 552 2472 ab
569 2424 652 2472 istius·
686 2434 752 2481 cunt,
765 2440 779 2471 a
791 2423 855 2471 Solis
871 2425 951 2472 calore
969 2434 1050 2473 autem
1070 2427 1158 2476 iterum
1177 2430 1224 2478 sic·

115 2490 182 2538 modi
193 2490 268 2538 etiam
285 2489 391 2537 hiatibus
407 2505 456 2538 non
468 2490 600 2538 abhorrent
610 2504 652 2536 ve·
686 2496 785 2544 cantum
804 2498 829 2536 at
838 2488 897 2536 istas
907 2491 980 2550 Aque
989 2490 1121 2552 particulas
1133 2494 1225 2543 Pennis
1276 2506 1278 2510 ’

115 2564 180 2602 teres
191 2555 280 2603 Poetae.
685 2552 828 2610 insidentes,
840 2552 880 2600 vel
893 2554 923 2600 ab
942 2553 973 2601 iis
990 2555 1139 2616 recedentes,
1152 2574 1225 2607 uemo

148 2621 203 2668 295.
217 2622 351 2681 Rapidoque
362 2618 476 2681 rotantia]
489 2618 548 2676 Alii,
561 2620 651 2678 rapidi·
685 2633 792 2679 unquam
804 2616 872 2664 vidit.

114 2701 157 2746 que
177 2688 295 2732 rotantia:
319 2687 439 2745 rapidique
460 2687 554 2740 rotanti,
572 2682 653 2730 Gite
721 2682 782 2730 lbid.
797 2680 1108 2748 Fluet'u‘ragoffluets'uogo.
1127 2688 1225 2736 Nonius

115 2760 163 2798 vet.
178 2748 260 2798 Codic.
278 2748 381 2814 perinde
398 2757 441 2797 est.
477 2748 579 2796 Mallem
597 2762 654 2795 vero
687 2747 713 2794 in
725 2763 784 2795 voce
795 2750 893 2795 Sereseo.
1192 2745 1210 2764 ⁸

114 2818 223 2873 rotantia,
247 2822 275 2862 ut
297 2831 319 2862 v.
347 2815 401 2861 280.
440 2816 520 2861 Subito
546 2816 654 2860 vexantia
720 2813 775 2863 307.
798 2810 1083 2874 Ueeseuatfflumescunt,
1097 2817 1223 2865 undeuu-

115 2882 206 2927 turbs'ne
217 2886 319 2940 raptant.
687 2879 736 2925 dus.

148 2943 203 2994 297.
216 2941 334 3004 Moribus]
348 2943 386 2990 Ita
396 2943 495 3006 plurimi
508 2950 554 2990 vet.
576 2942 653 2989 Codd.
720 2940 783 2989 lbid.
796 2940 932 3002 Dispansea]
942 2942 1026 3004 Aliqui
1037 2943 1101 3002 libri,
1111 2948 1226 2995 candenti.

115 3007 214 3070 quidam
225 3018 307 3056 autem
325 3008 397 3055 MSS.
410 3017 436 3055 et
450 3007 571 3071 impressi,
587 3010 654 3054 moti·
689 3005 748 3064 Alii,
760 3009 875 3067 dispessoe,
888 3020 919 3052 ex
931 3007 961 3054 A.
975 3007 1063 3066 Gellio,
1074 3009 1116 3057 lib.
1131 3011 1187 3058 XV.
1205 3028 1225 3060 c.

117 3077 164 3120 bus.
194 3072 327 3136 Virgilius:
354 3075 436 3120 Ventos
451 3080 474 3120 et
491 3075 579 3120 uarium
598 3074 656 3120 Coeli
691 3073 727 3118 15.
741 3071 782 3133 qui
793 3071 906 3119 observat
911 3087 1005 3131 passum
1016 3077 1124 3134 spendo,
1137 3084 1162 3123 et
1170 3091 1227 3124 curn

114 3141 240 3198 predicere
252 3154 333 3185 morem
346 3139 409 3185 Cura
420 3140 457 3184 stt.
688 3135 861 3200 praepositione
872 3151 999 3195 espossum,
1009 3152 1057 3184 non
1069 3154 1200 3200 expansum,
1212 3157 1227 3189 a

150 3204 205 3251 299.
223 3199 369 3264 Tum'porro,
382 3200 438 3263 etc]
453 3205 521 3258 osuin,
534 3200 583 3248 Gis.
603 3201 654 3248 Ite·
688 3200 812 3248 veteribus
829 3199 891 3254 dici3
916 3199 1077 3265 Plautumque
1097 3203 1123 3250 in
1145 3204 1227 3253 Milite

117 3282 171 3314 rum
188 3268 260 3315 docet
276 3283 299 3314 v.
319 3265 341 3316 7.
361 3281 432 3329 posse
449 3281 502 3313 esse
518 3265 547 3312 in
563 3266 656 3312 Rerum
689 3264 809 3323 Glorioso,
822 3265 877 3312 Act.
891 3263 927 3314 11.-
940 3275 973 3314 sc.
985 3266 1007 3313 l.
1018 3282 1041 3313 v.
1054 3267 1076 3313 6.
1089 3276 1114 3315 et
1126 3267 1148 3317 7.
1166 3264 1226 3316 scri-

118 3332 213 3380 Natura
240 3333 362 3391 Principia
390 3331 500 3393 quaedam
531 3345 655 3392 corporea,
689 3330 753 3386 bere,
768 3332 840 3377 Credo
856 3344 898 3390 ego
913 3334 986 3377 isthoc
1002 3334 1101 3392 exempla
1117 3335 1162 3379 titi
1179 3349 1227 3381 esse

118 3395 229 3456 quamvis
245 3396 291 3442 sub
307 3394 390 3441 oculos
406 3409 456 3440 non
473 3393 578 3448 eadunt;
600 3409 656 3440 cum
689 3396 786 3440 eundum
797 3400 899 3440 actutum
911 3402 977 3441 extro
990 3401 1087 3454 portam,
1101 3395 1227 3459 Dispessis

117 3459 230 3515 calorem,
248 3458 342 3514 odores,
361 3472 440 3514 sonos,
462 3456 586 3519 frigusque
603 3472 656 3504 esse
689 3460 794 3504 manibus
802 3458 933 3518 patibulum
944 3474 994 3505 eum
1006 3461 1106 3521 habebis.
1133 3460 1228 3510 Eadem

118 3539 203 3571 omnes
217 3522 333 3578 fatentur,
344 3537 404 3583 quae
425 3530 507 3568 tamen
522 3536 595 3568 nemo
609 3535 656 3567 un·
691 3519 791 3568 Servius
819 3521 850 3568 ad
876 3537 899 3569 v.
924 3523 979 3569 484.
1008 3519 1049 3570 lib.
1079 3524 1100 3572 Ι.
1127 3525 1226 3575 AEneid.

118 3586 278 3650 quamoculis
286 3585 420 3650 usurpavit
448 3585 500 3633 Ista
510 3601 567 3633 vero
576 3584 658 3633 omnia
691 3584 726 3631 At
742 3588 854 3645 dispensa
873 3586 984 3650 agnoscit
1004 3588 1101 3637 Nonius
1121 3588 1147 3637 in
1169 3607 1228 3640 voce

118 3649 658 3715 corporeaessequisdubitetdumimpellunt
690 3651 788 3697 Seresoo.
829 3650 963 3700 Lambinus
987 3661 1069 3701 autem
1094 3654 1140 3702 hos
1166 3655 1228 3704 duos

117 3733 212 3776 seusus,
229 3716 333 3779 ideoque
350 3719 468 3778 tangunt?
489 3715 658 3776 Quodcunque
690 3729 774 3762 versus
782 3713 817 3762 ita
825 3714 941 3778 legendos
950 3730 1041 3775 censet,
1051 3721 1162 3780 Denique,
1167 3723 1228 3781 flue-

118 3792 201 3831 autem
221 3781 260 3831 vel
281 3785 365 3844 tangit,
383 3780 423 3827 vel
440 3784 553 3843 tangitur,
574 3779 601 3826 id
620 3787 658 3827 est
690 3778 775 3842 usrago
784 3778 891 3841 dispens
901 3785 925 3829 tn
937 3785 1013 3830 littore
1022 3793 1095 3832 vestes
1108 3787 1228 3842 Uveseunt,

118 3849 221 3911 Corpus.
253 3849 339 3908 Corpus
366 3846 452 3893 Graece
480 3843 604 3902 definitur,
628 3843 657 3892 τὸ
689 3843 1122 3896 eademcondentttnSotesereeeunt.

119 3912 242 3974 δρόμενον,
251 3907 454 3974 ἤπιίσχον,.σῶμά
463 3910 524 3958 ἐστι·
532 3925 604 3972 quam
613 3909 656 3957 de·
723 3908 786 3957 lbid.
811 3910 944 3974 Serescunt]
957 3913 1079 3960 discantur
1085 3931 1095 3967 ,-
1112 3914 1177 3975 quod
1189 3930 1227 3962 se-

118 3977 255 4026 finitionem
267 3975 406 4039 significare
418 3974 503 4023 volens
519 3973 656 4031 Lucretius,
688 3972 781 4022 tenitas
789 3973 854 4022 sicca
864 3975 903 4024 sit.
938 3974 979 4023 Sic
989 3975 1109 4040 Virgilius
1121 3978 1191 4025 docte
1203 3977 1229 4026 in

118 4042 153 4090 ita
168 4042 273 4106 scripsit,
294 4043 398 4104 Tangere
409 4042 469 4087 enim
485 4047 508 4087 et
525 4043 597 4101 tongi,
613 4041 659 4086 nisi
692 4039 780 4102 Georg.
797 4038 813 4086 l.
833 4039 853 4087 Ι.
887 4035 1062 4089 Usdeserenas
1077 4044 1162 4090 Vesus
1174 4050 1230 4105 agat

120 4110 215 4169 Corpus,
226 4109 291 4154 nulla
297 4113 423 4167 potestree.
442 4105 473 4152 A.
486 4103 588 4162 Gellius,
601 4103 616 4151 l.
627 4104 657 4150 V.
692 4105 768 4152 nubes.
795 4104 964 4162 Idest,stccaa
990 4105 1060 4153 Idem
1072 4105 1229 4154 alioinloco:
1265 4145 1273 4157 .

119 4189 140 4219 c.
155 4175 191 4220 15.
690 4171 766 4230 Atque
789 4168 858 4217 arida
884 4172 963 4232 differt
990 4172 1096 4224 Nubila·
1125 4170 1229 4217 Nonius.

153 4237 208 4284 306.
227 4239 339 4298 Denique,
351 4233 408 4297 eta]
426 4233 483 4282 Alio
500 4250 522 4282 v.
541 4234 563 4281 6.
581 4232 659 4281 utitur
691 4236 826 4282 Sereseunt:
844 4233 998 4296 ξηραίνονται,
1012 4235 1038 4282 in
1051 4235 1127 4284 veteri
1139 4233 1229 4281 Vulca-

121 4300 249 4364 exemplo:
266 4303 336 4362 Aqua
347 4309 385 4348 est
396 4301 489 4361 Corpus,
507 4307 533 4346 at
548 4298 614 4346 illam
631 4298 657 4345 in
692 4297 727 4345 nii
739 4299 904 4347 Onomastico.

824 4377 840 4409 o
