2872 4852
444 241 616 308 LIBER
647 242 868 308 PRIMUS.
1166 245 1209 308 at

184 396 255 461 Aut
269 397 340 461 aliis
356 397 448 482 fungi
462 399 597 463 debebit
612 401 785 484 agentibus
799 401 926 484 ipsum;

184 499 255 564 Aut
269 501 341 577 erit,
357 512 395 564 ut
409 503 535 585 possint
547 502 580 566 in
594 524 635 566 eo
649 525 701 568 res
716 525 800 580 esse,
816 503 970 587 gerique:

183 601 231 670 At
245 603 401 668 faeereet
415 604 508 688 fungi
524 606 591 669 sine
607 605 773 670 Coarorur
789 604 876 669 nulla
891 613 1001 689 potest
1016 626 1089 682 res3

118 715 165 762 445
184 705 258 770 Nec
268 708 417 791 praebere
433 707 540 773 locum
555 730 664 792 porro,
680 709 743 772 nisi
756 707 868 785 Inane,
884 706 1102 791 Vacansque:

183 808 275 892 Ergo
289 821 409 893 praeter
424 811 548 887 Inuus,
566 821 599 875 et
615 812 792 888 Conrone,
808 812 904 875 tertia
919 833 979 896 per
995 832 1030 875 se

183 909 284 974 Nulla
298 922 408 996 potest
421 935 530 978 rerum
546 913 580 977 in
595 935 729 979 numero
744 923 862 978 natura
875 913 1032 997 relinqui3

181 1011 267 1090 Nec,
283 1037 357 1098 quoe
373 1017 434 1080 sub
450 1038 564 1081 sensus
581 1017 677 1082 cadat
691 1016 757 1081 ullo
772 1027 919 1100 tempore
934 1026 1076 1092 nostros,

182 1114 256 1180 Nec
271 1117 395 1182 ratione
411 1119 505 1182 animi
520 1142 618 1204 quam
633 1120 804 1203 quisquam
819 1119 925 1203 possit
941 1118 1052 1202 apisci.

117 1227 165 1274 450
226 1218 325 1296 Nam,
341 1243 544 1305 quaecunque
558 1220 677 1299 cluent,
694 1232 751 1285 aut
766 1221 817 1285 his
834 1221 1043 1284 Coniuncta
1058 1220 1186 1284 duabus

182 1320 298 1384 Rebus
313 1319 353 1385 ea
366 1323 509 1387 invenies
523 1349 531 1400 ;
554 1333 610 1387 aut
624 1322 744 1387 horum
758 1322 907 1386 Evnrtru
923 1322 1060 1386 videbis.

183 1421 420 1487 Couruucruu
433 1425 473 1489 ’st
487 1425 532 1502 id,
550 1426 639 1509 quod
655 1447 820 1508 nunquam
836 1425 904 1488 sine
920 1422 1087 1508 perniciali

183 1523 333 1588 Discidio
347 1527 434 1609 potis
449 1537 501 1591 est
516 1529 654 1612 sejungi,
673 1550 774 1611 seque
789 1527 936 1611 gregori:

183 1625 318 1691 Pondus
333 1628 382 1692 uti
398 1629 495 1706 saxis,
513 1629 611 1693 Calor
625 1628 760 1714 ignibu’,
779 1628 905 1712 Liquor
920 1631 1028 1713 aquai,

117 1739 164 1786 455
183 1727 308 1794 Tactus
324 1729 527 1815 Corporibus
541 1733 679 1810 cunctis,
696 1731 843 1797 Intactus
860 1730 963 1795 Inani.

182 1830 356 1896 Servitium
370 1843 495 1911 contra,
511 1833 678 1912 Libertas,
695 1833 904 1917 Divitiaeque,

181 1933 376 2018 Paupertas,
393 1933 532 2013 Bellum,
551 1936 745 2013 Concordia,
762 1946 891 2012 caetera,
908 1957 1047 2020 quorum

181 2036 340 2102 Adventu
355 2049 463 2103 manet
478 2039 646 2103 incolumis
662 2049 790 2117 natura,
807 2039 982 2122 abituque;

180 2139 265 2204 Haec
281 2139 366 2204 soliti
382 2164 504 2218 sumus,
521 2152 558 2204 ut
573 2163 633 2225 par
647 2152 709 2218 est,
727 2140 874 2204 Evurtrn
889 2161 1017 2204 vocare.

116 2251 164 2298 460
224 2241 372 2326 Tempus
386 2244 463 2307 item
477 2265 537 2326 per
553 2266 587 2307 se
600 2254 738 2320 nonest,
755 2243 815 2306 sed
830 2240 947 2306 Rebus
963 2243 1005 2305 ab
1019 2241 1099 2324 ipsis

182 2342 403 2427 Consequitur
418 2367 545 2421 sensus,
561 2353 761 2408 transactum
775 2343 856 2426 quid
871 2343 914 2407 sit
927 2344 961 2406 in
976 2363 1066 2419 aevc3

181 2443 280 2521 Tum,
296 2467 371 2528 quae
387 2443 456 2509 Res
472 2447 589 2523 instet3
614 2446 692 2529 quid
708 2464 808 2530 porro
823 2445 942 2509 deinde
959 2455 1132 2529 sequatur:

179 2544 254 2610 Nec
268 2568 328 2630 per
344 2569 378 2610 se
395 2568 589 2630 quemquam
604 2546 747 2611 Tuurus
764 2547 884 2611 sentire
899 2545 1044 2611 fatendu'
1059 2556 1110 2611 est

181 2647 348 2712 semotum
362 2650 404 2712 ab
419 2670 528 2712 rerum
541 2659 643 2725 motu,
659 2648 853 2733 placidaque
868 2650 989 2733 quiete.

95 2827 156 2875 ἔστι·
172 2827 201 2875 rb
213 2825 502 2886 attentantem,
515 2827 571 2876 οὔτε
587 2845 632 2875 πα·
668 2825 834 2889 (συμβεβηκὸς
854 2827 906 2877 sive
925 2826 1048 2875 Accidens
1065 2824 1208 2886 commune)

95 2893 145 2940 θεῖν
160 2889 263 2950 δύναται,
274 2891 341 2941 ἀλλὰ
351 2891 445 2951 κίνησιν
455 2891 528 2952 μόνον
539 2892 567 2940 δι’
580 2893 633 2941 {aa
667 2892 732 2954 quod
742 2901 824 2956 potest
835 2893 919 2942 abesse
931 2891 969 2941 vel
981 2892 1066 2940 adesse
1080 2891 1134 2940 sine
1150 2891 1207 2939 sub·

94 2957 139 3003 τοῦ
149 2959 199 3006 τοῖς
210 2957 303 3018 σώμασι
315 2955 422 3020 παρέχει
664 2957 725 3019 jecti
741 2957 856 3013 interitu3
877 2957 949 3020 quale
966 2966 1004 3005 est
1020 2956 1125 3014 Bellum,
1143 2955 1207 3003 Pau-

127 3023 182 3069 44³.
200 3021 312 3085 Geriqne]
325 3025 434 3085 Geniqne,
443 3022 470 3070 P.
479 3031 505 3070 et
513 3021 568 3070 alii:
587 3021 633 3070 inr-
667 3031 757 3085 pertas,
770 3022 914 3080 Concordia,
926 3031 973 3070 etc.

94 3087 176 3148 probe.
699 3087 755 3134 460.
775 3084 1003 3148 Tempuettem,etc.]
1013 3084 1063 3141 Qui
1072 3085 1207 3148 Pauperta-

129 3150 191 3198 lbid.
206 3151 317 3214 Gertqne]
334 3155 400 3201 Fieri
416 3159 442 3199 et
457 3155 558 3206 monem
575 3151 634 3199 dum
667 3159 724 3206 tem,
747 3151 823 3209 Bella,
843 3151 940 3209 Pacem,
961 3160 1006 3198 etc.
1026 3149 1092 3198 inter
1112 3150 1210 3197 Eventa

93 3215 161 3263 enim
178 3233 260 3278 gerere
277 3217 343 3264 idern
360 3216 425 3280 apud
443 3217 585 3264 Lucretium
606 3231 634 3264 ac
668 3215 725 3279 poni
746 3215 812 3263 haud
831 3216 940 3278 graviter
959 3214 1077 3271 ferebant,
1094 3214 1207 3276 magnifi-

87 3277 170 3339 socere
190 3290 232 3328 aut
252 3284 422 3338 administrare,
440 3289 468 3328 ut
490 3280 515 3328 in
536 3297 559 3327 v.
579 3281 634 3328 329.
667 3279 763 3328 centius
776 3280 807 3328 de
821 3282 928 3341 Tempore
941 3279 1087 3327 sentiebant.
1116 3277 1208 3339 Pytha-

96 3347 234 3405 Gorpertbns
250 3348 316 3392 cecis
334 3347 429 3392 Natura
445 3343 509 3406 gerit
525 3361 568 3400 ree,
586 3343 632 3392 im·
666 3359 744 3406 goras,
759 3344 909 3400 Heraclitus,
921 3342 962 3391 alii
981 3342 1042 3404 (vid
1055 3341 1210 3404 Empiricum

94 3409 182 3456 merito
211 3408 322 3456 Lambin.
363 3407 477 3456 Gifanius
507 3417 635 3456 succenset
666 3408 720 3455 adv.
745 3408 818 3470 Phys.
839 3407 881 3455 lib.
906 3406 993 3468 XXI.)
1023 3407 1119 3470 Corpus
1141 3422 1208 3462 esse;

94 3473 160 3534 quod
179 3476 232 3534 gere·
256 3472 432 3534 interpretetur
453 3476 552 3520 moveri.-
581 3471 634 3519 siue
667 3470 743 3519 Stoici
766 3486 825 3519 vero
846 3471 1019 3535 incorporeum
1041 3470 1134 3533 aliquid
1154 3487 1208 3520 esse

94 3546 164 3584 motu
175 3536 240 3584 enirn
253 3535 315 3584 nihil
326 3537 421 3584 Natura
430 3535 469 3584 vel
481 3535 531 3598 agit
541 3535 580 3583 vel
590 3535 633 3583 ed·
667 3535 816 3583 docuerunt:
840 3535 880 3584 bis
898 3536 1011 3584 omuibus
1029 3535 1132 3599 Epicuri
1152 3553 1208 3585 sen-

94 3600 225 3650 minirtrat
668 3599 769 3648 tentiam
781 3616 804 3649 v.
822 3602 845 3648 5.
863 3600 965 3665 opponit
982 3600 1119 3660 Lucretius,
1136 3616 1210 3664 quern

126 3668 182 3714 450.
195 3669 265 3724 Nem,
273 3663 562 3729 quecunqneetoentnra]
571 3665 634 3714 Cum
667 3664 758 3730 accipe,
767 3665 862 3724 Lector,
875 3665 998 3714 Gassendi
1005 3665 1087 3715 verbis
1099 3666 1209 3715 luculen-

92 3747 151 3780 vero
162 3730 268 3796 plurima
284 3730 388 3780 dicimus
404 3747 452 3779 ease
468 3738 558 3794 prater
572 3731 632 3778 Cor·
667 3730 716 3778 tius
735 3730 896 3795 explicatam:
924 3733 1021 3793 Tempus
1041 3738 1077 3780 ert
1096 3734 1210 3780 Euentnnr

93 3812 140 3860 pus
157 3805 183 3845 et
200 3797 286 3855 Inane,
303 3805 330 3844 ut
348 3795 445 3845 Bellum
463 3804 505 3854 eet,
524 3796 577 3843 Pax
592 3803 634 3854 eet,
666 3799 802 3859 cogitatione
813 3798 928 3844 duntaxat
936 3813 978 3844 eeu
989 3804 1061 3845 mente
1072 3799 1211 3844 attributum

94 3861 167 3910 Calor
178 3869 219 3920 eat,
233 3871 278 3910 etc.
292 3877 323 3909 ue
336 3877 367 3909 ex
383 3861 507 3910 communi
522 3860 570 3909 boc
586 3876 633 3910 usu
665 3864 740 3919 rebne,
759 3869 828 3923 prout
847 3864 1006 3923 eondpinntnr
1025 3864 1050 3909 in
1069 3877 1102 3917 eo,
1122 3865 1147 3909 in
1166 3878 1210 3924 qno

93 3927 208 3990 loquendi
216 3943 310 3976 errores
319 3934 574 3984 nascerentur‚monet
581 3941 632 3974 ver.
665 3934 726 3983 eunt,
747 3933 810 3974 stota
827 3942 974 3987 perseuerare
994 3934 1036 3975 eat
1056 3929 1166 3983 desinere,
1187 3934 1211 3975 et

96 3994 132 4040 10.
145 3993 196 4040 haec
213 3992 296 4041 omnia
314 3992 441 4055 conjunctu
458 3999 554 4039 tantum
571 4006 632 4049 esse,
666 3994 788 4054 longiorem
799 3998 841 4039 ant
858 3994 980 4039 brectoren
997 3994 1142 4038 existentiam
1159 3999 1209 4039 tne-

94 4057 133 4104 vel
152 4061 242 4106 Euentu
262 4057 380 4121 Corporis
398 4066 423 4105 et
445 4055 545 4105 Inanis:
573 4058 632 4104 Con·
666 4059 704 4110 rt't
722 4072 750 4104 ec
766 4059 839 4118 ipram
855 4058 945 4114 hebere,
958 4057 1070 4113 babuisse,
1085 4063 1127 4103 ont
1142 4059 1209 4104 bebi-

86 4121 194 4184 jnnotnm
213 4120 357 4184 (σύμπτωμα
373 4121 424 4170 sive
440 4120 568 4184 proprium
583 4121 632 4168 Ac·
667 4129 725 4168 tura
736 4137 791 4169 erse.

94 4186 189 4246 cidens)
202 4188 315 4250 estquod
327 4203 376 4235 uon
388 4195 469 4252 potest
484 4187 568 4234 abesse
580 4185 634 4234 sine
699 4186 755 4234 462.
779 4184 864 4247 Porro]
885 4188 947 4233 Pars
967 4184 1043 4232 edidit
1062 4184 1150 4246 Fayus,
1168 4198 1209 4231 eo-

94 4250 318 4313 interitusubjecti:
333 4249 633 4314 qualeestcalorinigne‚
667 4250 723 4298 dem
743 4250 837 4312 judicio
857 4265 905 4313 quo
922 4265 944 4298 v.
962 4248 1017 4300 476.
1043 4250 1113 4294 Clara
1133 4246 1209 4296 inter·

97 4315 239 4364 Humiditas
251 4316 278 4363 in
295 4332 364 4378 aqua,
377 4326 422 4365 etc.
453 4319 565 4364 Euentum
577 4331 634 4364 vero
668 4324 778 4378 pretatur
789 4324 827 4362 est
838 4318 961 4363 notissima.

804 4391 820 4424 r:
