2872 4852
220 250 264 313 99
605 242 648 308 T.
674 241 943 307 LUCRETII

242 417 291 463 580
309 401 472 478 Ploratus,
487 399 599 464 mortis
615 401 759 477 comites,
775 409 808 463 et
823 397 946 463 funeris
962 398 1034 462 atri.

350 503 437 567 Illud
449 503 482 566 in
497 502 549 567 his
564 502 771 587 obsignatum
786 523 917 586 quoque
932 501 1032 565 rebus
1048 499 1174 566 habere

308 605 477 682 Convenit,
493 615 526 669 et
540 605 673 668 memori
687 604 874 668 mandatum
889 612 995 667 mente
1010 613 1141 667 tenere:

307 708 366 772 Nil
380 730 453 772 esse
467 708 501 770 in
514 716 679 791 promptu,
696 728 833 789 quorum
849 716 965 769 natura
980 715 1121 782 tenetur,

309 811 411 885 Quod
425 831 545 895 genere
561 831 603 872 ex
619 831 686 872 uno
700 809 857 872 consistat
873 807 1130 891 Principiorum3

244 927 291 973 555
309 913 384 978 Nec
398 914 582 997 quicquam,
597 911 687 995 quod
700 933 765 975 non
779 911 936 995 permisto
953 911 1073 974 semine
1088 919 1225 974 constet.

309 1017 355 1079 Et
370 1037 466 1098 quam
480 1014 619 1099 quicque
633 1013 735 1096 magis
750 1011 867 1077 multas
882 1012 929 1074 vis
944 1010 1093 1095 possidet
1109 1011 1142 1074 in
1158 1033 1204 1088 se,

309 1119 420 1202 Atque
436 1125 626 1200 potestates,
643 1115 688 1177 ita
702 1112 808 1198 pluria
823 1112 1063 1197 Principiorum

309 1219 348 1283 ln
364 1241 436 1282 sese
451 1240 582 1302 genera,
597 1238 635 1281 ac
650 1217 754 1280 varias
771 1215 867 1279 docet
882 1237 955 1279 esse
969 1213 1105 1298 figuras.

351 1320 529 1404 Principio,
545 1318 659 1383 Tellus
675 1318 776 1382 habet
789 1319 823 1380 in
839 1340 873 1382 se
889 1317 1037 1401 Corpora
1051 1319 1166 1401 prima,

245 1438 292 1486 550
311 1422 410 1488 Unde
426 1421 521 1486 Mare
536 1423 726 1487 immensum
741 1420 906 1485 volventes
922 1419 1054 1483 flumina
1069 1418 1177 1484 fontes

308 1524 453 1590 Assidue
469 1535 642 1589 renovent:
667 1523 777 1600 habet,
795 1521 892 1605 Ignes
908 1521 995 1585 unde
1011 1522 1168 1585 oriantur.

309 1627 396 1691 Nam
411 1625 519 1689 multis
535 1648 691 1690 succensa
705 1625 785 1688 locis
801 1624 918 1687 ardent
933 1622 1001 1687 sola
1016 1633 1131 1700 terrae;

310 1729 448 1792 Eximiis
463 1749 542 1791 vero
556 1727 635 1790 furit
649 1726 779 1810 ignibus
795 1727 935 1809 impetus
952 1725 1075 1789 AEtnae.

309 1829 397 1893 Tum
411 1850 512 1912 porro
525 1828 643 1891 nitidas
660 1827 799 1910 Fruges,
816 1826 1029 1910 Arbustaque
1044 1826 1119 1891 laeta

246 1946 292 1993 595
312 1932 476 1996 Gentibus
491 1929 640 1993 humanis
653 1928 754 1992 habet
769 1929 856 1992 unde
873 1927 1029 1994 extollere
1044 1930 1159 2013 possit.

311 2034 410 2098 Unde
424 2034 521 2097 etiam
536 2031 654 2096 fluidas
669 2031 840 2109 Frondeis,
856 2041 889 2096 et
905 2030 1032 2096 Pabula
1047 2031 1121 2097 laeta

311 2136 504 2220 Montivago
518 2135 630 2218 generi
646 2135 749 2218 possit
765 2134 912 2217 praebere
928 2132 1080 2197 ferarum.

354 2238 468 2311 Quare
482 2260 598 2322 magna
613 2236 722 2300 Derim
737 2246 851 2312 mater,
868 2245 1035 2319 materque
1050 2234 1203 2314 ferarum,

312 2341 359 2404 Et
375 2341 477 2405 nostri
491 2339 640 2425 genetrix
656 2338 740 2403 Haec
755 2339 843 2403 dicta
857 2338 897 2401 'st
912 2337 1068 2421 Corporis
1083 2361 1159 2403 una.

247 2454 295 2500 600
313 2443 411 2508 Hanc
425 2453 551 2507 veteres
568 2440 706 2506 Graitim
720 2441 810 2506 docti
824 2441 969 2506 cecinere
985 2439 1101 2504 Poetae

259 2694 313 2739 581.
331 2693 396 2738 Illud
411 2695 436 2740 in
452 2693 495 2750 115,
512 2690 569 2754 etc]
587 2690 716 2740 Hactenus
732 2688 763 2739 de
796 2690 900 2739 nistrare
912 2687 1109 2739 consideraverit.
1140 2686 1337 2737 Istaenimom·

225 2755 348 2803 infinitate
360 2763 496 2802 atomorum
507 2757 552 2804 sub
564 2771 709 2818 unoquoque
720 2771 762 2818 ge·
796 2755 838 2803 nia
848 2771 880 2802 ex
890 2755 1025 2804 seminibus
1034 2756 1142 2817 eJ'usdem
1151 2751 1337 2816 magnitudinis,

227 2835 286 2868 nere
298 2819 444 2881 figurarum:
455 2822 515 2880 jam,
527 2836 549 2868 v.
563 2822 585 2867 8.
597 2821 669 2868 docet
681 2821 762 2869 Mem·
795 2820 917 2894 ponderis,
930 2829 955 2868 et
966 2821 1049 2882 figurae
1061 2819 1120 2868 oriri
1130 2827 1260 2882 nequeant.
1282 2816 1336 2864 De·

226 2883 763 2947 miumrescompositasexseminibusunius
795 2884 860 2942 rude,
879 2901 902 2932 v.
921 2885 960 2932 61.
977 2885 1055 2932 multa
1071 2883 1197 2946 subJungit
1212 2882 1243 2930 de
1259 2890 1336 2940 terra,

227 2957 252 2997 et
263 2948 372 3010 ejusdem
389 2948 473 3010 figurae
487 2947 601 3011 componi
619 2964 668 2996 non
683 2964 763 3011 posse,
796 2958 869 3012 prout
883 2949 965 2997 Mater
983 2949 1092 2997 Deorum
1104 2958 1128 2996 et
1140 2946 1231 3012 Cybele
1242 2945 1309 2994 dicta
1319 2962 1336 2994 a

227 3021 253 3060 et
269 3011 348 3060 varias
364 3027 445 3061 rerum
464 3012 590 3060 facultates
602 3012 660 3060 oriri
677 3029 708 3060 ex
721 3028 762 3060 va·
796 3012 919 3061 veteribus
936 3013 1019 3061 Poetis
1035 3013 1089 3071 fuit,
1106 3021 1249 3061 ornamenta
1267 3010 1337 3059 illius

226 3077 313 3125 rietate
332 3076 459 3135 seminum,
479 3092 550 3138 quam
569 3077 672 3124 varietas
690 3076 763 3124 etiam
797 3077 858 3125 Dese
875 3077 997 3134 describit,
1017 3077 1134 3141 mysteria
1153 3077 1229 3126 totius
1246 3075 1337 3124 fabule

226 3150 377 3189 contextura
394 3151 509 3203 sequatur
521 3156 620 3189 necesse
632 3151 682 3197 est;
700 3141 764 3204 quod
797 3141 909 3204 explicat,
917 3142 1014 3190 deridet
1025 3141 1230 3206 superstitionem,
1240 3148 1265 3188 et
1277 3149 1333 3189 tan·

227 3205 280 3255 fuse
292 3205 351 3254 satia
362 3207 456 3269 probat.
797 3207 853 3254 dem
864 3209 1037 3255 Providentiam
1047 3207 1126 3270 ipsam
1138 3204 1260 3254 convellit.

261 3271 323 3320 Ibid.
350 3269 512 3334 obsignatum]
531 3268 650 3327 Dicimus,
671 3272 765 3318 reconde
831 3272 885 3318 590.
899 3268 1337 3333 Volcenterflomino]d'rigora,·oodex

226 3339 267 3385 hoc
278 3340 330 3384 imis
338 3339 448 3393 sensibus,
460 3334 587 3398 Virgilius,
599 3337 707 3383 Sensibus
723 3339 763 3382 hoc
795 3335 885 3392 Vossii,
897 3336 962 3398 quod
974 3335 1092 3383 Salmasio
1104 3335 1177 3384 unice
1188 3335 1275 3399 placet.

227 3403 287 3458 imis,
299 3417 336 3449 res
346 3409 381 3449 est
391 3418 435 3448 ooo
443 3417 524 3461 parvo,
534 3402 642 3448 reconde:
655 3400 698 3448 sed
709 3415 763 3462 quae
828 3401 883 3447 592.
897 3402 950 3448 Solo
962 3398 1042 3462 terror]
1055 3402 1124 3458 Loco,
1137 3398 1286 3449 Gassendus.

227 3464 285 3511 talia
300 3473 358 3512 sunt
368 3476 396 3513 ut
407 3466 543 3513 condantur
554 3464 604 3513 fere
620 3464 764 3528 plerumque
829 3467 883 3513 593.
908 3463 1019 3528 Eotms’tr]
1045 3465 1162 3528 Magnis3
1185 3464 1288 3513 Plautus
1307 3462 1336 3512 in

227 3528 393 3591 obsignantur,
406 3529 444 3586 iis,
457 3529 560 3586 ἐπιβολὴ
575 3529 674 3589 σημείου
687 3545 762 3593 appo·
796 3529 939 3577 Trinummo
951 3529 1021 3586 dixit,
1034 3533 1138 3578 Eximius
1149 3536 1257 3591 sumptas.

227 3591 301 3649 nitur,
319 3602 364 3640 eto.
398 3594 484 3655 Itaque
498 3593 693 3655 metaphoricam
711 3595 762 3642 brec
829 3595 884 3642 596.
907 3594 1017 3656 rtotdas]
1042 3593 1140 3651 Molles,
1163 3602 1266 3649 teneras,
1290 3607 1337 3641 seu

227 3654 254 3702 in
266 3656 356 3704 Animo
367 3657 437 3715 habe,
450 3672 527 3705 serva.
796 3666 870 3707 vento
892 3657 961 3706 facile
989 3658 1105 3707 mobiles:
1139 3658 1217 3706 codex
1242 3656 1336 3715 Vossii,

261 3721 315 3767 586.
336 3723 426 3768 Multas
442 3719 489 3782 ota]
509 3720 549 3767 Sic
567 3721 703 3778 Lucretius,
720 3721 762 3768 lib.
791 3725 894 3782 staoioar
914 3738 968 3784 qua
983 3738 1033 3770 vox
1048 3739 1071 3770 v.
1086 3721 1144 3773 874.
1164 3722 1338 3786 aliquomodo

230 3784 282 3832 III.
295 3787 372 3832 mutto
388 3789 429 3842 ott,
442 3794 468 3832 et
482 3784 618 3841 salustius,
636 3787 700 3833 Mola
710 3785 764 3847 jam
796 3786 961 3842 confirmatur,
973 3787 1016 3835 sed
1022 3791 1111 3847 fluidos
1122 3787 1193 3835 malo.

228 3857 343 3896 assuetum
354 3852 386 3896 ad
396 3865 470 3897 manes
480 3848 515 3896 vis
524 3853 734 3897 controversiarum.
829 3851 884 3898 598.
900 3853 975 3902 Quare
985 3869 1069 3913 magno
1080 3855 1161 3910 Deam,
1171 3850 1227 3914 eto]
1242 3849 1339 3926 Incipit

261 3914 316 3961 589.
334 3916 460 3974 Principio,
479 3915 564 3970 Tellus,
578 3913 635 3975 eta]
654 3912 764 3960 Primum
797 3914 897 3972 Fabula,
907 3914 998 3971 favete3
1016 3916 1100 3974 Terra,
1109 3932 1163 3980 quae
1171 3915 1237 3980 parit
1244 3930 1337 3974 omnia,

228 3986 406 4040 argumentum,
418 3993 441 4025 v.
454 3979 476 4025 9.
489 3977 556 4025 ducit
570 3992 583 4024 e
595 3977 679 4034 Terra,
691 3992 764 4038 quam
797 3978 880 4027 Mater
898 3979 1015 4039 Deorum,
1035 3982 1162 4029 hominum
1182 3990 1209 4029 et
1228 3980 1340 4030 ferarum

228 4058 242 4090 e
254 4041 356 4090 diversi
372 4041 493 4089 seminum
509 4040 640 4103 generibus
653 4050 764 4090 constare
796 4043 862 4091 dicta
874 4054 925 4099 est;
943 4060 1011 4092 sacra
1025 4045 1194 4103 instituuntur,
1207 4059 1260 4108 quos
1277 4060 1337 4109 par·

201 4139 204 4143 ›
228 4122 301 4155 nemo
322 4105 427 4167 negabit,
450 4105 491 4168 qui
513 4105 593 4152 sontes
613 4105 764 4164 ebullientes,
798 4107 842 4156 tim
859 4109 890 4156 ad
910 4108 1046 4174 Physicam,
1065 4110 1155 4173 partim
1172 4111 1203 4158 ad
1220 4108 1340 4159 Ethicam

228 4171 338 4219 flammas
349 4178 505 4232 erumpentes
516 4185 548 4216 ex
556 4169 623 4217 illius
632 4169 765 4219 visceribus
798 4172 873 4220 trabit
885 4173 1027 4222 Lucretius:
1047 4174 1089 4222 illa
1100 4191 1154 4238 quae
1164 4176 1252 4224 Jovem
1263 4189 1338 4238 spec·

228 4235 325 4293 viderit,
334 4243 377 4283 aut
387 4233 428 4297 qui
440 4234 506 4282 illam
516 4235 614 4282 arbores
622 4233 764 4297 producere,
798 4245 852 4285 tant
862 4238 978 4301 proponit
988 4238 1135 4296 deridenda,
1153 4239 1196 4289 sed
1211 4239 1265 4303 ipsa
1276 4254 1340 4304 pro·

229 4310 254 4348 et
270 4299 409 4348 hominibus
424 4298 528 4361 ferisque
540 4297 655 4347 alimenta
672 4299 763 4349 submi·
797 4300 834 4349 dit
847 4302 907 4350 Dea
1266 4336 1270 4345 .
