2872 4852
468 226 637 292 Lrolrlz
667 227 887 294 PRIMUS.
1192 231 1231 296 41

205 393 277 460 Aut
292 395 339 460 ita
352 393 535 480 diffugient,
552 407 590 461 ut
604 407 799 483 tempestate
815 409 939 476 coorta,

206 496 355 561 Fulmina
369 496 542 582 diffugere,
559 509 658 584 atque
674 499 811 565 Imbreis
827 499 1021 586 Ventosque
1036 503 1193 571 videmus.

248 599 413 684 Denique,
431 599 583 672 Quatuor
597 624 640 667 ex
653 604 753 668 rebus
768 603 796 667 si
811 613 930 669 cuneta
943 617 1106 683 creantur,

140 709 188 761 777
205 699 320 784 Atque
333 700 369 764 in
382 723 438 766 eas
451 723 580 766 rursum
595 724 652 768 res·
662 704 769 768 omnia
783 703 1024 784 dissolvuntur;

206 799 275 874 Qut
288 803 390 887 magis
405 801 461 867 illa
473 815 599 888 queunt
612 826 721 870 rerum
737 804 920 881 Primos-dia
935 807 1010 884 diei,

206 904 315 977 Quam
328 915 443 970 contra
456 928 511 971 res
526 906 664 986 illorum,
680 918 834 993 retroque
848 910 980 993 putari?
1032 949 1037 957 -

202 1004 350 1071 Alternis
364 1007 543 1092 gignuntur
557 1009 652 1088 enim,
667 1019 859 1094 mutantque
873 1009 1026 1088 colorem,

203 1106 251 1172 Et
264 1117 365 1173 totam
379 1110 464 1174 inter
479 1133 514 1176 se
529 1121 689 1189 naturam,
707 1121 853 1200 tempore
868 1113 911 1177 ab
927 1113 1029 1177 omni,

138 1217 186 1269 777
204 1207 262 1274 Sin
276 1211 323 1274 ita
337 1210 421 1276 forte
436 1221 533 1297 putas
549 1212 650 1298 lgnis,
666 1212 847 1298 Terraeque
861 1214 948 1279 coire

202 1310 343 1396 Corpus,
358 1324 397 1378 et
407 1312 528 1379 Adi-ias
543 1336 652 1392 auras,
668 1314 859 1399 Roremque
874 1313 1046 1399 liquorum,

201 1412 261 1477 Nil
274 1415 308 1479 in
323 1413 460 1480 concilio
474 1426 624 1482 naturam
638 1426 675 1481 ut
689 1426 793 1481 mutet
807 1437 937 1494 eorum3

201 1513 303 1579 Nulla
316 1516 376 1580 tibi
390 1538 433 1582 ex
447 1515 509 1582 illis
523 1518 645 1602 poterit
659 1539 712 1582 res
726 1537 800 1582 asae
814 1527 935 1595 creata,

200 1615 281 1681 Non
294 1617 465 1697 Animans,
480 1640 546 1683 non
562 1618 725 1684 Exanimo
739 1619 822 1704 quid
834 1640 984 1704 corpore,
1000 1629 1039 1684 ut
1052 1620 1182 1686 Arbor:

136 1727 183 1782 tts
203 1718 339 1804 Quippe
354 1741 445 1784 suam
460 1721 606 1805 quidque
620 1721 654 1785 in
669 1730 760 1786 eoetu
771 1720 925 1786 variantis
938 1722 1045 1786 eoerai

199 1820 362 1887 Naturam
375 1822 539 1901 ostendet,
554 1824 735 1908 mistusque
750 1823 915 1888 videbitur
930 1821 1003 1888 Aba
1075 1865 1079 1872 -

200 1923 284 1986 Cum
300 1922 407 1989 Terra
422 1924 528 2003 simul,
544 1935 644 2010 atque
659 1923 774 1990 Ardor
787 1946 862 1989 oum
877 1924 969 1990 Rota
984 1947 1133 1990 manere:

202 2023 251 2089 At
266 2025 449 2091 Primordia
463 2027 639 2113 gignundis
654 2028 688 2091 in
702 2027 801 2092 rebus
816 2037 948 2111 oportet

199 2125 361 2192 Naturam
376 2128 622 2207 clandestinam,
639 2151 824 2215 caecamque
838 2128 1007 2206 adhibere,

135 2237 183 2289 tao
202 2226 354 2294 Emineat
367 2230 501 2315 nequid,
516 2231 606 2315 quod
621 2241 736 2295 contra
749 2240 887 2314 pugnet,
901 2239 936 2294 et
950 2230 1071 2306 obstet,

200 2328 278 2401 Quo
292 2330 397 2394 minus
412 2352 486 2394 esse
501 2342 602 2415 queat
616 2333 760 2416 proprie,
777 2331 997 2415 quodcunque
1012 2340 1152 2396 77777777.

243 2427 334 2502 Quin
350 2431 447 2495 etiam
460 2441 616 2516 repetunt
630 2453 650 2495 a
664 2429 759 2509 coelo,
775 2442 873 2515 atque
888 2432 1024 2516 ignibus
1034 2432 1117 2517 ejus,

147 2610 202 2661 762.
226 2612 321 2675 Ooorto]
345 2615 437 2673 077777,
456 2614 528 2664 MSS.
548 2614 650 2663 rectius:
685 2617 802 2663 obscuram
813 2616 961 2674 7717777777,
972 2611 1058 2672 otalii,
1069 2612 1112 2662 sed
1123 2613 1234 2662 7777777777·

111 2684 191 2726 amota
208 2692 266 2727 vero
284 2694 334 2727 non
351 2681 387 2741 rifi
404 2687 543 2742 tempestate,
560 2680 604 2730 sed
618 2679 653 2741 τῷ
684 2695 728 2728 aaa
739 2686 895 2740 umentem.

112 2740 215 2792 balmina
225 2744 366 2807 conjungas
718 2742 773 2795 781.
793 2746 843 2796 Quo
851 2747 933 2801 77777777,
942 2740 999 2806 ota]
1010 2743 1051 2791 Ita
1058 2739 1154 2792 utillud
1166 2756 1224 2793 7777·

144 2805 199 2856 764.
216 2810 329 2871 Danae,
343 2811 447 2862 0777777
459 2825 488 2858 er
504 2811 579 2867 rebar,
593 2807 650 2872 eto]
684 2816 778 2861 cretum
788 2823 838 2859 non
849 2807 883 2857 sit
892 2822 962 2872 aqua,
970 2807 1043 2870 ignis,
1053 2815 1099 2856 ete.
1111 2805 1155 2856 sad
1166 2820 1223 2870 pro-

111 2870 212 2931 0777777
225 2888 247 2921 v.
264 2875 301 2922 18.
319 2873 383 2936 quod
401 2881 445 2922 aut
461 2873 545 2922 dicere
560 2874 653 2923 debent
682 2873 814 2987 ptiretatepr
822 2887 892 2948 7777777
900 2870 1040 2936 specificam
1051 2872 1146 2928 habeat.
1174 2869 1222 2927 Fa-

111 2935 444 2988 elementaamissisnatuuis
455 2937 545 2988 mutari
560 2938 587 2987 io
603 2953 650 2997 res,
693 2990 695 2993 ,
727 2972 734 2986 .
762 2937 883 2996 6777777777,
892 2940 1019 3000 proprium.

11 3005 13 3008 ⁴
110 3015 165 3062 quae
184 3001 273 3052 deinde
291 3018 377 3054 rursus
396 3002 423 3052 in
441 3002 496 3067 ipsa
516 3011 650 3061 mutentur,
716 3001 772 3053 782.
792 2997 1221 3063 Qumemamrspetuntoooewtej

110 3080 159 3127 quo
169 3081 235 3125 casu,
246 3082 296 3116 nou
306 3066 362 3130 ipsa
374 3067 457 3142 potius
473 3083 563 3126 rerum,
575 3082 648 3130 quam
681 3067 764 3126 Sexto,
776 3083 798 3114 r.
812 3068 850 3115 21.
865 3067 929 3129 quod
940 3065 1099 3119 admittentes
1111 3072 1222 3139 7777777777

109 3144 149 3178 res
158 3129 267 3193 ipsorum
277 3131 400 3196 principa
410 3141 482 3180 sunt:
500 3130 649 3196 autpabrris
680 3131 857 3185 elementorum
876 3129 1113 3188 transmutationem,
1131 3128 1221 3179 admit·

108 3195 211 3244 servatis
225 3211 326 3246 auersos
341 3197 421 3248 solum
436 3196 554 3259 quosdam
570 3211 602 3245 ex
617 3195 648 3244 iia
680 3204 732 3244 tere
741 3195 832 3248 debant
841 3210 1004 3252 eommunem,
1013 3193 1157 3256 uulueadeo
1182 3192 1220 3256 ,ᾗ-

108 3257 169 3316 fieri,
182 3275 230 3322 quo
241 3276 299 3309 casu
310 3260 378 3309 7777117
390 3260 465 3311 unius
480 3260 579 3326 speeiei,
591 3259 647 3309 uni·
680 3275 748 3308 orem
761 3259 897 3318 materiem,
908 3274 963 3322 qua
972 3258 1059 3313 variae¹
1069 3272 1154 3306 eorum
1167 3208 1220 3310 1717·

108 3337 185 3385 usque
201 3324 308 3374 nominis
327 3340 367 3373 res
386 3323 505 3381 orireturs
527 3324 572 3375 sed
591 3334 645 3373 tan-
679 3339 732 3373 mas
759 3323 896 3373 successive
922 3322 1022 3372 induat:
1056 3314 1220 3384 Empedocles
1300 3369 1304 3376 ,

108 3395 161 3435 tum
177 3387 249 3450 ignis,
262 3388 332 3446 a'e‘ris,
348 3404 424 3450 aqua,
441 3398 468 3438 et
483 3397 562 3446 777777,
578 3387 647 3437 rudis
680 3387 746 3437 enim
762 3389 863 3449 ejusque
877 3383 1218 3447 7777777777717777777777717-

108 3452 219 3514 quadam
242 3460 268 3500 et
294 3451 417 3514 indigesta
443 3452 532 3509 molem
560 3461 589 3501 ut
615 3466 649 3501 ax
679 3459 763 3500 menta
775 3450 983 3564 mutuasflpnadas
999 3465 1079 3513 agere,
1090 3449 1163 3524 modo
1179 3448 1217 3514 ig,-

107 3514 169 3575 auri,
189 3515 292 3578 argenti,
315 3516 404 3575 stanni,
424 3515 528 3580 arisque
548 3531 646 3565 ramen-
678 3530 737 3563 nem
757 3524 854 3580 partem
900 3515 981 3578 'quam
1007 3513 1071 3564 a'e'ris
1097 3515 1217 3579 abrepere,

107 3579 140 3628 tis
155 3579 220 3629 nibil
235 3595 343 3643 unquam
358 3589 448 3645 prater
464 3579 525 3638 auri,
542 3580 646 3643 argenti,
678 3581 752 3629 modo
767 3581 848 3629 adrem
865 3579 982 3643 quasdam
999 3578 1069 3643 Ignis
1085 3577 1218 3642 partiendas

107 3643 196 3702 stanni,
209 3643 439 3708 arisqueacervum
451 3643 548 3695 efficies.
579 3644 645 3695 Con·
678 3644 814 3702 detrahere,
826 3642 1216 3705 etidemnfacerealiaelementa

106 3709 185 3760 cludit
193 3709 299 3773 denique
308 3725 391 3760 rerum
402 3709 525 3775 principia
536 3708 646 3760 sensibili
679 3706 831 3770 uvardpmoa
851 3708 881 3758 ab
902 3709 949 3772 πῦρ
971 3708 1155 3772 ἐξυγραίνεσθαι,
1177 3705 1217 3768 aad

105 3773 187 3850 aliqua
198 3774 315 3838 qualitate
325 3774 430 3851 praedita
440 3775 472 3824 ad
479 3790 562 3826 rerum
568 3790 644 3839 gene·
678 3773 736 3838 ἀέρα
745 3771 862 3835 γίνεσθαι·
878 3769 1051 3834 συνιστάμενον
1061 3769 1119 3854 dfpo
1126 3769 1215 3852 yber-

104 3839 503 3968 “tttfmtttttittftt
525 3904 584 3953 777
608 3921 645 3954 m
677 3835 1216 3962 ffaffltffiiiaiidib‘bd'dss

105 3968 234 4032 pracedat.
677 3966 756 4018 Πόλιν
773 3965 951 4026 δ171ηὴντὴν
986 3968 1014 4015 ’ν
1029 3967 1128 4024 κεῖσθαι,
1147 3966 1175 4028 ἐξ,
1187 3962 1216 4024 ἧι

138 4033 194 4086 777.
214 4031 289 4096 data]
303 4034 367 4093 077777,
378 4033 449 4083 codd.
677 4033 707 4082 rb
718 4032 778 4097 ὕδωρ
788 4029 905 4094 γίνεσθαι,
917 4032 944 4080 ἐκ
954 3983 1083 4082 ribam
1097 4028 1130 4078 τὰ
1145 4027 1220 4104 barad

137 4097 193 4149 777.
210 4100 288 4161 Atque
296 4097 439 4162 Ardor]·1ta
450 4097 586 4151 Lambinus
595 4113 646 4148 non
679 4098 772 4159 durias·
788 4094 899 4156 amandi
911 4093 971 4145 εἶναι
985 4094 1032 4154 τὴν
1042 4093 1090 4169 dua
1106 4092 1167 4151 atu,
1180 4093 1218 4142 dr·

105 4161 646 4226 aubmmnjecturisdueuumentemiaenim
679 4163 781 4212 cebant:
801 4162 914 4211 La'e'rtrus
930 4160 961 4208 de
979 4158 1121 4232 Hereditas
1139 4165 1165 4206 77
1181 4171 1222 4205 aa·

106 4226 286 4340 ipsapostulat.
314 4228 452 4293 Ardor-pro
465 4229 561 4292 Ignev.
574 4229 630 4278 669.
680 4227 785 4279 demde
805 4223 955 4290 Empedooie
975 4224 1091 4273 affirmari
1111 4228 1221 4285 possum.

140 4289 195 4342 77.
225 4293 405 4351 marinam,
427 4291 565 4361 caramque]
589 4293 648 4343 Non
681 4291 760 4355 Urget
771 4300 854 4340 autem
866 4287 1005 4345 Lucretius,
1014 4293 1142 4334 mutentur
1153 4281 1222 4348 prin-

809 4371 826 4403 s
