<?xml version="1.0" encoding="UTF-8"?>
<!DOCTYPE html PUBLIC "-//W3C//DTD XHTML 1.0 Transitional//EN"
    "http://www.w3.org/TR/xhtml1/DTD/xhtml1-transitional.dtd">
<html xmlns="http://www.w3.org/1999/xhtml" xml:lang="en" lang="en">
 <head>
  <title>
</title>
<meta http-equiv="Content-Type" content="text/html;charset=utf-8" />
  <meta name='ocr-system' content='tesseract 3.04.00' />
  <meta name='ocr-capabilities' content='ocr_page ocr_carea ocr_par ocr_line ocrx_word'/>
</head>
<body>
  <div class='ocr_page' id='page_1' title='image "./titilucretiicar04carugoog_0091.png"; bbox 0 0 2872 4852; ppageno 0'>
   <div class='ocr_carea' id='block_1_1' title="bbox 465 219 1273 288">
    <p class='ocr_par' dir='ltr' id='par_1_1' title="bbox 465 219 1273 288">
     <span class='ocr_line' id='line_1_1' title="bbox 465 219 1273 288; baseline 0.001 -2"><span class='ocrx_word' id='word_1_1' title='bbox 465 219 635 286; x_wconf 88' lang='lat' dir='ltr'>LIBER</span> <span class='ocrx_word' id='word_1_2' title='bbox 663 220 970 288; x_wconf 87' lang='lat' dir='ltr'><strong>SECUNDUS.</strong></span> <span class='ocrx_word' id='word_1_3' title='bbox 1229 222 1273 287; x_wconf 86' lang='grc'><strong>67</strong></span> 
     </span>
    </p>
   </div>
   <div class='ocr_carea' id='block_1_2' title="bbox 180 377 1221 2396">
    <p class='ocr_par' dir='ltr' id='par_1_2' title="bbox 180 377 1221 2396">
     <span class='ocr_line' id='line_1_2' title="bbox 291 377 953 464; baseline -0.002 -22"><span class='ocrx_word' id='word_1_4' title='bbox 291 379 338 442; x_wconf 93' lang='lat' dir='ltr'><strong>Et</strong></span> <span class='ocrx_word' id='word_1_5' title='bbox 350 400 418 464; x_wconf 92' lang='lat' dir='ltr'><strong>quo</strong></span> <span class='ocrx_word' id='word_1_6' title='bbox 427 377 546 464; x_wconf 89' lang='lat' dir='ltr'><strong>jactari</strong></span> <span class='ocrx_word' id='word_1_7' title='bbox 561 377 663 462; x_wconf 85' lang='lat' dir='ltr'><strong>magis</strong></span> <span class='ocrx_word' id='word_1_8' title='bbox 678 379 783 443; x_wconf 91' lang='lat' dir='ltr'><strong>omnia</strong></span> <span class='ocrx_word' id='word_1_9' title='bbox 799 378 953 442; x_wconf 91' lang='lat' dir='ltr'><strong>Materiai</strong></span> 
     </span>
     <span class='ocr_line' id='line_1_3' title="bbox 248 479 1061 565; baseline 0 -20"><span class='ocrx_word' id='word_1_10' title='bbox 248 481 396 565; x_wconf 85' lang='lat' dir='ltr'><strong>Corpora</strong></span> <span class='ocrx_word' id='word_1_11' title='bbox 410 480 593 564; x_wconf 85' lang='lat' dir='ltr'>pervideas,</span> <span class='ocrx_word' id='word_1_12' title='bbox 608 481 813 545; x_wconf 90' lang='lat' dir='ltr'><strong>reminiscere</strong></span> <span class='ocrx_word' id='word_1_13' title='bbox 829 479 948 544; x_wconf 91' lang='lat' dir='ltr'><strong>Totius</strong></span> <span class='ocrx_word' id='word_1_14' title='bbox 963 480 1061 545; x_wconf 92' lang='lat' dir='ltr'><strong>imum</strong></span> 
     </span>
     <span class='ocr_line' id='line_1_4' title="bbox 198 582 1221 668; baseline 0.008 -27"><span class='ocrx_word' id='word_1_15' title='bbox 198 595 230 641; x_wconf 89' lang='lat'><strong>90</strong></span> <span class='ocrx_word' id='word_1_16' title='bbox 245 583 305 647; x_wconf 94' lang='lat' dir='ltr'><strong>Nil</strong></span> <span class='ocrx_word' id='word_1_17' title='bbox 319 605 390 648; x_wconf 93' lang='lat' dir='ltr'><strong>esse</strong></span> <span class='ocrx_word' id='word_1_18' title='bbox 405 583 439 646; x_wconf 92' lang='lat' dir='ltr'><strong>in</strong></span> <span class='ocrx_word' id='word_1_19' title='bbox 454 582 601 660; x_wconf 89' lang='lat' dir='ltr'><strong>Summa;</strong></span> <span class='ocrx_word' id='word_1_20' title='bbox 625 605 731 667; x_wconf 90' lang='lat' dir='ltr'><strong>neque</strong></span> <span class='ocrx_word' id='word_1_21' title='bbox 746 582 869 648; x_wconf 91' lang='lat' dir='ltr'><strong>habere</strong></span> <span class='ocrx_word' id='word_1_22' title='bbox 883 583 940 648; x_wconf 92' lang='lat' dir='ltr'><strong>ubi</strong></span> <span class='ocrx_word' id='word_1_23' title='bbox 956 582 1104 668; x_wconf 85' lang='lat' dir='ltr'>Corpora</span> <span class='ocrx_word' id='word_1_24' title='bbox 1118 584 1221 668; x_wconf 90' lang='lat' dir='ltr'><strong>prima</strong></span> 
     </span>
     <span class='ocr_line' id='line_1_5' title="bbox 246 685 1199 771; baseline 0.001 -21"><span class='ocrx_word' id='word_1_25' title='bbox 246 685 446 762; x_wconf 89' lang='lat' dir='ltr'><strong>Consistant,</strong></span> <span class='ocrx_word' id='word_1_26' title='bbox 462 686 612 769; x_wconf 87' lang='lat' dir='ltr'><strong>quoniam</strong></span> <span class='ocrx_word' id='word_1_27' title='bbox 625 685 774 770; x_wconf 87' lang='lat' dir='ltr'><strong>Spatium</strong></span> <span class='ocrx_word' id='word_1_28' title='bbox 789 687 857 750; x_wconf 91' lang='lat' dir='ltr'><strong>sine</strong></span> <span class='ocrx_word' id='word_1_29' title='bbox 872 685 950 763; x_wconf 89' lang='lat' dir='ltr'><strong>fine,</strong></span> <span class='ocrx_word' id='word_1_30' title='bbox 965 687 1128 771; x_wconf 87' lang='lat' dir='ltr'><strong>modoque</strong></span> <span class='ocrx_word' id='word_1_31' title='bbox 1142 687 1199 765; x_wconf 83' lang='lat' dir='ltr'><strong>&#39;st3</strong></span> 
     </span>
     <span class='ocr_line' id='line_1_6' title="bbox 246 786 1139 872; baseline 0.001 -21"><span class='ocrx_word' id='word_1_32' title='bbox 246 786 506 870; x_wconf 87' lang='lat' dir='ltr'><strong>Immensumque</strong></span> <span class='ocrx_word' id='word_1_33' title='bbox 521 798 634 871; x_wconf 90' lang='lat' dir='ltr'><strong>patere</strong></span> <span class='ocrx_word' id='word_1_34' title='bbox 649 787 682 850; x_wconf 94' lang='lat' dir='ltr'><strong>in</strong></span> <span class='ocrx_word' id='word_1_35' title='bbox 697 798 830 852; x_wconf 89' lang='lat' dir='ltr'><strong>cunctas</strong></span> <span class='ocrx_word' id='word_1_36' title='bbox 845 788 991 872; x_wconf 92' lang='lat' dir='ltr'><strong>undique</strong></span> <span class='ocrx_word' id='word_1_37' title='bbox 1006 789 1139 872; x_wconf 88' lang='lat' dir='ltr'><strong>parteis,</strong></span> 
     </span>
     <span class='ocr_line' id='line_1_7' title="bbox 246 889 1072 974; baseline 0.002 -22"><span class='ocrx_word' id='word_1_38' title='bbox 246 889 402 953; x_wconf 83' lang='lat' dir='ltr'><strong>Pluribus</strong></span> <span class='ocrx_word' id='word_1_39' title='bbox 418 890 557 965; x_wconf 93' lang='lat' dir='ltr'><strong>ostendi,</strong></span> <span class='ocrx_word' id='word_1_40' title='bbox 574 899 607 953; x_wconf 95' lang='lat' dir='ltr'><strong>et</strong></span> <span class='ocrx_word' id='word_1_41' title='bbox 622 900 712 954; x_wconf 89' lang='lat' dir='ltr'><strong>certa</strong></span> <span class='ocrx_word' id='word_1_42' title='bbox 726 890 850 954; x_wconf 90' lang='lat' dir='ltr'><strong>ratione</strong></span> <span class='ocrx_word' id='word_1_43' title='bbox 866 892 1008 974; x_wconf 92' lang='lat' dir='ltr'><strong>probatu</strong></span> <span class='ocrx_word' id='word_1_44' title='bbox 1022 891 1072 954; x_wconf 89' lang='lat' dir='ltr'><strong>&#39;st.</strong></span> 
     </span>
     <span class='ocr_line' id='line_1_8' title="bbox 290 991 1153 1077; baseline 0.006 -24"><span class='ocrx_word' id='word_1_45' title='bbox 290 991 392 1064; x_wconf 83' lang='lat' dir='ltr'><strong>Quod</strong></span> <span class='ocrx_word' id='word_1_46' title='bbox 408 991 558 1075; x_wconf 90' lang='lat' dir='ltr'><strong>quoniam</strong></span> <span class='ocrx_word' id='word_1_47' title='bbox 574 1001 713 1070; x_wconf 88' lang='lat' dir='ltr'><strong>constat,</strong></span> <span class='ocrx_word' id='word_1_48' title='bbox 729 993 877 1056; x_wconf 90' lang='lat' dir='ltr'><strong>nimirum</strong></span> <span class='ocrx_word' id='word_1_49' title='bbox 892 993 979 1057; x_wconf 92' lang='lat' dir='ltr'><strong>nulla</strong></span> <span class='ocrx_word' id='word_1_50' title='bbox 994 995 1087 1077; x_wconf 88' lang='lat' dir='ltr'><strong>quies</strong></span> <span class='ocrx_word' id='word_1_51' title='bbox 1102 1005 1153 1059; x_wconf 87' lang='lat' dir='ltr'><strong>est</strong></span> 
     </span>
     <span class='ocr_line' id='line_1_9' title="bbox 197 1092 1163 1179; baseline 0.006 -26"><span class='ocrx_word' id='word_1_52' title='bbox 197 1105 229 1151; x_wconf 82' lang='lat'><strong>95</strong></span> <span class='ocrx_word' id='word_1_53' title='bbox 248 1093 396 1157; x_wconf 85' lang='lat' dir='ltr'><strong>Reddita</strong></span> <span class='ocrx_word' id='word_1_54' title='bbox 411 1092 613 1178; x_wconf 86' lang='lat' dir='ltr'><strong>Corporibus</strong></span> <span class='ocrx_word' id='word_1_55' title='bbox 629 1094 740 1177; x_wconf 88' lang='lat' dir='ltr'><strong>primis</strong></span> <span class='ocrx_word' id='word_1_56' title='bbox 755 1116 815 1178; x_wconf 94' lang='lat' dir='ltr'><strong>per</strong></span> <span class='ocrx_word' id='word_1_57' title='bbox 830 1093 930 1159; x_wconf 90' lang='lat' dir='ltr'><strong>Inane</strong></span> <span class='ocrx_word' id='word_1_58' title='bbox 946 1093 1163 1179; x_wconf 67' lang='lat' dir='ltr'><strong>profundum</strong></span> 
     </span>
     <span class='ocr_line' id='line_1_10' title="bbox 245 1193 1033 1279; baseline 0.001 -20"><span class='ocrx_word' id='word_1_59' title='bbox 245 1196 312 1259; x_wconf 87' lang='lat' dir='ltr'><strong>Sed</strong></span> <span class='ocrx_word' id='word_1_60' title='bbox 327 1195 430 1279; x_wconf 88' lang='lat' dir='ltr'><strong>magis</strong></span> <span class='ocrx_word' id='word_1_61' title='bbox 446 1196 590 1272; x_wconf 91' lang='lat' dir='ltr'><strong>assiduo,</strong></span> <span class='ocrx_word' id='word_1_62' title='bbox 606 1193 760 1278; x_wconf 85' lang='lat' dir='ltr'><strong>varioque</strong></span> <span class='ocrx_word' id='word_1_63' title='bbox 776 1197 919 1260; x_wconf 88' lang='lat' dir='ltr'><strong>exercita</strong></span> <span class='ocrx_word' id='word_1_64' title='bbox 932 1206 1033 1274; x_wconf 92' lang='lat' dir='ltr'><strong>motu,</strong></span> 
     </span>
     <span class='ocr_line' id='line_1_11' title="bbox 245 1291 1054 1380; baseline 0.002 -20"><span class='ocrx_word' id='word_1_65' title='bbox 245 1297 370 1360; x_wconf 90' lang='lat' dir='ltr'><strong>Partim</strong></span> <span class='ocrx_word' id='word_1_66' title='bbox 384 1295 559 1360; x_wconf 87' lang='lat' dir='ltr'><strong>intervallis</strong></span> <span class='ocrx_word' id='word_1_67' title='bbox 574 1298 698 1380; x_wconf 85' lang='lat' dir='ltr'><strong>magnis</strong></span> <span class='ocrx_word' id='word_1_68' title='bbox 713 1297 864 1361; x_wconf 88' lang='lat' dir='ltr'><strong>conflicta</strong></span> <span class='ocrx_word' id='word_1_69' title='bbox 878 1291 1054 1362; x_wconf 86' lang='lat' dir='ltr'><strong>resultant:</strong></span> 
     </span>
     <span class='ocr_line' id='line_1_12' title="bbox 247 1390 1073 1482; baseline 0.001 -20"><span class='ocrx_word' id='word_1_70' title='bbox 247 1399 330 1462; x_wconf 88' lang='lat' dir='ltr'><strong>Pars</strong></span> <span class='ocrx_word' id='word_1_71' title='bbox 347 1396 443 1463; x_wconf 90' lang='lat' dir='ltr'><strong>etiam</strong></span> <span class='ocrx_word' id='word_1_72' title='bbox 456 1399 610 1463; x_wconf 87' lang='lat' dir='ltr'><strong>brevibus</strong></span> <span class='ocrx_word' id='word_1_73' title='bbox 627 1399 740 1482; x_wconf 89' lang='lat' dir='ltr'><strong>spatiis</strong></span> <span class='ocrx_word' id='word_1_74' title='bbox 756 1409 918 1463; x_wconf 90' lang='lat' dir='ltr'><strong>nexantur</strong></span> <span class='ocrx_word' id='word_1_75' title='bbox 933 1401 975 1463; x_wconf 90' lang='lat' dir='ltr'><strong>ab</strong></span> <span class='ocrx_word' id='word_1_76' title='bbox 990 1390 1073 1465; x_wconf 85' lang='lat' dir='ltr'><strong>Ictu.</strong></span> 
     </span>
     <span class='ocr_line' id='line_1_13' title="bbox 245 1499 997 1584; baseline 0.003 -21"><span class='ocrx_word' id='word_1_77' title='bbox 245 1500 292 1564; x_wconf 92' lang='lat' dir='ltr'><strong>Et</strong></span> <span class='ocrx_word' id='word_1_78' title='bbox 308 1521 510 1584; x_wconf 88' lang='lat' dir='ltr'><strong>quaecunque</strong></span> <span class='ocrx_word' id='word_1_79' title='bbox 525 1500 627 1584; x_wconf 89' lang='lat' dir='ltr'><strong>magis</strong></span> <span class='ocrx_word' id='word_1_80' title='bbox 644 1501 809 1565; x_wconf 91' lang='lat' dir='ltr'><strong>condenso</strong></span> <span class='ocrx_word' id='word_1_81' title='bbox 825 1499 997 1566; x_wconf 90' lang='lat' dir='ltr'><strong>conciliatu</strong></span> 
     </span>
     <span class='ocr_line' id='line_1_14' title="bbox 182 1601 919 1686; baseline 0.008 -25"><span class='ocrx_word' id='word_1_82' title='bbox 182 1616 227 1662; x_wconf 90' lang='lat'><strong>1⁰0</strong></span> <span class='ocrx_word' id='word_1_83' title='bbox 246 1602 385 1686; x_wconf 86' lang='lat' dir='ltr'><strong>Exiguis</strong></span> <span class='ocrx_word' id='word_1_84' title='bbox 399 1601 574 1666; x_wconf 89' lang='lat' dir='ltr'><strong>intervallis</strong></span> <span class='ocrx_word' id='word_1_85' title='bbox 588 1624 735 1667; x_wconf 92' lang='lat' dir='ltr'><strong>connexa</strong></span> <span class='ocrx_word' id='word_1_86' title='bbox 749 1602 919 1681; x_wconf 86' lang='lat' dir='ltr'><strong>resultant,</strong></span> 
     </span>
     <span class='ocr_line' id='line_1_15' title="bbox 243 1704 936 1789; baseline 0 -20"><span class='ocrx_word' id='word_1_87' title='bbox 243 1704 442 1788; x_wconf 89' lang='lat' dir='ltr'><strong>Indupedita</strong></span> <span class='ocrx_word' id='word_1_88' title='bbox 457 1705 523 1768; x_wconf 87' lang='lat' dir='ltr'><strong>suis</strong></span> <span class='ocrx_word' id='word_1_89' title='bbox 538 1705 704 1788; x_wconf 86' lang='lat' dir='ltr'><strong>perplexis</strong></span> <span class='ocrx_word' id='word_1_90' title='bbox 718 1705 790 1789; x_wconf 90' lang='lat' dir='ltr'><strong>ipsa</strong></span> <span class='ocrx_word' id='word_1_91' title='bbox 803 1704 936 1788; x_wconf 82' lang='lat' dir='ltr'><strong>figuris3</strong></span> 
     </span>
     <span class='ocr_line' id='line_1_16' title="bbox 242 1805 954 1885; baseline -0.003 -13"><span class='ocrx_word' id='word_1_92' title='bbox 242 1808 327 1872; x_wconf 90' lang='lat' dir='ltr'><strong>Haec</strong></span> <span class='ocrx_word' id='word_1_93' title='bbox 342 1806 464 1870; x_wconf 88' lang='lat' dir='ltr'><strong>validas</strong></span> <span class='ocrx_word' id='word_1_94' title='bbox 480 1806 559 1869; x_wconf 86' lang='lat' dir='ltr'><strong>Saxi</strong></span> <span class='ocrx_word' id='word_1_95' title='bbox 574 1807 712 1885; x_wconf 77' lang='lat' dir='ltr'><strong>radiceS,</strong></span> <span class='ocrx_word' id='word_1_96' title='bbox 728 1816 762 1871; x_wconf 92' lang='lat' dir='ltr'><strong>et</strong></span> <span class='ocrx_word' id='word_1_97' title='bbox 776 1805 845 1870; x_wconf 87' lang='lat' dir='ltr'><strong>fera</strong></span> <span class='ocrx_word' id='word_1_98' title='bbox 861 1805 954 1870; x_wconf 87' lang='lat' dir='ltr'><strong>Ferri</strong></span> 
     </span>
     <span class='ocr_line' id='line_1_17' title="bbox 242 1909 1124 1994; baseline 0 -20"><span class='ocrx_word' id='word_1_99' title='bbox 242 1910 390 1994; x_wconf 87' lang='lat' dir='ltr'><strong>Corpora</strong></span> <span class='ocrx_word' id='word_1_100' title='bbox 404 1910 617 1986; x_wconf 91' lang='lat' dir='ltr'><strong>constituunt,</strong></span> <span class='ocrx_word' id='word_1_101' title='bbox 634 1920 667 1973; x_wconf 90' lang='lat' dir='ltr'><strong>et</strong></span> <span class='ocrx_word' id='word_1_102' title='bbox 682 1919 801 1973; x_wconf 85' lang='lat' dir='ltr'><strong>caetera</strong></span> <span class='ocrx_word' id='word_1_103' title='bbox 816 1910 857 1973; x_wconf 91' lang='lat' dir='ltr'><strong>de</strong></span> <span class='ocrx_word' id='word_1_104' title='bbox 873 1932 993 1994; x_wconf 84' lang='lat' dir='ltr'><strong>genere</strong></span> <span class='ocrx_word' id='word_1_105' title='bbox 1008 1909 1124 1975; x_wconf 92' lang='lat' dir='ltr'><strong>horum</strong></span> 
     </span>
     <span class='ocr_line' id='line_1_18' title="bbox 242 2010 1171 2097; baseline -0.001 -21"><span class='ocrx_word' id='word_1_106' title='bbox 242 2010 405 2092; x_wconf 87' lang='lat' dir='ltr'><strong>Paucula:</strong></span> <span class='ocrx_word' id='word_1_107' title='bbox 431 2010 516 2083; x_wconf 79' lang='lat' dir='ltr'><strong>Quae</strong></span> <span class='ocrx_word' id='word_1_108' title='bbox 531 2032 630 2093; x_wconf 91' lang='lat' dir='ltr'><strong>porro</strong></span> <span class='ocrx_word' id='word_1_109' title='bbox 645 2032 796 2094; x_wconf 86' lang='lat' dir='ltr'><strong>magnum</strong></span> <span class='ocrx_word' id='word_1_110' title='bbox 812 2032 872 2094; x_wconf 94' lang='lat' dir='ltr'><strong>per</strong></span> <span class='ocrx_word' id='word_1_111' title='bbox 885 2010 986 2076; x_wconf 89' lang='lat' dir='ltr'><strong>Inane</strong></span> <span class='ocrx_word' id='word_1_112' title='bbox 1001 2024 1171 2097; x_wconf 86' lang='lat' dir='ltr'><strong>vagantur,</strong></span> 
     </span>
     <span class='ocr_line' id='line_1_19' title="bbox 180 2105 1029 2197; baseline 0.007 -26"><span class='ocrx_word' id='word_1_113' title='bbox 180 2126 225 2173; x_wconf 82' lang='lat'><strong>105</strong></span> <span class='ocrx_word' id='word_1_114' title='bbox 241 2113 288 2178; x_wconf 91' lang='lat' dir='ltr'><strong>Et</strong></span> <span class='ocrx_word' id='word_1_115' title='bbox 302 2115 367 2178; x_wconf 87' lang='lat' dir='ltr'><strong>cita</strong></span> <span class='ocrx_word' id='word_1_116' title='bbox 381 2112 543 2176; x_wconf 90' lang='lat' dir='ltr'><strong>dissiliunt</strong></span> <span class='ocrx_word' id='word_1_117' title='bbox 556 2111 665 2195; x_wconf 90' lang='lat' dir='ltr'><strong>longe,</strong></span> <span class='ocrx_word' id='word_1_118' title='bbox 681 2111 842 2197; x_wconf 83' lang='lat' dir='ltr'><strong>longeque</strong></span> <span class='ocrx_word' id='word_1_119' title='bbox 858 2105 1029 2179; x_wconf 77' lang='lat' dir='ltr'><strong>recursant</strong></span> 
     </span>
     <span class='ocr_line' id='line_1_20' title="bbox 242 2212 955 2298; baseline 0.003 -20"><span class='ocrx_word' id='word_1_120' title='bbox 242 2214 282 2278; x_wconf 94' lang='lat' dir='ltr'><strong>In</strong></span> <span class='ocrx_word' id='word_1_121' title='bbox 297 2215 421 2298; x_wconf 87' lang='lat' dir='ltr'><strong>magnis</strong></span> <span class='ocrx_word' id='word_1_122' title='bbox 437 2213 630 2290; x_wconf 81' lang='lat' dir='ltr'><strong>intervallis3</strong></span> <span class='ocrx_word' id='word_1_123' title='bbox 653 2212 724 2277; x_wconf 90' lang='lat' dir='ltr'><strong>haec</strong></span> <span class='ocrx_word' id='word_1_124' title='bbox 740 2213 832 2277; x_wconf 71' lang='lat' dir='ltr'><strong>Aera</strong></span> <span class='ocrx_word' id='word_1_125' title='bbox 846 2237 955 2280; x_wconf 89' lang='lat' dir='ltr'><strong>rarum</strong></span> 
     </span>
     <span class='ocr_line' id='line_1_21' title="bbox 242 2312 1016 2396; baseline 0.004 -18"><span class='ocrx_word' id='word_1_126' title='bbox 242 2316 415 2380; x_wconf 87' lang='lat' dir='ltr'><strong>Sufficiunt</strong></span> <span class='ocrx_word' id='word_1_127' title='bbox 430 2315 534 2390; x_wconf 77' lang='lat' dir='ltr'><strong>nobiS,</strong></span> <span class='ocrx_word' id='word_1_128' title='bbox 551 2324 584 2377; x_wconf 91' lang='lat' dir='ltr'><strong>et</strong></span> <span class='ocrx_word' id='word_1_129' title='bbox 600 2312 772 2396; x_wconf 90' lang='lat' dir='ltr'><strong>splendida</strong></span> <span class='ocrx_word' id='word_1_130' title='bbox 786 2313 906 2379; x_wconf 89' lang='lat' dir='ltr'><strong>lumina</strong></span> <span class='ocrx_word' id='word_1_131' title='bbox 921 2316 1016 2381; x_wconf 88' lang='lat' dir='ltr'><strong>Solis.</strong></span> 
     </span>
    </p>
   </div>
   <div class='ocr_carea' id='block_1_3' title="bbox 286 2415 1174 2502">
    <p class='ocr_par' dir='ltr' id='par_1_3' title="bbox 286 2415 1174 2502">
     <span class='ocr_line' id='line_1_22' title="bbox 286 2415 1174 2502; baseline 0.002 -23"><span class='ocrx_word' id='word_1_132' title='bbox 286 2415 459 2498; x_wconf 90' lang='lat' dir='ltr'><strong>Multaque</strong></span> <span class='ocrx_word' id='word_1_133' title='bbox 474 2425 634 2498; x_wconf 89' lang='lat' dir='ltr'><strong>praeterea</strong></span> <span class='ocrx_word' id='word_1_134' title='bbox 648 2436 800 2498; x_wconf 89' lang='lat' dir='ltr'><strong>magnum</strong></span> <span class='ocrx_word' id='word_1_135' title='bbox 814 2437 874 2499; x_wconf 90' lang='lat' dir='ltr'><strong>per</strong></span> <span class='ocrx_word' id='word_1_136' title='bbox 889 2415 990 2481; x_wconf 90' lang='lat' dir='ltr'><strong>Inane</strong></span> <span class='ocrx_word' id='word_1_137' title='bbox 1005 2427 1174 2502; x_wconf 87' lang='lat' dir='ltr'><strong>vagantur,</strong></span> 
     </span>
    </p>
   </div>
   <div class='ocr_carea' id='block_1_4' title="bbox 149 2616 1272 4360">
    <p class='ocr_par' dir='ltr' id='par_1_4' title="bbox 149 2616 1267 3393">
     <span class='ocr_line' id='line_1_23' title="bbox 186 2616 1266 2682; baseline 0 -16"><span class='ocrx_word' id='word_1_138' title='bbox 186 2620 224 2666; x_wconf 86' lang='lat'><strong>88.</strong></span> <span class='ocrx_word' id='word_1_139' title='bbox 248 2621 281 2666; x_wconf 82' lang='lat' dir='ltr'><strong>Et</strong></span> <span class='ocrx_word' id='word_1_140' title='bbox 299 2635 342 2681; x_wconf 83' lang='lat' dir='ltr'><strong>quo</strong></span> <span class='ocrx_word' id='word_1_141' title='bbox 355 2618 455 2682; x_wconf 74' lang='lat' dir='ltr'><strong>jactari,</strong></span> <span class='ocrx_word' id='word_1_142' title='bbox 473 2616 529 2680; x_wconf 79' lang='lat' dir='ltr'><strong>eta]</strong></span> <span class='ocrx_word' id='word_1_143' title='bbox 551 2617 586 2664; x_wconf 91' lang='lat' dir='ltr'><strong>Ut</strong></span> <span class='ocrx_word' id='word_1_144' title='bbox 603 2617 691 2666; x_wconf 88' lang='lat' dir='ltr'><strong>melius</strong></span> <span class='ocrx_word' id='word_1_145' title='bbox 725 2617 819 2682; x_wconf 87' lang='lat' dir='ltr'><strong>telligit,</strong></span> <span class='ocrx_word' id='word_1_146' title='bbox 839 2617 887 2667; x_wconf 90' lang='lat' dir='ltr'><strong>nisi</strong></span> <span class='ocrx_word' id='word_1_147' title='bbox 905 2621 1011 2668; x_wconf 77' lang='lat' dir='ltr'><strong>consilire</strong></span> <span class='ocrx_word' id='word_1_148' title='bbox 1034 2635 1049 2667; x_wconf 90' lang='lat' dir='ltr'><strong>a</strong></span> <span class='ocrx_word' id='word_1_149' title='bbox 1069 2619 1137 2676; x_wconf 89' lang='lat' dir='ltr'><strong>salio,</strong></span> <span class='ocrx_word' id='word_1_150' title='bbox 1161 2626 1187 2667; x_wconf 89' lang='lat' dir='ltr'><strong>et</strong></span> <span class='ocrx_word' id='word_1_151' title='bbox 1208 2617 1266 2666; x_wconf 87' lang='lat' dir='ltr'><strong>inde</strong></span> 
     </span>
     <span class='ocr_line' id='line_1_24' title="bbox 152 2681 1267 2748; baseline -0.001 -18"><span class='ocrx_word' id='word_1_152' title='bbox 152 2682 215 2731; x_wconf 87' lang='lat' dir='ltr'><strong>bano</strong></span> <span class='ocrx_word' id='word_1_153' title='bbox 223 2683 382 2744; x_wconf 77' lang='lat' dir='ltr'><strong>Jactationem</strong></span> <span class='ocrx_word' id='word_1_154' title='bbox 398 2692 423 2731; x_wconf 95' lang='lat' dir='ltr'><strong>et</strong></span> <span class='ocrx_word' id='word_1_155' title='bbox 440 2682 598 2746; x_wconf 82' lang='lat' dir='ltr'><strong>agitationem</strong></span> <span class='ocrx_word' id='word_1_156' title='bbox 616 2681 690 2731; x_wconf 85' lang='lat' dir='ltr'><strong>semi·</strong></span> <span class='ocrx_word' id='word_1_157' title='bbox 724 2687 843 2732; x_wconf 83' lang='lat' dir='ltr'><strong>consalta:</strong></span> <span class='ocrx_word' id='word_1_158' title='bbox 869 2683 943 2732; x_wconf 85' lang='lat' dir='ltr'><strong>MSS.</strong></span> <span class='ocrx_word' id='word_1_159' title='bbox 961 2681 1078 2745; x_wconf 75' lang='lat' dir='ltr'><strong>consulta:</strong></span> <span class='ocrx_word' id='word_1_160' title='bbox 1100 2683 1165 2746; x_wconf 93' lang='lat' dir='ltr'><strong>quod</strong></span> <span class='ocrx_word' id='word_1_161' title='bbox 1179 2683 1267 2748; x_wconf 89' lang='lat' dir='ltr'><strong>probat</strong></span> 
     </span>
     <span class='ocr_line' id='line_1_25' title="bbox 153 2743 1266 2860; baseline 0.001 -66"><span class='ocrx_word' id='word_1_162' title='bbox 153 2763 213 2796; x_wconf 90' lang='lat' dir='ltr'><strong>num</strong></span> <span class='ocrx_word' id='word_1_163' title='bbox 232 2747 352 2860; x_wconf 89' lang='lat' dir='ltr'><strong>percipiat</strong></span> <span class='ocrx_word' id='word_1_164' title='bbox 373 2747 513 2806; x_wconf 88' lang='lat' dir='ltr'><strong>Memmius,</strong></span> <span class='ocrx_word' id='word_1_165' title='bbox 532 2747 564 2795; x_wconf 91' lang='lat' dir='ltr'><strong>ad</strong></span> <span class='ocrx_word' id='word_1_166' title='bbox 583 2747 691 2811; x_wconf 87' lang='lat' dir='ltr'><strong>primum</strong></span> <span class='ocrx_word' id='word_1_167' title='bbox 725 2748 815 2804; x_wconf 78' lang='lat' dir='ltr'><strong>Faber3</strong></span> <span class='ocrx_word' id='word_1_168' title='bbox 827 2756 912 2796; x_wconf 89' lang='lat' dir='ltr'><strong>notum</strong></span> <span class='ocrx_word' id='word_1_169' title='bbox 925 2755 962 2797; x_wconf 88' lang='lat' dir='ltr'><strong>est</strong></span> <span class='ocrx_word' id='word_1_170' title='bbox 969 2747 1027 2811; x_wconf 86' lang='lat' dir='ltr'><strong>quid</strong></span> <span class='ocrx_word' id='word_1_171' title='bbox 1034 2747 1151 2811; x_wconf 76' lang='lat' dir='ltr'><strong>consultio,</strong></span> <span class='ocrx_word' id='word_1_172' title='bbox 1164 2743 1266 2803; x_wconf 71' lang='lat' dir='ltr'><strong>roardo,</strong></span> 
     </span>
     <span class='ocr_line' id='line_1_26' title="bbox 152 2809 1265 2878; baseline -0.001 -18"><span class='ocrx_word' id='word_1_173' title='bbox 152 2828 224 2860; x_wconf 88' lang='lat' dir='ltr'><strong>suum</strong></span> <span class='ocrx_word' id='word_1_174' title='bbox 244 2812 323 2860; x_wconf 90' lang='lat' dir='ltr'><strong>ibrum</strong></span> <span class='ocrx_word' id='word_1_175' title='bbox 336 2811 437 2870; x_wconf 86' lang='lat' dir='ltr'><strong>reducit,</strong></span> <span class='ocrx_word' id='word_1_176' title='bbox 450 2820 482 2870; x_wconf 90' lang='lat' dir='ltr'><strong>et,</strong></span> <span class='ocrx_word' id='word_1_177' title='bbox 494 2828 517 2860; x_wconf 92' lang='lat' dir='ltr'><strong>v.</strong></span> <span class='ocrx_word' id='word_1_178' title='bbox 530 2812 552 2859; x_wconf 91' lang='lat'><strong>6.</strong></span> <span class='ocrx_word' id='word_1_179' title='bbox 564 2820 648 2860; x_wconf 89' lang='lat' dir='ltr'><strong>monet</strong></span> <span class='ocrx_word' id='word_1_180' title='bbox 664 2827 690 2860; x_wconf 91' lang='lat' dir='ltr'><strong>se</strong></span> <span class='ocrx_word' id='word_1_181' title='bbox 724 2809 826 2873; x_wconf 74' lang='grc' dir='ltr'><em>πνκάζω,</em></span> <span class='ocrx_word' id='word_1_182' title='bbox 836 2821 881 2860; x_wconf 89' lang='lat' dir='ltr'><strong>etc.</strong></span> <span class='ocrx_word' id='word_1_183' title='bbox 892 2812 927 2861; x_wconf 90' lang='lat' dir='ltr'><strong>ita</strong></span> <span class='ocrx_word' id='word_1_184' title='bbox 934 2828 980 2878; x_wconf 93' lang='lat' dir='ltr'><strong>pro</strong></span> <span class='ocrx_word' id='word_1_185' title='bbox 986 2821 1053 2862; x_wconf 90' lang='lat' dir='ltr'><strong>certo</strong></span> <span class='ocrx_word' id='word_1_186' title='bbox 1061 2813 1206 2876; x_wconf 83' lang='lat' dir='ltr'><strong>legendum:</strong></span> <span class='ocrx_word' id='word_1_187' title='bbox 1221 2811 1265 2860; x_wconf 87' lang='lat' dir='ltr'><strong>sed</strong></span> 
     </span>
     <span class='ocr_line' id='line_1_27' title="bbox 153 2875 1265 2942; baseline -0.001 -18"><span class='ocrx_word' id='word_1_188' title='bbox 153 2876 212 2924; x_wconf 90' lang='lat' dir='ltr'><strong>olim</strong></span> <span class='ocrx_word' id='word_1_189' title='bbox 229 2876 339 2926; x_wconf 80' lang='lat' dir='ltr'><strong>docuisse</strong></span> <span class='ocrx_word' id='word_1_190' title='bbox 358 2877 454 2938; x_wconf 84' lang='lat' dir='ltr'><strong>nullum</strong></span> <span class='ocrx_word' id='word_1_191' title='bbox 474 2892 527 2925; x_wconf 85' lang='lat' dir='ltr'><strong>esse</strong></span> <span class='ocrx_word' id='word_1_192' title='bbox 548 2875 575 2924; x_wconf 90' lang='lat' dir='ltr'><strong>in</strong></span> <span class='ocrx_word' id='word_1_193' title='bbox 594 2876 692 2924; x_wconf 86' lang='lat' dir='ltr'><strong>infinito</strong></span> <span class='ocrx_word' id='word_1_194' title='bbox 724 2876 880 2927; x_wconf 85' lang='lat' dir='ltr'><strong>festinantem</strong></span> <span class='ocrx_word' id='word_1_195' title='bbox 904 2879 1011 2927; x_wconf 87' lang='lat' dir='ltr'><strong>Fabrum</strong></span> <span class='ocrx_word' id='word_1_196' title='bbox 1034 2893 1115 2942; x_wconf 84' lang='lat' dir='ltr'><strong>operae</strong></span> <span class='ocrx_word' id='word_1_197' title='bbox 1137 2877 1265 2940; x_wconf 82' lang='lat' dir='ltr'><strong>urgebant,</strong></span> 
     </span>
     <span class='ocr_line' id='line_1_28' title="bbox 152 2940 1264 3004; baseline 0.001 -16"><span class='ocrx_word' id='word_1_198' title='bbox 152 2941 233 3004; x_wconf 90' lang='lat' dir='ltr'><strong>spatio</strong></span> <span class='ocrx_word' id='word_1_199' title='bbox 244 2951 355 2990; x_wconf 89' lang='lat' dir='ltr'><strong>centrum</strong></span> <span class='ocrx_word' id='word_1_200' title='bbox 372 2950 415 2990; x_wconf 88' lang='lat' dir='ltr'><strong>aut</strong></span> <span class='ocrx_word' id='word_1_201' title='bbox 428 2940 543 2999; x_wconf 89' lang='lat' dir='ltr'><strong>medium,</strong></span> <span class='ocrx_word' id='word_1_202' title='bbox 556 2951 598 2989; x_wconf 91' lang='lat' dir='ltr'><strong>aut</strong></span> <span class='ocrx_word' id='word_1_203' title='bbox 614 2941 691 2988; x_wconf 90' lang='lat' dir='ltr'><strong>imum</strong></span> <span class='ocrx_word' id='word_1_204' title='bbox 724 2941 827 3004; x_wconf 91' lang='lat' dir='ltr'><strong>ideoque</strong></span> <span class='ocrx_word' id='word_1_205' title='bbox 848 2958 898 2991; x_wconf 90' lang='lat' dir='ltr'><strong>non</strong></span> <span class='ocrx_word' id='word_1_206' title='bbox 918 2941 980 2991; x_wconf 89' lang='lat' dir='ltr'><strong>vidit</strong></span> <span class='ocrx_word' id='word_1_207' title='bbox 997 2941 1070 2991; x_wconf 89' lang='lat' dir='ltr'><strong>istam</strong></span> <span class='ocrx_word' id='word_1_208' title='bbox 1088 2941 1218 2990; x_wconf 90' lang='lat' dir='ltr'><strong>lectionem</strong></span> <span class='ocrx_word' id='word_1_209' title='bbox 1241 2956 1264 2989; x_wconf 87' lang='lat' dir='ltr'><strong>v.</strong></span> 
     </span>
     <span class='ocr_line' id='line_1_29' title="bbox 153 3005 1263 3071; baseline 0.002 -19"><span class='ocrx_word' id='word_1_210' title='bbox 153 3006 239 3064; x_wconf 82' lang='lat' dir='ltr'><strong>locum,</strong></span> <span class='ocrx_word' id='word_1_211' title='bbox 252 3022 300 3069; x_wconf 92' lang='lat' dir='ltr'><strong>quo</strong></span> <span class='ocrx_word' id='word_1_212' title='bbox 311 3007 405 3054; x_wconf 91' lang='lat' dir='ltr'><strong>semina</strong></span> <span class='ocrx_word' id='word_1_213' title='bbox 416 3006 525 3063; x_wconf 86' lang='lat' dir='ltr'><strong>tendant,</strong></span> <span class='ocrx_word' id='word_1_214' title='bbox 538 3014 563 3054; x_wconf 91' lang='lat' dir='ltr'><strong>et</strong></span> <span class='ocrx_word' id='word_1_215' title='bbox 574 3005 623 3063; x_wconf 91' lang='lat' dir='ltr'><strong>ubi,</strong></span> <span class='ocrx_word' id='word_1_216' title='bbox 635 3021 691 3053; x_wconf 91' lang='lat' dir='ltr'><strong>cum</strong></span> <span class='ocrx_word' id='word_1_217' title='bbox 726 3008 779 3054; x_wconf 84' lang='lat'><strong>105.</strong></span> <span class='ocrx_word' id='word_1_218' title='bbox 800 3021 946 3071; x_wconf 86' lang='lat' dir='ltr'><strong>repugnare.</strong></span> <span class='ocrx_word' id='word_1_219' title='bbox 983 3009 1094 3069; x_wconf 77' lang='lat' dir='ltr'><strong>conflicta</strong></span> <span class='ocrx_word' id='word_1_220' title='bbox 1111 3007 1193 3069; x_wconf 89' lang='lat' dir='ltr'><strong>itaque</strong></span> <span class='ocrx_word' id='word_1_221' title='bbox 1211 3020 1263 3054; x_wconf 91' lang='lat' dir='ltr'><strong>am·</strong></span> 
     </span>
     <span class='ocr_line' id='line_1_30' title="bbox 153 3070 825 3135; baseline 0.001 -17"><span class='ocrx_word' id='word_1_222' title='bbox 153 3071 229 3118; x_wconf 89' lang='lat' dir='ltr'><strong>semel</strong></span> <span class='ocrx_word' id='word_1_223' title='bbox 256 3071 389 3135; x_wconf 86' lang='lat' dir='ltr'><strong>attigerint,</strong></span> <span class='ocrx_word' id='word_1_224' title='bbox 417 3070 556 3133; x_wconf 84' lang='lat' dir='ltr'><strong>quiescant:</strong></span> <span class='ocrx_word' id='word_1_225' title='bbox 588 3070 691 3132; x_wconf 89' lang='lat' dir='ltr'><strong>ideoque</strong></span> <span class='ocrx_word' id='word_1_226' title='bbox 724 3071 825 3135; x_wconf 89' lang='lat' dir='ltr'><strong>plector.</strong></span> 
     </span>
     <span class='ocr_line' id='line_1_31' title="bbox 153 3135 1230 3199; baseline 0.002 -17"><span class='ocrx_word' id='word_1_227' title='bbox 153 3151 209 3183; x_wconf 88' lang='lat' dir='ltr'><strong>cum</strong></span> <span class='ocrx_word' id='word_1_228' title='bbox 224 3136 331 3198; x_wconf 91' lang='lat' dir='ltr'><strong>pondere</strong></span> <span class='ocrx_word' id='word_1_229' title='bbox 348 3151 393 3183; x_wconf 90' lang='lat' dir='ltr'><strong>suo</strong></span> <span class='ocrx_word' id='word_1_230' title='bbox 409 3136 522 3183; x_wconf 89' lang='lat' dir='ltr'><strong>deorsum</strong></span> <span class='ocrx_word' id='word_1_231' title='bbox 538 3135 654 3192; x_wconf 88' lang='lat' dir='ltr'><strong>ferantur,</strong></span> <span class='ocrx_word' id='word_1_232' title='bbox 667 3142 692 3183; x_wconf 90' lang='lat' dir='ltr'><strong>et</strong></span> <span class='ocrx_word' id='word_1_233' title='bbox 757 3137 796 3184; x_wconf 91' lang='lat'><strong>98.</strong></span> <span class='ocrx_word' id='word_1_234' title='bbox 814 3138 875 3184; x_wconf 83' lang='lat' dir='ltr'><strong>Para</strong></span> <span class='ocrx_word' id='word_1_235' title='bbox 886 3135 968 3199; x_wconf 61' lang='lat' dir='ltr'><strong>enam]</strong></span> <span class='ocrx_word' id='word_1_236' title='bbox 981 3136 1040 3195; x_wconf 85' lang='lat' dir='ltr'><strong>Alii,</strong></span> <span class='ocrx_word' id='word_1_237' title='bbox 1053 3139 1144 3184; x_wconf 74' lang='lat' dir='ltr'><strong>Partim</strong></span> <span class='ocrx_word' id='word_1_238' title='bbox 1153 3140 1230 3184; x_wconf 77' lang='lat' dir='ltr'><strong>etiam.</strong></span> 
     </span>
     <span class='ocr_line' id='line_1_32' title="bbox 152 3199 1263 3264; baseline 0.003 -18"><span class='ocrx_word' id='word_1_239' title='bbox 152 3199 178 3246; x_wconf 93' lang='lat' dir='ltr'><strong>in</strong></span> <span class='ocrx_word' id='word_1_240' title='bbox 205 3199 252 3247; x_wconf 88' lang='lat' dir='ltr'><strong>alia</strong></span> <span class='ocrx_word' id='word_1_241' title='bbox 279 3201 312 3248; x_wconf 93' lang='lat' dir='ltr'><strong>im</strong></span> <span class='ocrx_word' id='word_1_242' title='bbox 331 3209 385 3248; x_wconf 85' lang='lat' dir='ltr'><strong>acta</strong></span> <span class='ocrx_word' id='word_1_243' title='bbox 416 3199 545 3262; x_wconf 88' lang='lat' dir='ltr'><strong>aliquando</strong></span> <span class='ocrx_word' id='word_1_244' title='bbox 573 3199 691 3257; x_wconf 87' lang='lat' dir='ltr'><strong>resiliant,</strong></span> <span class='ocrx_word' id='word_1_245' title='bbox 758 3199 821 3248; x_wconf 91' lang='lat' dir='ltr'><strong>Ibid.</strong></span> <span class='ocrx_word' id='word_1_246' title='bbox 834 3203 993 3249; x_wconf 79' lang='lat' dir='ltr'><strong>Neaantarab</strong></span> <span class='ocrx_word' id='word_1_247' title='bbox 1003 3199 1070 3264; x_wconf 84' lang='lat' dir='ltr'><strong>Ictu]</strong></span> <span class='ocrx_word' id='word_1_248' title='bbox 1079 3201 1184 3256; x_wconf 85' lang='lat' dir='ltr'><strong>Quidam</strong></span> <span class='ocrx_word' id='word_1_249' title='bbox 1193 3200 1263 3249; x_wconf 87' lang='lat' dir='ltr'><strong>codd.</strong></span> 
     </span>
     <span class='ocr_line' id='line_1_33' title="bbox 153 3217 1261 3329; baseline 0 -17"><span class='ocrx_word' id='word_1_250' title='bbox 153 3264 208 3327; x_wconf 88' lang='lat' dir='ltr'><strong>quis</strong></span> <span class='ocrx_word' id='word_1_251' title='bbox 216 3217 486 3329; x_wconf 74' lang='lat' dir='ltr'><strong>negetillbplerumque</strong></span> <span class='ocrx_word' id='word_1_252' title='bbox 495 3273 615 3328; x_wconf 87' lang='lat' dir='ltr'><strong>perpetuo</strong></span> <span class='ocrx_word' id='word_1_253' title='bbox 624 3272 692 3311; x_wconf 90' lang='lat' dir='ltr'><strong>motu</strong></span> <span class='ocrx_word' id='word_1_254' title='bbox 724 3273 854 3312; x_wconf 75' lang='lat' dir='ltr'><strong>vexantur:</strong></span> <span class='ocrx_word' id='word_1_255' title='bbox 871 3264 1098 3322; x_wconf 63' lang='lat' dir='ltr'><strong>remorarentur,</strong></span> <span class='ocrx_word' id='word_1_256' title='bbox 1110 3281 1132 3313; x_wconf 84' lang='lat' dir='ltr'><strong>v.</strong></span> <span class='ocrx_word' id='word_1_257' title='bbox 1148 3265 1201 3311; x_wconf 98' lang='grc'><strong>100.</strong></span> <span class='ocrx_word' id='word_1_258' title='bbox 1219 3264 1261 3312; x_wconf 65' lang='grc' dir='ltr'><strong>ειᾱὲ</strong></span> 
     </span>
     <span class='ocr_line' id='line_1_34' title="bbox 149 3327 1262 3393; baseline -0.001 -16"><span class='ocrx_word' id='word_1_259' title='bbox 149 3328 253 3391; x_wconf 75' lang='lat' dir='ltr'><strong>jactarit</strong></span> <span class='ocrx_word' id='word_1_260' title='bbox 709 3329 838 3377; x_wconf 82' lang='lat' dir='ltr'><strong>monitus.</strong></span> <span class='ocrx_word' id='word_1_261' title='bbox 859 3329 952 3376; x_wconf 82' lang='lat' dir='ltr'><strong>HaecE</strong></span> <span class='ocrx_word' id='word_1_262' title='bbox 969 3329 1051 3376; x_wconf 89' lang='lat' dir='ltr'><strong>icurus</strong></span> <span class='ocrx_word' id='word_1_263' title='bbox 1058 3328 1123 3393; x_wconf 89' lang='lat' dir='ltr'><strong>apud</strong></span> <span class='ocrx_word' id='word_1_264' title='bbox 1131 3327 1262 3376; x_wconf 65' lang='lat' dir='ltr'><strong>Ladrtium.</strong></span> 
     </span>
    </p>

    <p class='ocr_par' dir='ltr' id='par_1_5' title="bbox 153 3391 1266 4232">
     <span class='ocr_line' id='line_1_35' title="bbox 186 3391 1262 3458; baseline 0.002 -19"><span class='ocrx_word' id='word_1_265' title='bbox 186 3395 225 3440; x_wconf 74' lang='lat'><strong>94.</strong></span> <span class='ocrx_word' id='word_1_266' title='bbox 246 3395 424 3454; x_wconf 65' lang='lat' dir='ltr'><strong>quodquoniam</strong></span> <span class='ocrx_word' id='word_1_267' title='bbox 435 3399 530 3451; x_wconf 82' lang='lat' dir='ltr'><strong>constat,</strong></span> <span class='ocrx_word' id='word_1_268' title='bbox 542 3392 600 3458; x_wconf 80' lang='lat' dir='ltr'><strong>eta]</strong></span> <span class='ocrx_word' id='word_1_269' title='bbox 612 3391 692 3455; x_wconf 88' lang='lat' dir='ltr'><strong>Igitur</strong></span> <span class='ocrx_word' id='word_1_270' title='bbox 724 3393 755 3440; x_wconf 81' lang='lat' dir='ltr'><strong>Al</strong></span> <span class='ocrx_word' id='word_1_271' title='bbox 759 3391 804 3452; x_wconf 81' lang='grc' dir='ltr'><strong>μὲν</strong></span> <span class='ocrx_word' id='word_1_272' title='bbox 814 3391 847 3441; x_wconf 77' lang='grc' dir='ltr'><strong>εἷς</strong></span> <span class='ocrx_word' id='word_1_273' title='bbox 854 3392 946 3452; x_wconf 74' lang='grc' dir='ltr'>μακρὰν</span> <span class='ocrx_word' id='word_1_274' title='bbox 985 3391 1116 3450; x_wconf 74' lang='grc' dir='ltr'><strong>’ἀλλήλων</strong></span> <span class='ocrx_word' id='word_1_275' title='bbox 1123 3391 1262 3451; x_wconf 68' lang='lat' dir='ltr'><strong>trimam,</strong></span> 
     </span>
     <span class='ocr_line' id='line_1_36' title="bbox 153 3454 1262 3518; baseline 0.001 -14"><span class='ocrx_word' id='word_1_276' title='bbox 153 3472 209 3504; x_wconf 90' lang='lat' dir='ltr'><strong>cum</strong></span> <span class='ocrx_word' id='word_1_277' title='bbox 221 3457 315 3504; x_wconf 85' lang='lat' dir='ltr'><strong>semina</strong></span> <span class='ocrx_word' id='word_1_278' title='bbox 326 3456 423 3504; x_wconf 85' lang='lat' dir='ltr'><strong>assiduo</strong></span> <span class='ocrx_word' id='word_1_279' title='bbox 439 3467 507 3504; x_wconf 92' lang='lat' dir='ltr'><strong>motu</strong></span> <span class='ocrx_word' id='word_1_280' title='bbox 523 3465 691 3514; x_wconf 85' lang='lat' dir='ltr'><strong>exerceantur,</strong></span> <span class='ocrx_word' id='word_1_281' title='bbox 725 3454 787 3504; x_wconf 75' lang='grc' dir='ltr'><strong>α1δὲ</strong></span> <span class='ocrx_word' id='word_1_282' title='bbox 799 3455 921 3504; x_wconf 73' lang='grc' dir='ltr'>αι’πὸντὸν</span> <span class='ocrx_word' id='word_1_283' title='bbox 931 3456 1027 3516; x_wconf 65' lang='grc' dir='ltr'>παλμὸν</span> <span class='ocrx_word' id='word_1_284' title='bbox 1036 3455 1140 3518; x_wconf 76' lang='grc' dir='ltr'><strong>ἔχουσιν,</strong></span> <span class='ocrx_word' id='word_1_285' title='bbox 1152 3456 1262 3510; x_wconf 68' lang='lat' dir='ltr'><strong>dtur—ro·</strong></span> 
     </span>
     <span class='ocr_line' id='line_1_37' title="bbox 154 3519 1262 3585; baseline 0.002 -16"><span class='ocrx_word' id='word_1_286' title='bbox 154 3537 210 3569; x_wconf 89' lang='lat' dir='ltr'><strong>cum</strong></span> <span class='ocrx_word' id='word_1_287' title='bbox 227 3521 367 3585; x_wconf 88' lang='lat' dir='ltr'><strong>percutiant</strong></span> <span class='ocrx_word' id='word_1_288' title='bbox 385 3535 413 3567; x_wconf 89' lang='lat' dir='ltr'><strong>ac</strong></span> <span class='ocrx_word' id='word_1_289' title='bbox 433 3519 551 3578; x_wconf 84' lang='lat' dir='ltr'><strong>resiliant,</strong></span> <span class='ocrx_word' id='word_1_290' title='bbox 570 3520 647 3577; x_wconf 85' lang='lat' dir='ltr'><strong>docet,</strong></span> <span class='ocrx_word' id='word_1_291' title='bbox 669 3535 691 3568; x_wconf 85' lang='lat' dir='ltr'><strong>r.</strong></span> <span class='ocrx_word' id='word_1_292' title='bbox 724 3536 802 3582; x_wconf 83' lang='grc' dir='ltr'><strong><em>χωσιν</em></strong></span> <span class='ocrx_word' id='word_1_293' title='bbox 813 3519 846 3569; x_wconf 80' lang='grc' dir='ltr'><strong>εἰς</strong></span> <span class='ocrx_word' id='word_1_294' title='bbox 861 3520 907 3578; x_wconf 73' lang='grc' dir='ltr'><strong>τὴν</strong></span> <span class='ocrx_word' id='word_1_295' title='bbox 922 3520 1069 3584; x_wconf 77' lang='grc' dir='ltr'>περιπλοκὴν</span> <span class='ocrx_word' id='word_1_296' title='bbox 1088 3520 1262 3583; x_wconf 64' lang='grc' dir='ltr'><strong>κεκλασμέναι,</strong></span> 
     </span>
     <span class='ocr_line' id='line_1_38' title="bbox 157 3581 1208 3649; baseline 0.001 -15"><span class='ocrx_word' id='word_1_297' title='bbox 157 3588 193 3634; x_wconf 76' lang='lat'><strong>14.</strong></span> <span class='ocrx_word' id='word_1_298' title='bbox 211 3585 306 3634; x_wconf 88' lang='lat' dir='ltr'><strong>semina</strong></span> <span class='ocrx_word' id='word_1_299' title='bbox 316 3585 363 3633; x_wconf 89' lang='lat' dir='ltr'><strong>ista</strong></span> <span class='ocrx_word' id='word_1_300' title='bbox 374 3583 508 3632; x_wconf 89' lang='lat' dir='ltr'><strong>resilientia</strong></span> <span class='ocrx_word' id='word_1_301' title='bbox 520 3584 550 3632; x_wconf 86' lang='lat' dir='ltr'><strong>ad</strong></span> <span class='ocrx_word' id='word_1_302' title='bbox 561 3583 693 3646; x_wconf 75' lang='lat' dir='ltr'><strong>inaequales</strong></span> <span class='ocrx_word' id='word_1_303' title='bbox 725 3585 741 3643; x_wconf 74' lang='lat'><strong>9</strong></span> <span class='ocrx_word' id='word_1_304' title='bbox 753 3581 927 3645; x_wconf 68' lang='grc' dir='ltr'><strong>στεγαζόμεναι</strong></span> <span class='ocrx_word' id='word_1_305' title='bbox 938 3586 983 3634; x_wconf 65' lang='lat' dir='ltr'><strong>aab</strong></span> <span class='ocrx_word' id='word_1_306' title='bbox 993 3588 1042 3634; x_wconf 77' lang='grc' dir='ltr'><strong>τῶν</strong></span> <span class='ocrx_word' id='word_1_307' title='bbox 1052 3589 1208 3649; x_wconf 52' lang='lat' dir='ltr'><strong>sarmada(</strong></span> 
     </span>
     <span class='ocr_line' id='line_1_39' title="bbox 153 3647 1264 3713; baseline 0.002 -15"><span class='ocrx_word' id='word_1_308' title='bbox 153 3648 282 3699; x_wconf 89' lang='lat' dir='ltr'><strong>distantias</strong></span> <span class='ocrx_word' id='word_1_309' title='bbox 302 3649 408 3704; x_wconf 79' lang='lat' dir='ltr'><strong>reflecti3</strong></span> <span class='ocrx_word' id='word_1_310' title='bbox 436 3648 578 3697; x_wconf 83' lang='lat' dir='ltr'><strong>varietatem</strong></span> <span class='ocrx_word' id='word_1_311' title='bbox 600 3648 693 3697; x_wconf 90' lang='lat' dir='ltr'><strong>ictuum</strong></span> <span class='ocrx_word' id='word_1_312' title='bbox 758 3651 796 3698; x_wconf 91' lang='lat'><strong>99.</strong></span> <span class='ocrx_word' id='word_1_313' title='bbox 816 3649 944 3713; x_wconf 75' lang='lat' dir='ltr'><strong>Gondanao]</strong></span> <span class='ocrx_word' id='word_1_314' title='bbox 954 3652 1070 3708; x_wconf 67' lang='lat' dir='ltr'><strong>conteneo,</strong></span> <span class='ocrx_word' id='word_1_315' title='bbox 1080 3651 1228 3712; x_wconf 87' lang='lat' dir='ltr'><strong>Priscianus,</strong></span> <span class='ocrx_word' id='word_1_316' title='bbox 1238 3647 1264 3702; x_wconf 83' lang='lat' dir='ltr'><strong>et</strong></span> 
     </span>
     <span class='ocr_line' id='line_1_40' title="bbox 154 3712 904 3776; baseline -0.003 -12"><span class='ocrx_word' id='word_1_317' title='bbox 154 3715 259 3764; x_wconf 85' lang='lat' dir='ltr'><strong>varietas</strong></span> <span class='ocrx_word' id='word_1_318' title='bbox 276 3713 444 3763; x_wconf 87' lang='lat' dir='ltr'><strong>reflectionum</strong></span> <span class='ocrx_word' id='word_1_319' title='bbox 461 3713 586 3776; x_wconf 86' lang='lat' dir='ltr'><strong>sequitur:</strong></span> <span class='ocrx_word' id='word_1_320' title='bbox 612 3728 644 3762; x_wconf 81' lang='lat' dir='ltr'><strong>ex</strong></span> <span class='ocrx_word' id='word_1_321' title='bbox 661 3713 693 3762; x_wconf 90' lang='lat' dir='ltr'><strong>iis</strong></span> <span class='ocrx_word' id='word_1_322' title='bbox 725 3712 824 3776; x_wconf 81' lang='lat' dir='ltr'><strong>quidam</strong></span> <span class='ocrx_word' id='word_1_323' title='bbox 835 3715 904 3762; x_wconf 87' lang='lat' dir='ltr'><strong>codd</strong></span> 
     </span>
     <span class='ocr_line' id='line_1_41' title="bbox 154 3778 1262 3844; baseline 0.003 -16"><span class='ocrx_word' id='word_1_324' title='bbox 154 3791 236 3829; x_wconf 85' lang='lat' dir='ltr'><strong>autem</strong></span> <span class='ocrx_word' id='word_1_325' title='bbox 255 3796 309 3842; x_wconf 88' lang='lat' dir='ltr'><strong>quae</strong></span> <span class='ocrx_word' id='word_1_326' title='bbox 327 3782 358 3827; x_wconf 89' lang='lat' dir='ltr'><strong>ad</strong></span> <span class='ocrx_word' id='word_1_327' title='bbox 375 3780 474 3827; x_wconf 84' lang='lat' dir='ltr'><strong>brevem</strong></span> <span class='ocrx_word' id='word_1_328' title='bbox 492 3778 633 3827; x_wconf 84' lang='lat' dir='ltr'><strong>distantiam</strong></span> <span class='ocrx_word' id='word_1_329' title='bbox 652 3795 691 3826; x_wconf 90' lang='lat' dir='ltr'><strong>re·</strong></span> <span class='ocrx_word' id='word_1_330' title='bbox 761 3781 813 3827; x_wconf 93' lang='grc'><strong>100.</strong></span> <span class='ocrx_word' id='word_1_331' title='bbox 838 3778 956 3844; x_wconf 68' lang='lat' dir='ltr'><strong>Gorneae]</strong></span> <span class='ocrx_word' id='word_1_332' title='bbox 977 3780 1036 3839; x_wconf 85' lang='lat' dir='ltr'><strong>Alii,</strong></span> <span class='ocrx_word' id='word_1_333' title='bbox 1059 3789 1182 3837; x_wconf 73' lang='lat' dir='ltr'><strong>correcta,-</strong></span> <span class='ocrx_word' id='word_1_334' title='bbox 1210 3798 1262 3831; x_wconf 82' lang='lat' dir='ltr'><strong>ron·</strong></span> 
     </span>
     <span class='ocr_line' id='line_1_42' title="bbox 154 3843 1263 3908; baseline 0.003 -16"><span class='ocrx_word' id='word_1_335' title='bbox 154 3845 293 3903; x_wconf 88' lang='lat' dir='ltr'><strong>flectuntur,</strong></span> <span class='ocrx_word' id='word_1_336' title='bbox 312 3855 337 3892; x_wconf 92' lang='lat' dir='ltr'><strong>et</strong></span> <span class='ocrx_word' id='word_1_337' title='bbox 354 3843 452 3891; x_wconf 87' lang='lat' dir='ltr'><strong>arctiori</strong></span> <span class='ocrx_word' id='word_1_338' title='bbox 468 3843 547 3907; x_wconf 85' lang='lat' dir='ltr'><strong>spatio</strong></span> <span class='ocrx_word' id='word_1_339' title='bbox 561 3845 693 3906; x_wconf 74' lang='lat' dir='ltr'><strong>jactantur,</strong></span> <span class='ocrx_word' id='word_1_340' title='bbox 720 3845 795 3908; x_wconf 84' lang='lat' dir='ltr'><strong>jecta,</strong></span> <span class='ocrx_word' id='word_1_341' title='bbox 808 3843 857 3891; x_wconf 85' lang='lat' dir='ltr'><strong>alii.</strong></span> <span class='ocrx_word' id='word_1_342' title='bbox 884 3844 1017 3894; x_wconf 87' lang='lat' dir='ltr'><strong>Existimat</strong></span> <span class='ocrx_word' id='word_1_343' title='bbox 1035 3845 1148 3895; x_wconf 83' lang='lat' dir='ltr'><strong>Gifanius</strong></span> <span class='ocrx_word' id='word_1_344' title='bbox 1167 3854 1263 3896; x_wconf 84' lang='lat' dir='ltr'><strong>veteres</strong></span> 
     </span>
     <span class='ocr_line' id='line_1_43' title="bbox 154 3906 946 3973; baseline 0 -15"><span class='ocrx_word' id='word_1_345' title='bbox 154 3910 253 3967; x_wconf 85' lang='lat' dir='ltr'><strong>ferrum,</strong></span> <span class='ocrx_word' id='word_1_346' title='bbox 265 3909 366 3973; x_wconf 90' lang='lat' dir='ltr'><strong>lapides,</strong></span> <span class='ocrx_word' id='word_1_347' title='bbox 377 3916 402 3956; x_wconf 92' lang='lat' dir='ltr'><strong>et</strong></span> <span class='ocrx_word' id='word_1_348' title='bbox 412 3906 506 3970; x_wconf 86' lang='lat' dir='ltr'><strong>reliqua</strong></span> <span class='ocrx_word' id='word_1_349' title='bbox 515 3908 575 3956; x_wconf 86' lang='lat' dir='ltr'><strong>dura</strong></span> <span class='ocrx_word' id='word_1_350' title='bbox 585 3917 610 3957; x_wconf 92' lang='lat' dir='ltr'><strong>et</strong></span> <span class='ocrx_word' id='word_1_351' title='bbox 617 3909 695 3956; x_wconf 88' lang='lat' dir='ltr'><strong>solida</strong></span> <span class='ocrx_word' id='word_1_352' title='bbox 729 3908 820 3957; x_wconf 85' lang='lat' dir='ltr'><strong>dixisse</strong></span> <span class='ocrx_word' id='word_1_353' title='bbox 832 3918 946 3958; x_wconf 81' lang='lat' dir='ltr'><strong>connecto.</strong></span> 
     </span>
     <span class='ocr_line' id='line_1_44' title="bbox 154 3973 1264 4040; baseline 0.002 -18"><span class='ocrx_word' id='word_1_354' title='bbox 154 3990 257 4038; x_wconf 88' lang='lat' dir='ltr'><strong>corpora</strong></span> <span class='ocrx_word' id='word_1_355' title='bbox 274 3981 467 4039; x_wconf 77' lang='lat' dir='ltr'><strong>componuntur3</strong></span> <span class='ocrx_word' id='word_1_356' title='bbox 493 3987 525 4020; x_wconf 87' lang='lat' dir='ltr'><strong>ex</strong></span> <span class='ocrx_word' id='word_1_357' title='bbox 544 3973 574 4021; x_wconf 92' lang='lat' dir='ltr'><strong>iis</strong></span> <span class='ocrx_word' id='word_1_358' title='bbox 592 3989 646 4036; x_wconf 82' lang='lat' dir='ltr'><strong>quse</strong></span> <span class='ocrx_word' id='word_1_359' title='bbox 664 3974 695 4022; x_wconf 89' lang='lat' dir='ltr'><strong>ad</strong></span> <span class='ocrx_word' id='word_1_360' title='bbox 762 3975 815 4022; x_wconf 81' lang='lat'><strong>104.</strong></span> <span class='ocrx_word' id='word_1_361' title='bbox 839 3973 955 4038; x_wconf 73' lang='lat' dir='ltr'><strong>Pauculis]</strong></span> <span class='ocrx_word' id='word_1_362' title='bbox 974 3975 1038 4022; x_wconf 90' lang='lat' dir='ltr'><strong>Nam</strong></span> <span class='ocrx_word' id='word_1_363' title='bbox 1056 3976 1133 4024; x_wconf 91' lang='lat' dir='ltr'><strong>multo</strong></span> <span class='ocrx_word' id='word_1_364' title='bbox 1149 3975 1264 4040; x_wconf 85' lang='lat' dir='ltr'><strong>pauciora</strong></span> 
     </span>
     <span class='ocr_line' id='line_1_45' title="bbox 154 4036 1151 4103; baseline 0.002 -17"><span class='ocrx_word' id='word_1_365' title='bbox 154 4039 252 4102; x_wconf 84' lang='lat' dir='ltr'><strong>longam</strong></span> <span class='ocrx_word' id='word_1_366' title='bbox 272 4038 413 4086; x_wconf 74' lang='lat' dir='ltr'><strong>distantim</strong></span> <span class='ocrx_word' id='word_1_367' title='bbox 432 4036 552 4094; x_wconf 89' lang='lat' dir='ltr'><strong>resiliunt,</strong></span> <span class='ocrx_word' id='word_1_368' title='bbox 572 4047 597 4086; x_wconf 92' lang='lat' dir='ltr'><strong>et</strong></span> <span class='ocrx_word' id='word_1_369' title='bbox 614 4037 695 4086; x_wconf 87' lang='lat' dir='ltr'><strong>laxius</strong></span> <span class='ocrx_word' id='word_1_370' title='bbox 727 4054 830 4086; x_wconf 88' lang='lat' dir='ltr'><strong>numero</strong></span> <span class='ocrx_word' id='word_1_371' title='bbox 841 4049 899 4088; x_wconf 90' lang='lat' dir='ltr'><strong>sunt</strong></span> <span class='ocrx_word' id='word_1_372' title='bbox 909 4039 994 4098; x_wconf 88' lang='lat' dir='ltr'><strong>solida,</strong></span> <span class='ocrx_word' id='word_1_373' title='bbox 1006 4055 1079 4103; x_wconf 93' lang='lat' dir='ltr'><strong>quam</strong></span> <span class='ocrx_word' id='word_1_374' title='bbox 1090 4056 1151 4088; x_wconf 88' lang='lat' dir='ltr'><strong>rara.</strong></span> 
     </span>
     <span class='ocr_line' id='line_1_46' title="bbox 155 4101 1266 4168; baseline -0.002 -17"><span class='ocrx_word' id='word_1_375' title='bbox 155 4113 282 4166; x_wconf 87' lang='lat' dir='ltr'><strong>vagantur,</strong></span> <span class='ocrx_word' id='word_1_376' title='bbox 295 4106 343 4161; x_wconf 68' lang='lat' dir='ltr'><strong>aer,</strong></span> <span class='ocrx_word' id='word_1_377' title='bbox 355 4101 428 4166; x_wconf 86' lang='lat' dir='ltr'><strong>ignis,</strong></span> <span class='ocrx_word' id='word_1_378' title='bbox 440 4111 465 4150; x_wconf 89' lang='lat' dir='ltr'><strong>et</strong></span> <span class='ocrx_word' id='word_1_379' title='bbox 476 4102 559 4150; x_wconf 88' lang='lat' dir='ltr'><strong>mollia</strong></span> <span class='ocrx_word' id='word_1_380' title='bbox 576 4102 695 4166; x_wconf 88' lang='lat' dir='ltr'><strong>ejusmodi</strong></span> <span class='ocrx_word' id='word_1_381' title='bbox 764 4105 816 4151; x_wconf 83' lang='lat'><strong>105.</strong></span> <span class='ocrx_word' id='word_1_382' title='bbox 834 4107 867 4152; x_wconf 86' lang='lat' dir='ltr'><strong>Et</strong></span> <span class='ocrx_word' id='word_1_383' title='bbox 882 4103 943 4167; x_wconf 85' lang='lat' dir='ltr'><strong>cita]</strong></span> <span class='ocrx_word' id='word_1_384' title='bbox 956 4105 1029 4168; x_wconf 90' lang='lat' dir='ltr'><strong>Vulg.</strong></span> <span class='ocrx_word' id='word_1_385' title='bbox 1046 4105 1088 4153; x_wconf 95' lang='lat' dir='ltr'><strong>lib.</strong></span> <span class='ocrx_word' id='word_1_386' title='bbox 1106 4113 1205 4159; x_wconf 67' lang='grc' dir='ltr'><strong>σαίρω,-</strong></span> <span class='ocrx_word' id='word_1_387' title='bbox 1228 4102 1266 4150; x_wconf 90' lang='lat' dir='ltr'><strong>in·</strong></span> 
     </span>
     <span class='ocr_line' id='line_1_47' title="bbox 157 4166 1036 4232; baseline 0.003 -18"><span class='ocrx_word' id='word_1_388' title='bbox 157 4177 182 4214; x_wconf 93' lang='lat' dir='ltr'><strong>et</strong></span> <span class='ocrx_word' id='word_1_389' title='bbox 192 4183 247 4216; x_wconf 89' lang='lat' dir='ltr'><strong>rara</strong></span> <span class='ocrx_word' id='word_1_390' title='bbox 258 4183 360 4232; x_wconf 89' lang='lat' dir='ltr'><strong>corpora</strong></span> <span class='ocrx_word' id='word_1_391' title='bbox 371 4166 560 4216; x_wconf 87' lang='lat' dir='ltr'><strong>constituuntur.</strong></span> <span class='ocrx_word' id='word_1_392' title='bbox 729 4177 785 4232; x_wconf 89' lang='lat' dir='ltr'><strong>epte</strong></span> <span class='ocrx_word' id='word_1_393' title='bbox 796 4185 802 4216; x_wconf 78' lang='lat' dir='ltr'><strong>t</strong></span> <span class='ocrx_word' id='word_1_394' title='bbox 821 4168 927 4230; x_wconf 90' lang='lat' dir='ltr'><strong>quidam,</strong></span> <span class='ocrx_word' id='word_1_395' title='bbox 939 4173 1036 4231; x_wconf 81' lang='lat' dir='ltr'><strong>citaque.</strong></span> 
     </span>
    </p>

    <p class='ocr_par' dir='ltr' id='par_1_6' title="bbox 158 4230 1272 4360">
     <span class='ocr_line' id='line_1_48' title="bbox 190 4230 1269 4296; baseline 0 -18"><span class='ocrx_word' id='word_1_396' title='bbox 190 4231 229 4284; x_wconf 82' lang='grc'><strong>97.</strong></span> <span class='ocrx_word' id='word_1_397' title='bbox 255 4231 378 4295; x_wconf 78' lang='lat' dir='ltr'><strong>Conflicta]</strong></span> <span class='ocrx_word' id='word_1_398' title='bbox 409 4233 516 4291; x_wconf 75' lang='lat' dir='ltr'><strong>Contere,</strong></span> <span class='ocrx_word' id='word_1_399' title='bbox 545 4231 694 4281; x_wconf 85' lang='lat' dir='ltr'><strong>Lambinus:</strong></span> <span class='ocrx_word' id='word_1_400' title='bbox 765 4235 818 4282; x_wconf 90' lang='grc'><strong>108.</strong></span> <span class='ocrx_word' id='word_1_401' title='bbox 837 4236 958 4296; x_wconf 80' lang='lat' dir='ltr'><strong>Multaque</strong></span> <span class='ocrx_word' id='word_1_402' title='bbox 969 4242 1090 4296; x_wconf 75' lang='lat' dir='ltr'><strong>praterea,</strong></span> <span class='ocrx_word' id='word_1_403' title='bbox 1107 4230 1163 4292; x_wconf 81' lang='lat' dir='ltr'><strong>eta]</strong></span> <span class='ocrx_word' id='word_1_404' title='bbox 1177 4231 1269 4278; x_wconf 78' lang='lat' dir='ltr'><strong>Praeter</strong></span> 
     </span>
     <span class='ocr_line' id='line_1_49' title="bbox 158 4295 1272 4360; baseline 0 -18"><span class='ocrx_word' id='word_1_405' title='bbox 158 4299 268 4356; x_wconf 79' lang='lat' dir='ltr'><strong>consalta,</strong></span> <span class='ocrx_word' id='word_1_406' title='bbox 280 4297 405 4346; x_wconf 85' lang='lat' dir='ltr'><strong>Gilanius:</strong></span> <span class='ocrx_word' id='word_1_407' title='bbox 425 4312 497 4360; x_wconf 89' lang='lat' dir='ltr'><strong>quam</strong></span> <span class='ocrx_word' id='word_1_408' title='bbox 506 4313 590 4346; x_wconf 84' lang='lat' dir='ltr'><strong>rocem</strong></span> <span class='ocrx_word' id='word_1_409' title='bbox 601 4297 642 4345; x_wconf 88' lang='lat' dir='ltr'><strong>vix</strong></span> <span class='ocrx_word' id='word_1_410' title='bbox 659 4298 696 4345; x_wconf 94' lang='lat' dir='ltr'><strong>in·</strong></span> <span class='ocrx_word' id='word_1_411' title='bbox 732 4298 774 4347; x_wconf 93' lang='lat' dir='ltr'><strong>illa</strong></span> <span class='ocrx_word' id='word_1_412' title='bbox 786 4298 887 4356; x_wconf 88' lang='lat' dir='ltr'><strong>semina,</strong></span> <span class='ocrx_word' id='word_1_413' title='bbox 900 4314 954 4360; x_wconf 77' lang='lat' dir='ltr'><strong>quae</strong></span> <span class='ocrx_word' id='word_1_414' title='bbox 965 4297 1078 4346; x_wconf 87' lang='lat' dir='ltr'><strong>brevibus</strong></span> <span class='ocrx_word' id='word_1_415' title='bbox 1090 4295 1175 4359; x_wconf 87' lang='lat' dir='ltr'><strong>spatiis</strong></span> <span class='ocrx_word' id='word_1_416' title='bbox 1192 4295 1272 4343; x_wconf 79' lang='lat' dir='ltr'><strong>resul-</strong></span> 
     </span>
    </p>
   </div>
   <div class='ocr_carea' id='block_1_5' title="bbox 0 0 1445 4852">
    <p class='ocr_par' dir='ltr' id='par_1_7' title="bbox 0 0 1445 4852">
     <span class='ocr_line' id='line_1_50' title="bbox 0 0 1445 4852; baseline 0 0"><span class='ocrx_word' id='word_1_417' title='bbox 0 0 1445 4852; x_wconf 95' lang='lat' dir='ltr'><strong> </strong></span> 
     </span>
    </p>
   </div>
  </div>
 </body>
</html>
