2872 4852
218 224 280 290 raa
564 172 639 286 r.
672 215 941 283 LUCRETH

344 377 391 442 Et
406 376 557 461 quoniam
572 385 641 439 toto
657 375 811 439 sentimus
828 373 973 456 Corpore
988 373 1095 436 inesse

236 491 282 537 635
302 479 445 544 Vitalem
459 501 600 554 sensum,
617 487 651 541 et
665 486 769 540 totum
783 497 855 538 esse
871 473 1005 537 animale
1020 475 1177 550 videmus,

300 582 336 645 si
353 582 460 646 subito
475 580 616 644 medium
632 577 728 642 celeri
744 576 930 661 praeoiderit
945 575 1011 638 ictu

300 682 361 747 Vis
377 682 496 766 aliqua,
512 691 549 744 ut
565 701 711 744 seorsum
725 689 852 762 partem
866 689 1013 742 secernat
1028 687 1216 758 utramque3

301 783 486 867 Dispertita
500 776 718 865 proculdubio
733 799 862 862 quoque
878 777 925 839 vis
941 775 1082 852 Animai,

300 885 347 950 Et
363 886 498 949 discissa
514 880 607 946 simul
622 903 695 945 cum
711 880 858 963 Corpore
874 878 1069 962 disjicietur:
1140 913 1142 916 ·

236 999 284 1045 640
302 985 350 1050 At
365 986 453 1070 quod
471 985 639 1059 scinditur,
656 993 689 1046 et
704 981 825 1065 parteis
842 980 981 1043 discedit
996 980 1028 1041 in
1043 977 1136 1055 ullas,

300 1087 431 1152 Scilicet
446 1097 600 1150 aeternam
615 1085 678 1147 sibi
691 1094 839 1175 natupam
854 1081 967 1144 abnuit
982 1102 1065 1143 esse.

299 1186 476 1251 Falciferos
492 1195 669 1250 memorant
685 1186 799 1248 currus
815 1182 1006 1245 abscindere
1021 1182 1165 1245 membra

302 1290 399 1373 Saepe
413 1290 458 1353 ita
474 1288 625 1352 desubito
640 1286 795 1370 permista
809 1285 899 1348 caede
913 1282 1077 1360 calentem,

301 1391 349 1455 Ut
364 1402 502 1454 tremere
517 1390 550 1451 iu
565 1397 654 1451 terra
669 1387 817 1450 videatur
832 1386 875 1450 ab
891 1387 1026 1449 artubus
1040 1386 1073 1449 id
1088 1388 1177 1469 quod

236 1504 283 1552 645
301 1493 435 1556 Decidit
449 1491 646 1566 abscissum3
671 1509 744 1551 oum
759 1487 858 1550 Mens
874 1497 993 1563 tamen,
1009 1496 1106 1570 atque
1120 1486 1257 1550 hominis
1274 1490 1321 1551 vis

301 1574 488 1657 Mobilitate
501 1590 575 1654 mali
590 1612 655 1652 non
668 1590 739 1673 quit
755 1589 874 1653 sentire
891 1589 1052 1652 dolorem:

301 1694 348 1757 Et
364 1692 457 1756 simul
470 1693 503 1754 in
517 1713 637 1775 pugnae
654 1690 762 1753 studio
777 1690 866 1772 quod
882 1689 992 1753 dedita
1008 1689 1106 1753 Mens
1121 1702 1182 1767 est,

300 1795 448 1878 Corpore
463 1814 535 1856 oum
551 1791 675 1875 reliquo
690 1813 844 1874 pugnam,
861 1791 1044 1874 caedeisque
1059 1792 1205 1875 petissit3

299 1895 374 1959 Neo
390 1905 488 1967 tenet,
505 1893 653 1956 amissam
668 1892 781 1956 laevam
796 1915 869 1957 oum
884 1894 1024 1977 tegmine
1040 1916 1128 1977 saepe

235 2008 283 2055 650
302 1995 392 2060 Inter
406 2017 508 2078 equos
523 1996 676 2058 abstraxe
693 2006 792 2071 rotas,
810 1994 985 2078 falceisque
1000 1995 1165 2079 rapaceis:

298 2098 373 2162 Nec
389 2097 545 2162 cecidisse
561 2095 641 2159 alius
658 2097 818 2173 dextram,
835 2119 908 2160 cum
923 2097 1060 2174 scandit,
1076 2108 1109 2160 et
1123 2097 1232 2160 instat.

299 2197 380 2263 Inde
396 2197 476 2261 alius
492 2208 628 2261 conatur
642 2199 796 2282 adempto
812 2220 946 2281 surgere
962 2220 1069 2274 crure,

297 2300 380 2365 Cum
395 2300 514 2383 digitos
531 2301 633 2383 agitat
647 2309 783 2384 propter
797 2299 1010 2363 moribundus
1026 2299 1115 2362 humi
1128 2321 1206 2384 pes:

298 2401 344 2464 Et
360 2412 458 2484 caput
474 2401 652 2465 abscissum
668 2399 992 2483 calido,*viventeque
1008 2410 1135 2477 trunco,

233 2513 280 2560 655
299 2502 415 2566 Servat
429 2501 519 2565 humi
534 2501 655 2565 voltum
670 2501 809 2578 vitalem,
826 2501 1001 2585 oculosque
1016 2504 1188 2587 potenteis,

297 2602 414 2666 Donec
429 2602 592 2686 relliquias
609 2601 739 2666 Animai
754 2603 897 2666 reddidit
913 2606 1045 2668 omneis.

297 2703 386 2776 Quin
402 2705 498 2766 etiam
512 2705 571 2767 tibi
588 2704 615 2767 si
628 2703 738 2787 lingua
753 2704 900 2768 vibrante
915 2705 1065 2770 minantis

211 2923 239 2959 ut
251 2926 327 2959 unum
339 2925 438 2973 prorsus
453 2911 565 2959 inutilem
582 2911 747 2960 retineamus?
782 2928 854 2960 nemo
877 2929 951 2962 sanus
974 2914 1070 2962 dixerit
1114 2914 1160 2962 Vel
1183 2914 1318 2962 conceden-

212 2975 276 3022 Dele
292 2975 374 3033 istum,
390 2978 482 3037 Absque
499 2978 584 3023 Anima
598 2993 641 3036 per
657 2993 681 3024 ae
694 2993 748 3036 por·
781 2977 839 3024 dum
861 2988 913 3032 θεῖς
939 2978 1019 3027 Unam
1039 2978 1154 3026 Animam
1177 2994 1221 3041 per
1241 2987 1318 3026 totum

212 3048 265 3087 eunt
287 3043 371 3086 sentire
392 3056 433 3087 nee
457 3057 519 3087 erse:
547 3039 573 3087 in
602 3040 749 3101 praecedeuti
781 3056 870 3104 corpus
881 3042 1003 3090 Animalia
1020 3043 1098 3091 fusam
1115 3043 1141 3090 in
1159 3043 1247 3090 multas
1262 3057 1317 3105 par·

213 3119 284 3151 versu
296 3103 358 3166 lege,
371 3107 428 3152 Esse
438 3112 512 3164 potest
525 3107 621 3160 Anime,
633 3112 694 3152 eto:
712 3114 748 3152 at·
783 3114 819 3152 tes
844 3106 978 3164 discissam,
1005 3118 1030 3155 et
1055 3107 1158 3170 proinde
1191 3106 1318 3154 mortalem

212 3183 259 3230 que
271 3177 442 3230 argumentum
454 3168 501 3215 erit
512 3167 643 3230 integrum,
653 3178 679 3215 et
689 3169 749 3216 satis
782 3184 842 3217 erse.

213 3231 369 3295 explicatum.
815 3235 870 3281 643.
891 3234 1015 3296 Desubtto]
1037 3235 1077 3283 Sic
1097 3234 1136 3283 lib.
1162 3235 1197 3282 ΙΙ.
1219 3251 1241 3282 v.
1263 3235 1318 3282 265.

243 3297 300 3344 634.
321 3300 356 3345 Et
371 3301 476 3358 quoniam
495 3304 540 3345 toto
558 3300 673 3354 reatinam,
691 3297 748 3359 etc]
786 3300 836 3346 Vim
847 3302 953 3359 cupidam
969 3308 1015 3346 tom
1030 3299 1162 3354 de-subito,
1174 3315 1241 3360 quam
1258 3315 1320 3346 meaa

213 3361 343 3408 Decimum
366 3362 478 3423 quintum
501 3378 524 3409 v.
548 3362 586 3409 36.
627 3362 749 3417 Quoniam
782 3372 834 3412 avet
849 3367 915 3424 ipra:
933 3364 963 3412 de
980 3364 1090 3411 curribus
1101 3363 1217 3410 falciferis
1229 3363 1319 3410 iterum

212 3425 304 3471 Anima
312 3441 357 3488 per
366 3435 443 3474 toturn
454 3427 549 3488 Corpus
559 3425 612 3474 lusa
621 3427 660 3485 sit,
671 3426 749 3475 scindi
784 3428 919 3485 Lucretius,
932 3428 973 3476 lib.
987 3429 1016 3476 V.
1029 3445 1051 3476 v.
1067 3429 1136 3475 1300.

212 3488 317 3535 mediam
329 3504 429 3538 necesse
441 3499 485 3547 est,
498 3490 519 3537 si
531 3491 626 3554 Corpus
642 3491 750 3539 medium
816 3492 870 3543 647.
895 3495 923 3540 In
940 3510 1024 3556 pugne
1042 3491 1243 3553 stadio-dedite]
1264 3491 1318 3538 Lib.

212 3551 302 3598 ratim
325 3552 462 3601 scindatur:
489 3553 518 3609 si,
540 3556 647 3617 exempli
669 3571 748 3614 causa,
784 3557 829 3604 tv.
842 3573 864 3604 v.
881 3558 936 3604 813.
964 3560 1122 3618 Praeterquam
1139 3556 1227 3618 quibus
1242 3564 1278 3603 eet
1292 3555 1320 3603 in

212 3613 225 3661 f
246 3614 320 3662 cifero
335 3632 408 3664 curru
419 3616 565 3679 praeoidatur
577 3619 661 3667 militie
672 3635 749 3667 mem·
782 3622 855 3668 rebus
864 3621 960 3668 deditus
968 3625 1029 3681 ipre:
1047 3630 1072 3668 et
1082 3620 1201 3679 Catullus,
1213 3620 1243 3668 In
1256 3619 1320 3668 mala

212 3678 291 3734 brum,
300 3679 415 3726 Animam
425 3695 474 3727 una
482 3690 572 3729 sectam
583 3683 663 3744 arguit
672 3683 749 3745 partis
783 3684 889 3732 Deditus
906 3687 948 3731 Vir
959 3684 1075 3731 adultera.

212 3751 316 3814 resectae
335 3743 418 3799 motio,
442 3758 514 3804 quarn
537 3744 589 3792 fuse
612 3759 637 3792 et
664 3756 749 3794 ornate
815 3748 869 3794 668.
889 3747 997 3809 Petteeit]
1012 3748 1113 3810 Antiqui
1126 3753 1237 3810 petissere
1253 3748 1318 3796 dice-

213 3805 329 3853 describrt
349 3806 432 3864 Patra,
451 3822 504 3867 quae
523 3808 597 3855 etiam
615 3809 704 3856 clarius
722 3810 749 3856 in
782 3812 841 3858 bant
850 3826 896 3873 pro
904 3820 990 3872 petere,
1003 3827 1032 3858 ea
1047 3813 1146 3873 quidem
1162 3813 1240 3860 forma
1250 3813 1320 3861 verbi

212 3869 323 3932 partibus
350 3879 423 3916 sectae
450 3871 571 3932 serpentis
599 3873 747 3921 observatur.
781 3890 829 3936 qua
847 3883 905 3922 sunt
923 3878 1039 3933 lacerare,
1055 3885 1080 3923 et
1098 3881 1216 3934 incessere,
1231 3877 1274 3924 sed
1292 3887 1320 3924 ut

214 3933 350 3981 Fatendum
378 3944 416 3980 est
442 3933 518 3995 igitur
545 3934 627 3997 plures
655 3936 748 3984 animas
781 3938 842 3985 mihi
858 3938 962 3996 videtur,
980 3949 1032 3987 tum
1048 3940 1219 4002 significabant
1236 3944 1320 4002 rapiar

213 4013 265 4046 esse
283 3997 309 4044 in
329 4013 378 4044 uno
399 3997 505 4053 animali,
524 3998 622 4046 homine
643 4000 687 4047 viz.
707 4011 749 4049 aut
778 4011 865 4063 petere,
877 4013 904 4051 ut
914 4007 1027 4064 petineat
1039 4004 1128 4067 sapius
1139 4014 1232 4068 petant.
1261 4009 1318 4053 Fes-

212 4070 332 4126 serpento,
353 4070 378 4108 et
397 4060 474 4108 aciem
494 4060 559 4117 ferri,
580 4070 671 4111 temere
692 4063 749 4112 licet
782 4074 825 4114 tos.
844 4067 944 4122 Cicer03
965 4071 1011 4119 aut
1022 4072 1080 4116 tanc
1092 4071 1182 4117 laudem
1197 4068 1319 4132 petimunt

211 4125 318 4190 impacti,
340 4126 449 4173 membra
470 4124 541 4173 iatius
564 4125 676 4174 animalis
699 4138 749 4176 tam
781 4129 1085 4193 nultumfagtuntdotorem.

211 4199 322 4238 accurate
338 4189 431 4254 partiri,
449 4198 476 4236 ut
493 4188 595 4251 singulis
612 4191 748 4240 Animabus
814 4196 869 4242 650.
895 4196 1024 4257 Abstrare]
1049 4197 1089 4245 Sic
1111 4198 1152 4245 lib.
1176 4199 1197 4246 1.
1219 4215 1240 4246 v.
1263 4199 1318 4246 986.

211 4270 261 4304 suae
278 4255 348 4304 sedes
364 4253 572 4317 relinquerentur:
595 4269 649 4316 quae
666 4265 748 4304 tamen
783 4261 906 4319 Confluxer.
