2872 4852
392 217 563 283 LIBER
592 217 897 283 SECUNDUS.
1159 217 1194 280 71

175 374 337 439 Naturam
353 396 417 438 non
432 397 529 458 posse
545 373 656 438 Derim
672 375 740 438 sine
755 375 885 439 numine
900 384 1025 450 rentur,

175 477 365 561 Tantopere
380 475 529 540 humanis
544 476 736 553 rationibus,
752 499 790 540 ac
805 476 993 552 moderatis,

112 591 159 642 17⁰
177 579 343 665 Tempora
357 590 482 643 mutare
497 602 665 656 annorum,
681 579 859 664 frugesque
874 601 1005 656 creare3

175 681 249 745 Nec
260 681 328 766 jam
344 692 473 758 caetera,
488 680 652 746 mortaleis
668 704 741 764 quae
758 682 875 745 suadet
889 681 991 758 adire,

175 782 318 867 Ipsaque
335 783 470 847 deducit
485 784 553 847 dux
568 784 642 847 vitae
658 784 730 848 Dm
746 783 941 861 Voturras,

176 883 224 948 Ut
238 906 291 948 res
307 907 367 969 per
382 884 523 950 Veneris
536 885 706 950 blanditim
723 883 819 950 saecla
833 895 1027 970 propagent,

174 985 228 1050 Ne
244 1008 347 1070 genus
364 987 491 1052 occidat
506 988 713 1052 Humanumt
739 987 889 1060 Quorum
903 988 1009 1051 omnia
1022 1008 1122 1050 causa

113 1096 157 1148 17⁵
177 1087 393 1153 Constituisse
409 1089 503 1153 Deos
518 1088 658 1172 fingunt,
676 1089 734 1153 sed
749 1090 783 1153 in
798 1088 939 1153 omnibu’
953 1090 1051 1152 rebus

176 1189 380 1273 Magnopere
397 1212 416 1252 a
431 1211 508 1254 vera
521 1188 605 1274 lapsi
620 1191 745 1255 ratione
759 1191 922 1254 videntur.

174 1290 263 1354 Nam
277 1293 422 1375 quamvis
438 1313 547 1355 rerum
559 1292 705 1376 ignorem
721 1292 905 1355 Primordia
920 1315 994 1375 quae
1010 1291 1084 1366 sint,

176 1392 253 1457 Hoc
268 1383 376 1457 tamen
391 1415 433 1457 ex
447 1394 526 1478 ipsis
543 1393 626 1458 Coeli
641 1394 820 1458 rationibus
836 1395 938 1458 ausim

177 1492 389 1570 Confirmare,
406 1494 541 1580 aliisque
556 1517 598 1558 ex
612 1496 712 1560 rebus
727 1497 867 1561 reddere
882 1494 1002 1571 multis,

113 1610 159 1656 180
177 1597 396 1681 Nequaquam
411 1598 504 1663 nobis
520 1598 686 1662 Divinitus
701 1621 773 1664 esse
788 1610 930 1664 creatam

176 1699 339 1764 Naturam
354 1701 476 1778 mundi,
493 1723 567 1784 quae
582 1709 673 1764 tanta
688 1700 727 1765 ’st
742 1702 882 1785 praedita
894 1700 1008 1785 culpa:

176 1802 262 1875 Quae
278 1802 338 1866 tibi
353 1803 528 1886 posterius,
542 1802 685 1880 Mnuur,
701 1802 854 1868 faciemus
870 1814 1001 1888 aperta3

175 1903 275 1968 Nunc
290 1904 324 1968 id
340 1904 429 1988 quod
446 1914 596 1988 superest
611 1905 652 1968 de
669 1903 818 1970 Motibus
834 1906 1058 1990 expediemus·

221 2006 321 2069 Nunc
335 2005 426 2070 locus
443 2016 493 2069 est
509 2005 558 2088 (ut
573 2007 701 2089 opinor)
717 2007 750 2070 in
764 2007 816 2071 his
829 2007 909 2071 illud
924 2030 1055 2092 quoque
1069 2007 1169 2071 rebus

113 2121 158 2167 185
177 2108 379 2172 Confirmare
396 2107 486 2185 Tibi,
502 2107 622 2172 nullam
637 2131 705 2172 rem
720 2132 817 2193 posse
833 2133 892 2173 sua
906 2110 938 2173 vi

176 2210 376 2292 Corpoream
391 2231 520 2272 sursum
535 2208 624 2286 ferri,
642 2232 835 2293 sursumque
850 2233 977 2287 meare3

175 2309 231 2374 Ne
247 2311 306 2373 tibi
321 2310 399 2373 dent
414 2309 447 2372 in
462 2331 502 2373 eo
517 2309 733 2373 Flammarum
748 2333 886 2394 corpora
900 2310 1065 2390 fraudem:

176 2412 298 2476 Sursus
313 2412 398 2474 enim
412 2433 526 2474 vorsus
542 2411 730 2495 gignuntur,
746 2422 779 2476 et
795 2414 945 2496 augmina
960 2423 1108 2491 sumunt3

126 2668 178 2718 169.
199 2672 326 2732 Tantopere
348 2673 460 2728 humanis,
483 2669 539 2733 ata]
569 2671 631 2719 Tam
662 2670 788 2720 lieetalter
799 2687 843 2736 per
856 2680 968 2720 truncum
980 2669 1101 2727 ascendat,
1114 2669 1201 2718 altere

90 2734 239 2798 compositis,
251 2751 352 2798 quaeque
364 2736 477 2784 bumanoe
492 2736 630 2800 prudentiae
662 2736 732 2784 venis
743 2737 838 2795 emicet,
851 2746 876 2785 et
891 2737 967 2785 altera
983 2751 1015 2783 ex
1031 2735 1104 2783 undis
1121 2748 1200 2782 emer·

90 2799 630 2849 tamsimilessuntFaberexLambino.Cum
661 2803 719 2864 gatl
744 2803 856 2850 observat
874 2801 979 2864 denique
997 2799 1078 2848 radios
1095 2799 1153 2847 solis
1169 2799 1201 2846 ad

90 2864 209 2912 Salmasio
221 2874 303 2913 tamen
318 2881 331 2913 e
350 2864 423 2913 MSS.
440 2865 531 2914 rectius
547 2865 628 2913 forsan
662 2875 752 2913 terram
768 2866 881 2914 deorsum
900 2865 1006 2923 tendere,
1022 2863 1105 2913 stellas
1118 2863 1199 2921 etiam,

89 2928 184 2991 legatur
193 2945 238 2993 pro
249 2932 417 2988 comederetis,
430 2933 576 2979 admoderate
585 2933 628 2978 ltu-
662 2939 770 2979 meteora
780 2931 865 2994 ignita,
876 2939 901 2979 et
912 2930 1015 2979 fulmina
1026 2929 1052 2977 in
1065 2938 1143 2977 terras
1159 2943 1200 2976 ca·

90 2997 163 3041 mauis
174 2998 319 3049 rationibus5
335 2993 351 3041 i.
363 3010 383 3042 e
396 3004 425 3042 ut
440 2996 554 3043 humanae
569 2994 629 3043 rati·
662 2995 727 3053 dere,
740 3003 765 3043 et
774 2995 898 3045 concludit
908 2995 1030 3043 flammam
1046 3009 1095 3042 non
1107 2993 1132 3041 vi
1148 3008 1199 3050 sua,

89 3073 148 3106 ones
165 3059 297 3123 postulant
333 3059 367 3107 Et
386 3060 437 3107 haec
458 3059 629 3124 interpretatio
662 3061 706 3108 sed
732 3076 862 3124 corporum
890 3058 1072 3108 extrudentium
1093 3057 1200 3137 impulsu

93 3123 185 3187 optime
205 3125 336 3187 respondet
353 3139 375 3172 v.
399 3126 452 3181 174,
478 3123 531 3175 175.
568 3128 628 3177 Quo·
662 3125 843 3173 sursumserri:
865 3124 904 3173 sul
920 3124 952 3173 τὰ
968 3121 1106 3188 sparsura
1126 3121 1199 3179 απλὰ,

91 3204 140 3235 rum
160 3193 234 3237 omnia
256 3206 327 3237 causa
345 3191 494 3237 Constituisse
508 3191 570 3238 Deos
581 3193 629 3250 fiu-
663 3188 702 3237 καὶ
712 3189 744 3237 τὰ
753 3191 777 3250 ἐξ
786 3189 881 3238 ἐκείνων
889 3188 1041 3251 συγκρίματα
1049 3187 1122 3249 βάρος
1134 3185 1200 3246 ἔχει-ι

90 3261 156 3314 gunt.
663 3254 816 3312 Plutarchus,
831 3255 850 3301 1.
863 3253 929 3301 Plac.
942 3253 1005 3300 Phil.
1022 3267 1074 3315 cap.
1095 3253 1132 3298 la
1167 3251 1202 3297 Et

126 3319 178 3364 181.
202 3320 258 3369 Qua
280 3325 347 3365 tanta
369 3316 412 3379 ’st]
439 3320 554 3379 Quumque
582 3321 631 3366 lroec
664 3318 804 3381 Simplicius
816 3318 920 3366 docetE
940 3317 1001 3364 icuri
1012 3316 1087 3363 fuisse
1101 3324 1200 3362 senten-

92 3385 146 3438 sint,
161 3383 189 3428 B.
663 3379 805 3435 tiamtm
816 3385 885 3442 σῶμα
897 3385 915 3435 β
959 3379 1060 3442 ςέχειν,
1077 3381 1112 3440 τῷ
1128 3377 1154 3427 δὲ
1169 3377 1202 3426 τὰ

127 3448 179 3492 183.
197 3448 267 3493 Nunc
273 3447 300 3492 id
306 3448 366 3507 quod
371 3453 482 3505 superest,
489 3444 546 3507 eta]
555 3446 630 3494 Hunc
663 3443 782 3507 βαρύτερα
793 3443 919 3507 ὑφιζάνειν,
932 3445 964 3493 τὰ
979 3442 1053 3501 ἦττον
1069 3441 1145 3506 βαρέα
1162 3442 1200 3491 ὑπ’

92 3525 189 3567 versum
201 3509 280 3571 rejicit
289 3509 430 3566 Lambinus,
442 3524 473 3556 an
483 3510 577 3567 merito,
588 3509 631 3558 alii
664 3507 760 3557 ἐκείνων
771 3509 925 3566 ἐκθλίβεσθαι
936 3509 974 3557 ἐπὶ
985 3508 1014 3559 rb
1026 3507 1080 3558 ἅνω.

89 3575 208 3637 judicent,
224 3583 290 3622 certe
309 3589 354 3622 nec
372 3588 567 3636 supervacaneus
585 3584 630 3633 est,
697 3573 750 3624 187.
769 3573 818 3636 Ne]
832 3577 888 3631 Nec,
901 3573 950 3631 alii,
962 3574 1063 3630 vitiose;
1081 3582 1105 3622 et
1121 3571 1200 3637 impe-

93 3655 138 3688 nec
153 3639 268 3688 Lucretio
284 3638 407 3702 indignus.
441 3638 507 3686 Olim
524 3639 629 3687 affirma·
662 3638 709 3687 rite
721 3642 788 3687 timeo
798 3655 843 3703 pro
852 3643 877 3686 s'u
888 3656 913 3687 eo
924 3639 985 3702 legit
996 3639 1111 3687 Nardiua

93 3713 162 3754 verat
178 3703 272 3753 semina
290 3704 372 3752 omnia
389 3704 503 3752 deorsum
522 3704 629 3764 tendere,
698 3705 751 3752 188.
769 3707 853 3752 Srtrsus
864 3707 923 3752 enim
933 3721 1017 3762 vorsus,
1029 3703 1086 3766 eta]
1101 3704 1147 3752 Est
1163 3712 1200 3752 ta·
1252 3736 1255 3738 v

92 3780 117 3824 et
129 3785 226 3818 omnem
238 3778 331 3817 motum
347 3784 444 3818 sursum
462 3784 515 3817 esse
535 3769 629 3818 violen-
663 3768 711 3817 cita
723 3766 880 3832 ἀνθυποφορό·
893 3785 989 3818 sursum
1006 3769 1079 3827 enim,
1096 3769 1201 3831 inquies,

93 3844 152 3892 tum,
162 3835 228 3882 idem
241 3844 318 3897 urget,
327 3850 350 3883 v.
364 3837 402 3881 33.
415 3843 441 3882 et
451 3833 522 3882 docet
538 3834 633 3882 nullum
664 3833 742 3882 fertur
751 3833 823 3897 ignis,
832 3834 863 3882 ad
874 3849 946 3896 quam
955 3849 1028 3882 versu
1039 3833 1150 3896 sequenti
1161 3849 1200 3882 re·

93 3915 189 3963 corpus,
201 3915 233 3947 ne
244 3899 327 3962 ignem
338 3899 437 3962 quidem
452 3898 540 3963 ipsum,
559 3908 630 3947 natu-
665 3899 776 3962 spondet,
788 3900 831 3946 sed
842 3899 924 3962 fruges
936 3908 961 3948 et
972 3900 1071 3948 arborea
1081 3898 1108 3945 in
1125 3898 1202 3946 altum

93 3965 177 4012 taliter
188 3979 284 4012 sursum
296 3964 361 4021 ferri,
374 3963 417 4025 sed
427 3963 451 4012 vi
463 3963 566 4012 aliorum
577 3980 631 4012 cor·
665 3963 777 4012 feruntur
791 3973 892 4027 propter
907 3963 958 4012 vim
975 3962 1136 4026 subigentem,
1148 3976 1203 4024 quae

93 4045 180 4105 porum
192 4028 297 4086 extrudi,
307 4029 393 4077 eodem
402 4027 474 4076 modo
483 4043 530 4090 quo
541 4029 632 4077 Saccus
665 4044 679 4088 e
691 4028 762 4076 terris
774 4043 943 4094 prorumpens,
955 4027 982 4076 in
999 4028 1075 4076 altum
1093 4040 1202 4074 crescere

93 4109 120 4142 sn
131 4094 265 4151 arboribus,
278 4093 383 4156 Sanguis
392 4108 405 4141 e
414 4092 484 4141 venis
493 4092 597 4141 exiliens
608 4102 634 4141 et
665 4093 738 4156 cogit,
749 4108 806 4140 oum
817 4102 899 4141 tamen
910 4092 992 4141 omnia
1006 4092 1116 4156 pondera
1131 4098 1203 4138 natu·

94 4159 172 4207 Trabs
184 4159 253 4221 aquis
264 4158 394 4214 immersu
412 4157 466 4220 quis
479 4157 545 4205 enim
561 4157 632 4206 dubi·
665 4157 750 4206 raliter
762 4157 891 4220 (quantum
902 4158 929 4206 in
941 4173 967 4206 se
979 4157 1027 4218 est)
1039 4156 1149 4204 ferantur
1160 4153 1203 4201 de-

95 4231 131 4270 tat
142 4232 168 4271 et
180 4238 280 4283 succum
296 4223 379 4280 istum,
396 4232 422 4271 et
438 4222 589 4286 sanguinem,
610 4231 635 4270 et
667 4238 756 4272 orsum.
785 4225 871 4271 Faber.

96 4287 190 4336 trabem
200 4287 272 4336 istam
283 4287 310 4335 in
321 4290 391 4336 Inaus'
402 4287 515 4338 deorsum
526 4287 634 4346 tendere,
702 4287 764 4336 ibid
777 4285 907 4350 Augurina]
921 4285 978 4354 alii,
991 4287 1090 4347 ugmiua
1152 4307 1156 4320 =
