2872 4852
204 238 247 301 oo
582 233 631 323 a.
663 233 933 299 Lucaaru

334 393 369 456 Si
385 413 513 457 cessare
526 401 623 475 putas
640 412 748 454 rerum
763 389 947 453 Primordia
961 410 1071 474 posse,

243 506 274 552 80
292 487 526 578 cessandoque
542 515 642 557 novos
658 513 767 556 rerum
779 491 975 576 progignere
991 490 1125 568 Motus;

290 596 395 662 Avius
411 620 430 659 a
445 617 522 659 vera
536 594 632 679 longe
648 594 773 658 ratione
789 593 927 678 vagaris.

289 701 389 777 Nam,
405 700 557 783 quoniam
571 720 632 783 per
646 696 748 761 Inane
763 706 935 781 vagantur,
951 706 1069 761 cuneta
1083 717 1218 762 necesse
1233 697 1274 760 'st

291 801 363 866 Aut
378 801 549 865 Gravitate
566 823 625 864 sua
640 800 718 863 ferri
732 798 915 863 Primordia
929 819 1048 876 rerum,

290 904 361 969 Aut
376 904 450 969 Ictu
463 903 547 968 forte
563 903 717 967 alterius:
741 925 816 966 nam
832 902 896 966 cita
911 923 1052 985 superne

243 1023 274 1069 85
292 1006 400 1071 Obvia
415 1028 488 1070 cum
503 1005 628 1082 flixere,
645 1003 695 1080 fit,
712 1012 749 1067 ut
764 1004 894 1068 diversa
909 1012 1044 1087 repente

290 1107 479 1173 Dissiliant:
503 1130 609 1192 neque
624 1107 709 1171 enim
723 1107 849 1183 mirum,
867 1105 1052 1169 Durissima
1067 1127 1142 1190 quae
1157 1105 1233 1182 sint,

292 1209 498 1275 Ponderibus
515 1209 637 1286 solidis,
653 1231 760 1293 neque
775 1209 949 1293 quicquam
963 1230 982 1270 a
998 1208 1099 1291 tergis
1115 1209 1235 1272 obstet.

204 1395 268 1462 pada
284 1404 409 1452 tenentem
432 1393 474 1458 qui
491 1409 587 1443 cursum
605 1391 743 1458 perfecerit,
776 1392 870 1443 semina
881 1392 995 1440 deorsum
1013 1392 1124 1450 tendunt,
1136 1390 1239 1454 ideoque
1256 1406 1317 1440 con-

206 1461 278 1510 alteri
294 1477 395 1510 cursuro
411 1460 524 1524 lampada
540 1460 663 1515 tradebam
685 1459 743 1506 iude
776 1457 906 1507 sideranda
916 1466 974 1505 sunt
986 1466 1101 1518 tanquam
1112 1473 1208 1518 superne
1220 1459 1292 1505 obvio.

207 1524 408 1587 supremitates,
416 1525 478 1573 tradi
488 1524 632 1581 successive,
641 1533 669 1571 ut
678 1523 744 1587 apud
811 1523 873 1571 Ibid.
897 1521 1011 1585 Superne]
1031 1521 1094 1568 Vide
1112 1521 1213 1586 Fayum,
1231 1529 1256 1569 et
1272 1520 1317 1569 ad·

207 1590 343 1646 Philonem,
361 1590 394 1637 Τδ
409 1591 453 1647 τῆς
474 1588 481 1606 ’
500 1590 555 1645 ervis
572 1586 666 1650 φέγγος
681 1596 743 1648 λαμ·
776 1587 896 1636 mirabere
913 1601 1016 1634 acumen
1032 1585 1145 1643 bominis,
1158 1586 1199 1648 qui
1216 1595 1317 1634 senten-

206 1652 366 1715 κηδευόμενον
378 1653 414 1701 ἐπ’
426 1652 476 1700 ἄλλ
492 1661 544 1701 λιιι
555 1654 676 1714 διαδοχαῖς
692 1649 742 1700 lod·
777 1653 836 1700 tiam
852 1650 953 1714 Epicuri
972 1659 1007 1698 tot
1023 1650 1118 1698 saeculis
1134 1650 1244 1713 ignotam
1260 1658 1316 1698 tan-

206 1736 294 1780 χρονον
310 1717 440 1778 γενήσεται
457 1714 552 1778 Κόσμῳ.
584 1717 618 1763 Et
633 1716 744 1779 apposite
777 1717 834 1765 dem
850 1715 958 1765 invenite
977 1715 1016 1763 Ea
1026 1715 1072 1763 viz.
1087 1732 1177 1764 sarsum
1193 1715 1261 1780 regio
1278 1715 1317 1762 di-

207 1782 285 1840 Plato,
301 1782 342 1830 lib.
359 1783 405 1830 VI.
423 1782 453 1828 de
471 1781 530 1843 Leg.
561 1783 691 1829 Γεννῶντει
705 1780 745 1828 καὶ
777 1789 846 1829 catur
857 1780 951 1839 atomis,
964 1795 996 1828 ex
1007 1795 1150 1843 quacunque
1163 1779 1317 1838 advenerint,

207 1845 363 1908 ἔκτρέφοντες
384 1847 476 1904 παῖδας,
498 1842 602 1906 καθάπερ
624 1842 744 1904 adprobo,
777 1845 830 1894 sive
848 1846 960 1908 desuper,
978 1844 1031 1894 sive
1046 1843 1117 1902 infra,
1135 1844 1187 1893 sive
1205 1845 1236 1893 ab
1253 1854 1318 1902 ortu,

206 1911 250 1960 rba
261 1910 315 1967 βίον
328 1910 495 1973 παραδιδόντες
511 1908 595 1958 ἄλλοις
613 1911 638 1970 ἐξ
656 1908 744 1958 ἄλλων.
778 1910 830 1959 sire
848 1911 878 1959 ab
899 1925 994 1967 occasu,
1010 1909 1062 1958 sive
1081 1925 1095 1957 a
1116 1909 1209 1967 dextra,
1228 1908 1280 1958 sive
1304 1925 1320 1957 a

209 1976 284 2024 Hunc
296 1991 393 2023 versum
404 1974 458 2022 loco
470 1990 514 2022 suo
526 1985 608 2021 movet
624 1974 708 2031 Faber,
721 1981 746 2021 et
778 1974 884 2030 sinistra,
903 1985 948 2023 etc.
980 1975 1018 2022 Ea
1033 1989 1091 2023 vero
1108 1974 1222 2022 deorsum
1239 1973 1321 2036 Regio

206 2056 230 2089 v.
242 2039 256 2090 7
259 2042 280 2088 5.
294 2039 426 2102 subjungit,
438 2042 504 2087 Inter
514 2055 538 2086 se
550 2041 656 2086 mortales
667 2046 746 2086 nurtuc
778 2039 874 2088 dicatur
889 2039 976 2087 iisdem
993 2038 1088 2096 atomis,
1105 2039 1132 2087 in
1148 2054 1320 2102 quamcunque

205 2109 285 2153 mount
295 2108 329 2152 Et
340 2108 406 2166 quasi
418 2120 527 2160 cursores,
539 2111 582 2151 etc.
778 2105 895 2163 ferantur,
903 2103 954 2153 sive
964 2119 1068 2160 sursum,
1076 2103 1128 2152 sive
1137 2103 1259 2160 deorsum,
1266 2103 1320 2152 sive

240 2169 278 2220 79.
297 2172 422 2217 dicessere
436 2176 513 2230 putas,
525 2166 581 2230 eto]
599 2167 746 2230 Quicunque
778 2170 809 2218 ab
827 2177 889 2226 ortu,
902 2168 953 2216 sive
970 2170 1001 2216 ab
1018 2183 1112 2223 occasu,
1124 2167 1176 2217 sive
1192 2184 1207 2216 a
1223 2167 1319 2224 dextra,

206 2234 490 2283 creduntnovosrerum
507 2241 595 2290 motus,
607 2232 744 2281 incremeu-
778 2233 1025 2290 siveasinistra,etc.
1055 2232 1320 2283 Ethaucsententianr

207 2308 260 2347 tum
272 2299 317 2346 viz.
330 2308 355 2347 et
370 2299 559 2356 decrementum,
571 2313 586 2345 a
598 2297 744 2361 quiescenti·
779 2298 865 2347 Cicero
881 2297 908 2346 in
926 2299 947 2345 Ι.
960 2297 1003 2346 lib.
1021 2298 1050 2346 de
1069 2297 1171 2346 Finibus
1187 2297 1235 2346 rite
1251 2313 1319 2346 asse-

206 2365 252 2412 bus
267 2362 354 2412 atomis
371 2362 471 2427 produci
488 2378 568 2427 posse,
580 2378 622 2410 eos
638 2363 745 2420 insanos,
778 2372 849 2412 cutus
861 2372 904 2411 est.
935 2363 974 2410 Ita
986 2378 1025 2411 res
1039 2377 1123 2410 omnes
1139 2363 1166 2410 in
1183 2371 1236 2411 tuto
1252 2370 1320 2420 sunt,

208 2445 253 2477 nec
273 2428 419 2477 refutatione
437 2428 524 2492 dignos
545 2427 682 2476 existimat:
706 2427 744 2476 in·
780 2428 916 2492 Epicurum
928 2427 1035 2491 explicat
1049 2428 1137 2491 Fayus,
1150 2435 1176 2476 et
1191 2427 1320 2476 Ciceronis

207 2509 282 2556 super
290 2509 312 2541 v.
323 2495 345 2541 9.
355 2494 426 2541 docet
437 2491 538 2548 semina,
548 2508 601 2554 quoe
611 2508 656 2555 per
669 2493 746 2540 Inane
779 2492 901 2541 solertiam
918 2493 1048 2555 graviano
1067 2491 1206 2540 testimonio
1227 2491 1318 2540 confir-

208 2558 291 2620 vagari
302 2559 454 2621 probaverat,
466 2565 560 2604 motum
572 2556 611 2605 vel
623 2572 668 2604 suo
683 2571 745 2619 pon·
778 2566 836 2605 mat
865 2557 942 2612 Quasi
955 2557 1077 2620 Epicurus
1090 2573 1139 2606 non
1155 2556 1321 2606 existimasset

207 2622 260 2670 deri
277 2623 374 2678 debere,
391 2620 430 2668 vel
446 2620 550 2668 aliorum
566 2620 633 2669 ictui.
661 2621 745 2675 Quod·
779 2621 861 2670 omnia
880 2621 974 2670 semina
993 2621 1051 2670 ferri
1074 2622 1187 2671 deorsum
1209 2621 1320 2686 pondere

207 2701 303 2748 cunque
319 2686 385 2733 enim
403 2694 441 2732 est
458 2684 563 2732 solidum
582 2683 619 2746 (et
636 2684 746 2733 soliditas
779 2686 810 2733 ad
817 2685 915 2744 lineam,
923 2695 966 2735 aut
969 2689 1089 2748 paululum
1099 2686 1321 2735 declinaresemiua

207 2759 246 2798 est
267 2749 411 2813 principalis
436 2748 558 2797 seminum
586 2749 692 2812 affectio)
721 2748 747 2797 id
779 2750 889 2807 dixisset,
909 2751 931 2799 si
950 2750 1070 2814 gravitate
1090 2767 1135 2800 sua
1154 2752 1185 2800 ab
1205 2760 1268 2810 ortu,
1287 2753 1320 2800 ab

207 2830 282 2878 grave
294 2822 343 2862 est:
361 2812 446 2875 gravia
461 2820 543 2861 autem
560 2813 674 2861 deorsum
691 2822 745 2861 ten·
779 2830 873 2873 occasu,
887 2831 902 2862 a
918 2816 1011 2874 dextra,
1024 2832 1038 2864 a
1055 2815 1155 2864 sinistra
1169 2815 1228 2864 ferri
1243 2825 1318 2880 potu·

208 2880 277 2945 dunt,
289 2878 324 2926 ita
335 2877 457 2925 seminum
468 2885 548 2925 motus
565 2877 678 2926 deorsum
696 2887 745 2926 sta-
779 2879 870 2936 issent;
891 2889 933 2928 aut
946 2881 998 2928 baec
1015 2880 1153 2944 scripsisset
1169 2881 1263 2938 Cicero,
1274 2880 1319 2930 lib.

209 2943 299 2992 bilitur.
333 2943 397 2990 Cum
413 2956 472 2990 vero
488 2941 565 2990 solida
581 2942 632 2990 hac
653 2940 747 2991 semina
781 2945 801 2992 l.
814 2944 844 2992 de
857 2945 911 2993 Eia.
939 2947 1321 3008 Requiroqaonampoctoseminc

208 3005 322 3056 deorsum
332 3006 458 3055 tendentia
466 3005 493 3054 in
504 3021 606 3070 corpora
615 3005 653 3054 vel
665 3006 745 3069 quies·
778 3025 826 3060 aeae
842 3018 990 3072 assequentur
1007 3013 1113 3068 vicissim,
1130 3018 1199 3073 atque
1217 3027 1320 3072 compre·

207 3071 295 3128 centia,
314 3072 352 3120 vel
369 3071 462 3119 tardius
479 3070 638 3134 procedentia
655 3071 746 3135 impin·
778 3077 883 3132 tendent,
901 3083 942 3122 aut
958 3078 1065 3137 quomodo
1080 3078 1114 3123 ad
1129 3079 1240 3124 iruertsm
1257 3092 1319 3135 eorm

207 3146 277 3200 gunt,
286 3136 397 3185 resiliant
406 3151 505 3184 necesse
515 3146 566 3192 est3
583 3135 747 3200 corpusenim
776 3142 911 3203 plerumque
927 3148 1028 3187 mutuum
1046 3142 1161 3198 accedent,
1178 3148 1204 3188 nt
1222 3143 1321 3190 subinde

208 3201 312 3251 solidum
324 3201 351 3250 in
362 3202 466 3250 alterum
477 3216 566 3265 corpus
579 3200 683 3249 solidum
699 3200 745 3249 im·
778 3221 816 3252 res
833 3207 900 3262 alios,
917 3208 988 3253 veluti
1006 3208 1054 3266 ipse
1069 3207 1191 3266 predicat,
1208 3221 1340 3254 concnrsn.

207 3277 306 3342 pactum
318 3283 367 3316 non
379 3281 476 3314 omnem
488 3281 560 3315 suum
571 3275 664 3314 motum
676 3265 747 3314 alteri
778 3286 818 3316 sao
831 3274 1002 3331 progenerant?
1020 3269 1078 3317 Alia
1094 3269 1160 3318 enim
1177 3269 1272 3318 semina
1288 3270 1322 3319 ab

208 3333 325 3396 unpertit,
337 3333 439 3394 ideoque
456 3331 511 3380 istis
526 3330 642 3396 gradibus
659 3339 745 3389 motus,
779 3342 841 3391 ortu,
854 3334 902 3382 alia
913 3335 944 3382 ab
955 3349 1049 3392 occasu,
1061 3333 1135 3383 aliaa
1151 3333 1258 3393 sinistra,
1270 3333 1321 3383 alia

208 3411 269 3458 quos
289 3398 386 3456 retinet,
406 3397 454 3445 alio
474 3397 580 3446 feretur:
608 3395 643 3445 sic
666 3406 747 3445 motus
779 3414 794 3447 a
813 3399 906 3458 dextra,
926 3399 957 3448 ad
976 3399 1096 3448 insertum
1115 3399 1321 3464 complexumque

208 3475 304 3508 sursum
316 3462 481 3510 confirmatur.
511 3463 583 3511 Alter
592 3462 680 3510 horum
693 3477 745 3510 mo·
779 3465 1051 3514 mutuumaccederent.
1079 3466 1320 3526 Essempro,etesse

208 3532 277 3571 tuum
295 3535 332 3573 est
348 3526 473 3583 naturalis,
491 3526 612 3576 violentus
630 3527 699 3585 alter,
717 3544 745 3575 u-
779 3528 850 3592 infra,
865 3529 965 3578 attribui
982 3544 1054 3593 posse
1071 3529 1193 3578 Universo
1209 3528 1322 3592 agnoscit

208 3596 293 3650 terque
303 3590 455 3652 generationi
468 3598 493 3637 et
505 3591 648 3639 resolutioni
664 3607 747 3640 rerum
780 3594 910 3658 Epicurus,
923 3594 980 3642 licet
991 3609 1040 3642 non
1052 3603 1080 3642 ut
1090 3594 1123 3642 sit
1133 3594 1188 3656 quic
1206 3609 1262 3642 uam
1276 3609 1320 3643 su·

208 3653 367 3700 necessarius.
397 3653 519 3717 Epicurus
531 3656 620 3713 docuit,
633 3658 747 3705 κινεῖσθαι
780 3658 1157 3721 premum‚quicquamiufimum:
1166 3611 1322 3718 arduinam&

208 3716 240 3764 τὰ
252 3716 329 3776 ἄτομα
339 3714 411 3773 κάτω,
423 3716 481 3765 τότε
496 3716 540 3778 μὲν
552 3719 613 3767 κατὰ
629 3717 746 3780 στάθμην,
779 3723 824 3771 τοῦ
830 3721 927 3784 ἀπείρου
932 3723 960 3770 od
967 3723 1151 3785 δεῖκατηγορεῖν
1157 3723 1187 3772 rb
1193 3721 1320 3781 dromed-

208 3780 240 3829 τὰ
258 3779 284 3828 δὲ
303 3780 350 3830 ἅνω
368 3779 493 3840 κινούμενα
510 3782 571 3831 κατὰ
590 3783 690 3842 πληγὴν
708 3784 747 3831 καὶ
779 3803 821 3843 τω,
831 3785 945 3844 dedaste]
952 3804 977 3834 τι
988 3783 1032 3845 μὲν
1040 3785 1159 3846 ἀνωτάτω,
1168 3787 1192 3836 rl
1204 3786 1230 3837 δὲ
1241 3805 1319 3837 κατο-

209 3843 310 3905 raupta.
341 3844 459 3892 Lafirtius.
779 3846 851 3907 rdru,
864 3859 909 3898 etc.
938 3849 1061 3898 Eicurus
1072 3851 1103 3899 ad
1116 3852 1278 3901 Herodotum.

243 3912 281 3958 84.
300 3911 349 3958 Aut
360 3908 494 3972 Ictusorte]
508 3912 557 3957 Aut
573 3912 626 3957 Ictu
642 3908 747 3972 auferrir
813 3915 851 3962 85.
869 3866 978 3977 Flr'rereff
993 3914 1033 3962 Sic
1050 3915 1090 3964 lib.
1104 3917 1150 3964 Vl.
1178 3920 1322 3980 Palrareqae

209 3972 350 4035 Lambinus.
391 3974 425 4021 Et
451 3973 477 4021 in
505 3973 650 4036 quibusdam
677 3976 746 4024 codd.
779 3975 846 4025 flictu
864 3980 951 4027 Ferrea
967 3988 1031 4028 terta
1046 3998 1093 4029 suo.
1123 3981 1156 4029 Et
1167 3981 1237 4045 virg.
1253 3984 1323 4032 Darat

208 4041 271 4105 Nam
290 4042 378 4086 condia
394 4055 454 4100 saepe
477 4041 549 4087 Obvia
568 4041 694 4100 conflixere,
712 4045 747 4088 ita
779 4045 877 4090 sonitum
893 4042 960 4092 flictu
978 4047 1060 4107 goleae.
1091 4047 1229 4106 Conssuxere,
1248 4047 1277 4095 B.
1296 4057 1323 4098 et

209 4107 245 4152 uti
272 4106 369 4160 diverso,
391 4111 490 4165 repente,
517 4118 590 4166 quam
617 4103 747 4153 lectionem
774 4109 871 4167 finem,
886 4107 1001 4157 Nardius.
1076 4119 1078 4124 '

208 4178 324 4232 tanquam
347 4167 498 4233 probabilem
525 4167 694 4230 amplectitur:
722 4178 747 4217 at
813 4169 850 4222 87.
859 4172 1322 4236 Ponderibus]Corporlbm,Gassendns.

207 4233 281 4282 istam
307 4232 448 4297 interpretis
473 4232 614 4281 facilitatem
647 4233 747 4282 damnat
813 4235 875 4284 Ibid.
899 4239 923 4285 A
946 4237 1031 4313 terpr’s]
1057 4241 1176 4301 Tergttus,
1200 4240 1250 4289 alii.
1287 4241 1324 4292 Et

207 4300 287 4361 poeta,
299 4306 324 4347 et
334 4297 464 4350 lectionem
477 4296 570 4362 rejicit3
588 4311 645 4345 nam
661 4298 746 4360 gravia
779 4300 861 4349 nescio
872 4301 927 4364 quis
938 4301 1005 4366 lagu,
1018 4305 1146 4365 tergoribus
1156 4311 1209 4353 stet.
