2872 4852
227 216 292 278 290
607 215 649 280 Τ.
683 214 954 280 LUCRETII

314 371 498 435 Arboribus
513 373 665 456 quoniam
679 374 801 450 baccae,
815 372 1016 458 glandesque
1031 374 1164 439 caducae

314 474 525 559 Tempestiva
538 475 662 539 dabant
676 475 839 560 pullorum
853 477 1002 540 examina
1017 478 1142 541 subter.

315 576 413 641 Unde
429 579 526 641 etiam
540 577 665 642 libitum
681 578 721 642 ’st
736 580 866 664 stirpeis
881 580 1081 645 committere
1097 580 1212 658 ramis;

241 691 302 738 1365
316 679 362 743 Ε1
377 702 461 743 nova
475 679 632 744 defodere
643 682 676 744 in
692 696 812 744 terram
826 681 967 766 virgulta
980 704 1040 766 per
1055 704 1171 766 agros:

313 782 395 846 Inde
410 782 515 860 aliam,
531 795 629 867 atque
646 783 740 848 aliam
754 783 915 848 culturam
929 783 1034 848 dulcis
1049 784 1145 869 agelli

294 905 296 908 ·
311 885 513 963 Tentabant,
529 886 720 970 fructusque
735 887 822 951 feros
837 909 1064 951 mansuescere
1080 898 1167 951 terra

313 988 500 1053 Cernebant
513 989 726 1073 indulgendo,
742 990 928 1074 blandeque
942 989 1091 1054 colendo.

312 1090 415 1175 Inque
430 1093 501 1156 dies
515 1093 617 1176 magis
632 1093 665 1156 in
680 1103 821 1157 montem
837 1092 1013 1157 succedere
1030 1092 1137 1176 sylvas

238 1202 301 1254 1370
313 1194 495 1278 Cogebant,
511 1194 659 1278 infraque
675 1193 783 1259 locum
798 1195 977 1259 concedere
992 1194 1107 1259 cultis:

311 1296 422 1372 Prata,
437 1296 558 1374 Lacus,
574 1296 690 1374 Rivos,
705 1297 854 1380 Segetes,
870 1296 1054 1381 Vinetaque
1068 1295 1145 1359 laeta

311 1397 467 1475 Collibus,
484 1409 517 1462 et
533 1399 654 1482 campis
669 1409 706 1463 ut
720 1399 891 1475 haberent,
908 1409 1005 1481 atque
1021 1397 1165 1462 olearum

311 1500 440 1564 Caerula
455 1501 657 1586 distinguens
671 1502 757 1565 inter
771 1500 868 1585 plaga
884 1522 1015 1564 currere
1031 1512 1144 1584 posset

311 1603 377 1667 Per
392 1602 544 1679 tumulos,
559 1615 593 1668 et
608 1602 791 1680 convalleis,
808 1625 1004 1686 camposque
1020 1602 1173 1686 profusa:

236 1715 297 1767 1173
311 1705 359 1768 Ut
373 1729 458 1770 nunc
473 1729 546 1770 esse
563 1707 653 1770 vides
669 1707 758 1769 vario
773 1705 925 1768 distincta
939 1703 1052 1788 lepdre

311 1809 440 1885 Omnia,
458 1832 531 1892 quae
546 1809 650 1892 pomis
665 1807 813 1871 intersita
827 1805 978 1870 dulcibus
995 1818 1129 1884 ornant;

310 1909 530 1994 Arbustisque
546 1921 658 1974 tenent
673 1908 821 1972 felicibus
837 1909 944 1972 obsita
959 1909 1090 1973 circum.

352 2014 401 2074 At
415 2012 554 2096 liquidas
570 2013 676 2076 avium
691 2033 787 2076 voces
803 2011 957 2073 imitarier
972 2032 1028 2074 ore

308 2112 398 2178 Ante
412 2115 474 2199 fnit
487 2114 601 2192 multo,
618 2138 715 2199 quam
729 2113 822 2177 laevia
835 2114 977 2177 carmina
992 2113 1100 2177 Cantu

235 2226 298 2273 1131)
310 2215 547 2281 concelebrare
563 2217 710 2281 homines
726 2227 872 2301 possent,
890 2197 1062 2298 aureisque
1073 2215 1200 2299 juvare.

308 2317 355 2382 Et
372 2318 521 2403 Zephyri
535 2342 613 2384 cava
627 2329 687 2404 per
702 2317 897 2383 calamorum
912 2317 1006 2381 sibila
1019 2318 1157 2401 primum

309 2419 478 2504 Agresteis
495 2422 637 2485 docuere
653 2443 747 2485 cavas
763 2421 877 2484 inflare
893 2421 1026 2496 1111111,

307 2521 389 2585 Inde
403 2523 582 2586 minutatim
599 2521 721 2586 dulceis
737 2523 880 2587 didicere
897 2519 1057 2605 querelas,

307 2622 405 2687 Tibia
418 2647 500 2708 quas
515 2623 623 2688 fundit
638 2626 747 2710 digitis
763 2624 893 2709 pulsata
908 2635 1090 2700 canentum,

233 2733 295 2781 1381
308 2721 392 2788 Avia
407 2748 467 2810 per
479 2750 622 2804 nemora,
639 2751 677 2792 ac
693 2726 798 2812 sylvas
815 2726 980 2810 saltusque
996 2737 1138 2809 reperta,

307 2827 374 2892 Per
386 2828 459 2893 loca
473 2839 641 2914 pastorum
658 2832 799 2907 deserta,
815 2843 913 2915 atque
930 2831 996 2894 otia
1010 2831 1081 2894 dia:

308 2929 362 2993 Sic
377 2931 647 3015 unumquicquid
662 2931 829 3015 paullatim
844 2933 1006 3016 protrahit
1022 2931 1120 2996 AEtas

305 3029 344 3094 In
359 3033 511 3109 medium,
528 3032 694 3116 Ratioque
709 3033 743 3097 in
756 3033 884 3097 luminis
901 3035 986 3099 eruit
1001 3056 1086 3097 oras.

306 3132 391 3199 Haec
406 3136 527 3198 animos
543 3132 613 3198 ollis
629 3134 814 3200 mulcebant
829 3146 927 3219 atque
939 3136 1100 3218 juvabant

232 3247 296 3295 1390
308 3236 391 3301 Cum
405 3238 520 3301 satiate
536 3237 619 3301 cibi:
644 3259 716 3300 nam
734 3248 801 3301 tum
817 3248 893 3302 sunt
908 3239 1013 3301 omnia
1029 3238 1130 3301 cordi.

253 3470 322 3518 1369.
334 3472 471 3534 Succedere]
480 3473 581 3521 Sursum
592 3473 686 3530 cedere,
699 3489 757 3521 narn
789 3474 909 3531 monibus,
944 3480 969 3520 et
995 3471 1131 3527 saltatione,
1159 3470 1332 3535 incomposita

218 3533 307 3582 excisis
324 3551 378 3596 quae
394 3552 492 3599 campos
512 3537 635 3599 vallesque
652 3553 755 3601 occupa·
789 3537 894 3598 quidem,
906 3536 949 3585 sed
962 3536 1022 3584 satis
1032 3536 1143 3584 ridiculae
1158 3535 1330 3598 indulgebant,

218 3597 278 3644 bant
287 3599 421 3658 arboribus,
431 3601 505 3664 aylvae
516 3601 542 3648 in
552 3612 648 3649 montes
659 3617 756 3650 sursum
788 3601 847 3649 inde
863 3601 934 3658 111111,
947 3600 1067 3657 cachinni,
1080 3610 1106 3648 et
1118 3601 1166 3648 alia
1182 3599 1267 3649 loelicis
1283 3602 1329 3650 otii

217 3660 304 3708 cedere
316 3663 467 3712 videbantur.
788 3665 972 3713 delectamenta
1018 3665 1105 3726 Neque
1132 3666 1180 3714 ista
1201 3665 1331 3729 operosior

252 3723 322 3774 1378.
334 3729 368 3774 Ar
380 3731 479 3788 liquidas
490 3733 572 3785 11111111,
585 3726 641 3790 eta]
655 3729 690 3776 Ut
701 3729 756 3777 aliie
788 3745 836 3790 qua
847 3744 892 3777 nos
902 3729 995 3777 utimur
1012 3729 1110 3776 Musica
1126 3745 1171 3778 nos
1187 3730 1274 3792 majori
1286 3747 1329 3780 vo-

218 3796 290 3845 artes,
302 3789 337 3837 sic
349 3791 422 3838 etiarn
440 3792 538 3840 Musica
554 3793 634 3856 primo
651 3793 719 3841 rudia
730 3803 756 3841 et
787 3793 888 3857 luptate,
900 3808 973 3854 quam
984 3793 1053 3841 rudis
1069 3793 1117 3841 ista
1127 3795 1182 3842 illos
1194 3794 1253 3842 olim
1268 3811 1328 3859 per·
1365 3853 1366 3856 ¹

217 3852 325 3907 inculta:
343 3855 449 3917 primum
462 3856 566 3904 enimin
578 3857 660 3904 avium
672 3856 753 3905 imita·
786 3857 865 3912 fudit3
895 3857 938 3905 sed
966 3871 1029 3905 nova
1051 3873 1149 3922 semper
1175 3859 1282 3923 placant,
1304 3871 1331 3910 et

217 3917 284 3966 tione
301 3919 422 3974 constitit3
444 3919 501 3967 inde
518 3920 600 3968 fistula
616 3936 630 3967 1
646 3920 753 3978 calamis,
786 3921 891 3985 pristina
903 3920 1047 3979 fastidimus,
1062 3938 1082 3970 v.
1096 3926 1135 3970 44.

217 3979 287 4045 (nam
309 3983 396 4031 calami
413 3983 462 4031 levi
483 3992 556 4032 vento
576 3982 661 4046 agitati
684 3985 755 4034 sibila
821 3985 1109 4049 137911111111111111]
1123 3988 1329 4053 Namquodgra·

216 4047 326 4109 quaedam
346 4058 371 4096 et
390 4061 516 4096 murmura
533 4048 669 4109 emittunt)
685 4064 752 4098 com·
786 4049 969 4107 tumentibus,
982 4049 1043 4097 illud
1055 4050 1115 4099 laeve
1128 4052 1244 4115 Epicuro.

216 4121 303 4175 pacta:
329 4128 377 4175 qua
393 4124 504 4176 pastores
520 4113 659 4160 mulcebant
674 4129 752 4173 curas,
821 4117 890 4162 1381.
911 4117 945 4162 111
964 4117 1074 4176 Zephyri,
1097 4114 1153 4177 etc]
1173 4117 1229 4164 vict
1252 4119 1328 4168 Ovid.

139 4169 144 4175 ’
170 4186 173 4190 ·
215 4176 407 4227 autinlaetitiam
416 4177 485 4226 effusi
494 4193 521 4226 se
530 4178 638 4239 aliosque
647 4178 752 4228 maxime
786 4180 888 4228 Metam.
900 4178 942 4226 lib.
954 4179 975 4226 Ι.
988 4194 1010 4227 v.
1025 4179 1079 4229 705.

215 4241 375 4292 oblectabant
409 4242 573 4301 locisetiam,
590 4241 751 4292 terminer·
820 4246 889 4294 1890.
915 4245 977 4292 Nam
1006 4251 1053 4291 tum
1075 4248 1225 4293 steatomata
1247 4247 1328 4311 cordi]
