2872 4852
221 249 283 314 170
595 251 642 319 T:
671 250 945 317 LUCRETII

305 405 381 472 Una
397 407 466 471 dies
481 406 600 471 infeste
614 408 672 471 tibi
688 417 737 471 tot
752 408 883 491 praemia
897 408 984 475 vitae.

305 507 390 574 Illud
406 511 439 573 in
454 510 505 574 his
521 511 621 575 rebus
636 532 702 575 non
717 510 854 588 addunt,
871 510 944 575 Nec
960 510 1019 574 tibi
1033 530 1144 573 earum

304 611 380 677 Jam
395 614 592 677 desiderium
606 613 726 677 insidet
740 635 849 678 rerum
863 613 997 697 insuper
1011 636 1087 677 una.

240 727 287 775 915
307 715 407 789 Quod
422 718 506 781 bene
522 717 549 780 si
562 717 695 781 videant
708 716 825 795 animo,
842 717 1002 800 dictisque
1017 725 1217 801 sequantur3

306 816 496 883 Dissolvant
511 819 607 883 animi
620 842 738 903 magno
755 841 789 884 se
805 841 937 903 angore,
952 828 1117 902 metuque.

306 920 362 985 Tu
377 920 509 1006 quidem
521 931 559 985 ut
574 944 609 986 es
624 920 715 986 letho
731 922 868 1006 sopitus,
885 922 930 986 sic
946 921 1009 985 eris
1025 921 1086 984 aevi

305 1023 406 1097 Quod
423 1035 584 1108 superest,
601 1025 726 1089 cunctis
740 1024 877 1109 privatu‘
893 1023 1060 1089 doloribus
1075 1024 1190 1108 aegris:

304 1126 353 1191 At
367 1149 426 1190 nos
440 1125 595 1191 horrifico
609 1125 803 1191 cinefactum
818 1135 850 1190 te
864 1149 968 1211 prope
983 1128 1083 1190 busto

241 1242 289 1290 920
308 1228 540 1294 insatiabiliter
553 1229 757 1307 deflebimus,
772 1239 995 1312 aetemumque

304 1331 407 1397 Nulla
422 1333 493 1397 dies
507 1332 602 1396 nobis
617 1354 789 1396 moerorem
803 1355 822 1396 e
838 1343 970 1416 pectore
985 1331 1105 1396 demet.

305 1434 392 1500 Illud
407 1436 449 1500 ab
463 1434 527 1499 hoc
541 1435 641 1519 igitur
653 1435 866 1519 quaerendum
881 1435 931 1511 ἐι,
947 1434 1026 1519 quid
1042 1433 1084 1497 sit
1098 1433 1198 1496 amari

305 1537 506 1622 Tantopere,
522 1538 565 1601 ad
582 1560 728 1601 somnum
744 1538 771 1601 si
785 1560 838 1602 res
854 1538 950 1614 redit,
965 1548 1064 1621 atque
1080 1537 1235 1620 quietem,

305 1641 373 1704 Cur
387 1641 558 1724 quisquam
571 1649 694 1704 aeterno
709 1641 814 1724 possit
829 1641 999 1703 tabescere
1016 1637 1129 1703 luctu?

156 1786 160 1791 -
241 1753 288 1802 925
347 1741 423 1806 Hoc
436 1742 533 1806 etiam
548 1741 682 1819 faciunt,
698 1742 756 1806 ubi
770 1740 977 1817 discubuere,
994 1750 1171 1824 tenentque

306 1843 429 1909 Pocula
445 1866 533 1928 saepe
548 1843 707 1920 homineS,
723 1853 757 1908 et
772 1843 957 1907 inumbrant
972 1864 1029 1907 ora
1043 1843 1183 1920 coronis,

306 1947 362 2011 Ex
376 1946 483 2010 animo
498 1956 535 2009 ut
549 1945 673 2031 dicant,
686 1942 802 2008 Brevis
816 1943 870 2009 hic
885 1954 935 2008 est
950 1943 1077 2011 fructus
1091 1943 1259 2010 homullis:

304 2048 380 2113 dam
395 2047 504 2126 fuerit,
520 2067 626 2131 neque
641 2055 717 2130 post
731 2067 875 2130 unquam
889 2067 1041 2110 revocare
1056 2045 1177 2111 licebit.

248 2211 251 2215 ,
305 2150 479 2236 Tanquam
493 2149 527 2213 in
541 2159 644 2213 morte
659 2147 735 2212 mali
749 2148 933 2232 cumprimis
948 2147 1012 2224 hoc
1028 2149 1070 2212 sit
1083 2142 1210 2213 eorum

240 2266 289 2314 9³0
307 2252 409 2327 Quod
424 2252 493 2315 sitis
508 2260 625 2316 exurat
640 2250 796 2327 Miseros,
812 2260 910 2333 atque
925 2250 1017 2313 arida
1031 2261 1166 2328 torreat,

226 2345 230 2350 ’
305 2353 377 2420 Aut
391 2354 462 2419 aliae
477 2355 571 2439 cujus
586 2353 783 2419 desiderium
795 2352 936 2417 insideat
951 2352 1008 2417 rei.

225 2533 226 2536 Ἴ
304 2457 380 2522 Nec
396 2455 457 2520 sibi
472 2456 557 2520 enim
571 2456 742 2539 quisquam
757 2464 826 2519 tum
842 2454 897 2531 Se,
915 2453 1091 2539 Vitamque
1106 2456 1252 2540 requirit,

306 2559 391 2624 Cum
403 2558 526 2643 pariter
541 2557 639 2621 Mens
655 2567 689 2621 et
704 2556 832 2641 Corpus
847 2555 954 2641 sopita
968 2557 1141 2641 quiescunt
1150 2584 1166 2636 ;¹

223 2736 231 2742 .,
305 2660 394 2726 Nam
408 2659 484 2726 licet
499 2668 656 2724 aeternum
669 2679 730 2745 per
744 2680 804 2723 nos
820 2658 865 2722 sic
880 2678 953 2724 esse
968 2681 1136 2747 soporem3

252 2840 308 2889 914.
322 2837 756 2901 Deridertaminridetrerumlsenper]
788 2853 853 2886 nunc
865 2837 978 2902 placandi
995 2847 1092 2903 tempus
1108 2846 1152 2896 est,
1164 2853 1208 2886 seu
1223 2836 1328 2887 corollas

220 2904 279 2961 Alii,
291 2907 429 2952 desiderium
439 2920 516 2951 rerum
525 2919 594 2964 super
604 2906 696 2951 madet.
775 2902 837 2960 ille,
858 2918 902 2950 seu
922 2903 986 2961 vina,
1007 2918 1162 2952 sermonesve
1184 2918 1278 2960 ssuave,
1300 2911 1327 2951 et

224 2983 225 2987 ’
252 2971 308 3018 922.
323 2972 362 3017 Aa
370 2967 423 3030 boe]
434 2967 554 3027 Gifanius,
564 2971 592 3016 ob
600 2971 657 3023 hoc,-
673 2977 699 3017 et
706 2967 755 3016 lor-
788 2967 923 3016 molliculas
945 2983 1020 3026 escas,
1041 2984 1086 3017 seu
1108 2967 1167 3030 quid
1189 2967 1264 3016 etiam
1287 2976 1327 3016 est

219 3048 264 3084 san
275 3033 370 3082 melius.
786 3031 926 3094 jucundius,
945 3032 1026 3081 malit:
1049 3032 1071 3081 si
1091 3032 1178 3090 nescis,
1198 3032 1251 3080 hec
1267 3047 1327 3081 vera

252 3100 307 3148 925.
325 3101 376 3147 Hoc
385 3095 562 3160 etiamsaer'nnt,
573 3099 620 3154 ult,
632 3095 689 3159 ete]
700 3097 755 3145 Sto-
788 3096 845 3146 vitre
855 3097 944 3160 gnudin
956 3107 1021 3155 sunt,
1033 3098 1077 3146 sed
1093 3098 1169 3145 eheul
1188 3113 1260 3160 quam
1276 3096 1328 3145 cito

218 3164 263 3213 lidi
283 3163 382 3227 quidem
401 3162 443 3212 isti
463 3161 505 3225 qui
525 3170 635 3210 mortuos
653 3161 754 3210 insatin-
788 3162 973 3226 praetervolnutl
1004 3163 1108 3211 Manum
1134 3161 1216 3225 itaque
1244 3161 1326 3224 injice,

218 3229 301 3278 biliter
309 3229 401 3292 lugent,
410 3227 552 3276 stolidiores
560 3242 626 3285 vero,
636 3225 676 3289 qui
688 3241 754 3274 eom-
790 3229 864 3274 brem
874 3229 912 3274 ln‘e
923 3234 957 3274 ert
967 3224 1062 3288 fruetur
1078 3229 1177 3284 homulli,
1189 3227 1256 3274 horre
1272 3241 1326 3274 mo-

218 3294 406 3344 messationibus
422 3292 585 3356 indulgentes,
601 3291 675 3340 etiam
691 3291 757 3340 inter
789 3300 872 3339 mento
887 3288 965 3352 suerit
986 3291 1023 3355 (id
1043 3300 1081 3340 est
1100 3295 1205 3354 perierit,
1225 3298 1260 3348 ut,
1273 3289 1326 3353 snit

218 3359 307 3424 pocula
313 3359 399 3407 mortis
405 3357 547 3406 memoriam
555 3356 678 3415 refricant,
688 3356 757 3418 quasi
789 3354 880 3418 Illum),
887 3372 958 3418 neque
962 3365 1014 3418 post
1020 3374 1118 3419 unquam
1127 3372 1231 3405 revocare
1240 3358 1326 3404 licebit.

216 3423 261 3472 'siti
281 3423 407 3487 inexpleta
429 3421 575 3472 conficiendi
602 3430 691 3478 essent,
714 3429 757 3469 aut
822 3422 877 3470 9³0.
897 3419 1006 3483 Torreat]
1018 3423 1098 3480 Terra,
1108 3421 1251 3478 Lambinus,
1261 3419 1325 3468 frus·

218 3487 321 3549 alicujus
337 3488 400 3536 alius
415 3487 452 3535 rei
469 3487 590 3535 desiderio
600 3495 756 3544 vexarentur,
789 3493 839 3534 tra:
857 3487 885 3534 in
901 3485 1013 3548 sequenti
1024 3501 1098 3535 versu
1113 3485 1156 3535 alii
1171 3485 1258 3548 legunt
1272 3501 1326 3541 ren

218 3561 348 3615 postquam
365 3551 446 3600 evita
464 3551 629 3615 migraverint.
665 3550 757 3599 Somno
788 3550 824 3599 ita
835 3550 901 3598 euim
913 3559 1015 3599 veteres.

218 3615 293 3678 sopiti
309 3615 371 3662 nihil
388 3616 498 3678 cupiunt,
514 3631 559 3664 nec
576 3630 602 3663 re
618 3615 700 3677 aliqua
715 3615 754 3663 in·
822 3618 877 3664 934.
895 3616 958 3662 Nam
975 3618 1029 3664 lieet
1043 3623 1160 3672 aternum,
1174 3613 1232 3678 ete]
1250 3613 1328 3663 Hunc

218 3679 317 3742 digent3
341 3679 400 3740 quid
415 3679 491 3742 igitur
507 3679 576 3728 stulti
593 3679 696 3726 timeant
711 3678 754 3726 de·
788 3695 886 3729 versum
902 3679 1015 3742 sequenti
1031 3680 1129 3743 subjicit
1145 3678 1284 3738 Salmasius,
1301 3688 1328 3728 et

218 3743 337 3794 siderium
354 3743 381 3789 in
398 3754 484 3800 morte,
501 3759 555 3806 que
571 3743 649 3805 magis
666 3742 758 3804 disJicit
788 3759 845 3792 curn
861 3743 887 3791 in
904 3743 956 3792 eod.
969 3744 1088 3794 Gronovii
1104 3744 1227 3793 invenerit
1240 3760 1328 3807 premo

218 3805 435 3870 enimaeprincipia
443 3822 516 3868 quarn
524 3822 631 3863 somnus,
639 3815 664 3854 et
672 3822 757 3854 eorum
789 3823 834 3872 pro
851 3824 958 3869 soporem,
976 3808 1044 3872 legit,
1063 3812 1125 3858 Nam
1143 3812 1198 3859 licet
1216 3817 1328 3858 aternum

218 3882 300 3923 motus
311 3887 326 3919 a
336 3886 409 3918 sensu
420 3870 502 3918 reddit
513 3871 590 3933 magis
601 3870 711 3919 elienosl
785 3876 1104 3938 perncasicersesupreme.
1120 3874 1167 3922 Per
1176 3890 1228 3933 nos,
1237 3873 1327 3936 inquit,

251 3938 307 3988 927.
326 3937 409 3984 Brevis
426 3939 463 3982 ln'c
480 3942 515 3983 ert
525 3934 621 3998 fruetur
638 3933 754 3997 homullis]
787 3936 846 3985 licet
860 3936 895 3984 sic
912 3952 966 3986 esse
982 3954 1104 4002 suprema,
1116 3948 1220 3988 mortem
1237 3954 1327 4004 nempe

219 4004 329 4060 Hennam,
341 4001 432 4048 Faber:
450 3999 516 4055 Quia
526 3999 574 4047 nisi
585 4002 678 4049 tomum
689 4000 755 4062 lega·
788 4001 874 4065 ipsam,
893 4011 921 4051 ut
939 4012 976 4052 est
995 4003 1036 4051 ille
1054 4019 1167 4052 somnus:
1189 4003 1231 4053 vel
1251 4003 1327 4053 etiam

219 4077 323 4117 turtum
334 4064 483 4114 solecismus
498 4064 524 4111 in
540 4061 623 4111 oeulos
639 4063 758 4113 involabit
789 4065 898 4124 fortasse,
919 4070 958 4115 Sto
979 4083 1027 4116 erre
1045 4084 1168 4132 supremo.
1206 4069 1328 4132 Supremo

235 4136 288 4182 ,lam
295 4129 400 4193 fuerit];
419 4128 515 4191 alioque
532 4127 687 4177 scribendum
704 4139 757 4179 erat
789 4145 878 4195 nempe
888 4146 975 4195 sopore
988 4131 1025 4179 vel
1041 4147 1135 4188 somno,
1146 4131 1181 4181 sic
1198 4132 1257 4182 licet
1273 4149 1329 4183 esse

219 4133 397 4310 kmjioerlnt]
411 4192 523 4242 Homulli
534 4193 579 4241 vir„
592 4191 678 4240 Totius
690 4193 756 4242 enim
789 4210 834 4259 per
845 4209 890 4242 nos
901 4203 1026 4254 aeternnm,
1038 4207 1067 4244 ut
1079 4205 1105 4246 et
1120 4197 1168 4246 isto
1184 4197 1329 4261 quotidiano

258 4260 329 4310 ibeo
345 4268 383 4309 est
398 4257 533 4314 sementim
551 4258 614 4305 bene
630 4265 656 4305 et
667 4257 755 4322 volupe
787 4259 1023 4323 quorequiesoimus.
1053 4261 1327 4326 Italeborantilliqui·

220 4326 345 4384 hominm,
355 4324 456 4391 genium
465 4337 600 4373 memorem
612 4321 693 4370 brevis
709 4323 755 4372 orvi
787 4324 833 4371 bus
844 4323 905 4371 nibil
917 4323 998 4388 placet
1008 4334 1098 4389 preter
1109 4325 1221 4376 difficiles
1232 4342 1319 4390 nugas.
