2872 4852
412 222 595 289 LIBER.
616 221 921 290 SECUNDUS.
1163 229 1224 293 115

247 376 376 451 Queat
390 375 474 441 enim
487 375 612 441 ratione
627 373 779 453 Animus,
795 396 869 441 cum
884 382 1007 441 summa
1022 375 1086 444 loci
1100 378 1142 444 sit

203 479 334 544 Infinita
348 477 426 543 foris
440 477 512 543 haec
527 487 622 542 extra
635 478 755 542 moenia
769 478 899 556 mundi;

130 596 192 642 1045
206 581 296 655 Quid
313 581 354 645 sit
368 580 414 644 ibi
428 601 538 664 porro,
554 601 621 664 quo
634 580 822 665 prospicere
836 603 942 665 usque
958 579 1035 646 velit
1049 604 1151 660 mens,

203 683 314 768 Atque
330 683 427 747 animi
437 682 547 767 jactus
559 682 643 748 liber
657 706 722 770 quo
737 682 884 768 pervolet
898 684 980 769 ipse.
999 728 1002 734 -

246 785 423 869 Principio,
439 785 533 850 nobis
548 786 582 850 in
597 798 731 851 cunctas
746 786 891 872 undique
905 787 1040 872 parteis,

204 889 251 954 Et
264 887 366 953 latere
381 911 424 952 ex
438 898 590 972 utroque,
604 887 699 966 infra,
717 911 911 974 superaque,
927 911 988 974 per
1004 889 1111 954 Omne

203 991 304 1056 Nulla
319 992 359 1054 ’st
373 990 459 1068 linis,
475 991 525 1055 uti
539 992 646 1069 docui,
662 1013 715 1056 res
729 992 865 1076 ipsaque
880 1012 940 1075 per
956 1013 991 1056 se

130 1109 193 1156 1050
205 1093 425 1170 Vociferatur,
442 1104 475 1157 et
490 1092 597 1158 elucet
611 1103 728 1158 natura
743 1092 922 1158 Profundi:

201 1196 305 1261 Nullo
315 1196 383 1280 jam
397 1205 495 1280 pacto
510 1195 681 1260 verisimile
697 1218 770 1261 esse
785 1196 967 1280 putendum
983 1196 1034 1273 'st,

203 1297 359 1381 Undique
375 1319 449 1361 cum
463 1319 577 1361 vorsus
594 1297 734 1381 spatium
748 1308 842 1362 vacet
855 1296 1027 1374 infinitum,

204 1400 399 1483 Seminaque
413 1400 582 1463 innumero
597 1421 742 1476 numero,
759 1421 947 1484 summaque
959 1399 1125 1484 profunda

206 1501 410 1568 Multimodis
425 1499 559 1565 volitent
574 1512 697 1566 aeterno
712 1502 837 1586 percita
851 1511 952 1579 motu,

132 1616 193 1664 1055
206 1604 306 1669 Hunc
320 1627 420 1669 unum
434 1604 613 1669 Terrarum
628 1606 751 1684 orbem,
768 1603 960 1690 Coelumque
976 1614 1139 1683 creatum

204 1706 263 1770 Nil
278 1729 375 1792 agere
390 1705 444 1770 illa
457 1707 535 1772 foris
549 1718 597 1771 tot
611 1730 750 1792 corpora
767 1708 940 1773 Materiai:

204 1808 287 1873 Cum
301 1810 482 1894 praesertim
497 1809 550 1877 hic
567 1810 609 1874 sit
623 1820 741 1874 natura
756 1810 874 1889 factus,
888 1821 922 1875 et
936 1812 1009 1895 ipsa

204 1911 329 1996 Sponte
344 1935 403 1976 sua
418 1911 502 1976 forte
518 1911 710 1976 offensando
726 1913 847 1977 semina
861 1935 971 1978 rerum

202 2013 418 2090 Multimodis,
435 2024 568 2092 temere,
584 2003 758 2091 incassum,
774 2014 973 2098 frustraque,
988 2023 1102 2080 coacta

128 2127 191 2175 1060
202 2115 354 2180 Tandem
369 2114 549 2181 cooluerint
563 2138 613 2193 ea,
630 2139 704 2199 quae
720 2117 867 2200 conjecta
881 2126 1017 2200 repente

125 2249 127 2255 .
203 2217 400 2302 Magnarum
414 2238 523 2280 rerum
536 2216 654 2279 fierent
669 2216 805 2280 exordia
821 2238 959 2300 semper,

152 2363 221 2409 1043.
237 2364 327 2413 Quaerit
335 2363 394 2407 enirn
401 2363 489 2406 ratione
498 2357 608 2420 Animus]
618 2359 656 2406 De
689 2356 858 2419 περασμένους,
870 2358 918 2407 000¹
930 2358 983 2406 ileos
993 2360 1103 2417 τοιοῦτοι,
1115 2358 1164 2408 oie·
1176 2358 1229 2408 ὅσοι

118 2435 222 2488 quatuor
231 2425 297 2472 hisce
308 2423 418 2472 versibus
426 2423 525 2486 litigant
535 2422 657 2485 interpre·
691 2420 798 2484 διάφοροι
808 2421 892 2484 τούτῳ,
905 2423 969 2471 ὥστε
980 2421 1049 2472 οὐδὲν
1057 2422 1086 2471 rb
1103 2420 1229 2484 ἐμποδίζον

118 2500 162 2548 tes,
181 2490 239 2539 dum
256 2489 298 2536 alii
316 2487 450 2544 fastidiunt,
469 2502 529 2550 quos
547 2486 589 2534 alii
606 2503 657 2534 em·
692 2486 745 2535 ieri
767 2486 825 2549 πρὸς
849 2487 895 2546 τὴν
917 2486 1024 2550 ἀπειρίαν
1047 2490 1096 2536 τῶν
1119 2485 1227 2549 Κόσμοιν.

118 2555 274 2618 plectuntur:
297 2569 342 2616 ego
360 2552 457 2614 quidem
477 2567 523 2599 nec
541 2551 658 2600 absurdos
692 2552 815 2615 Epicurus
826 2552 855 2600 ad
869 2553 989 2601 Herodot

118 2635 172 2668 erse
181 2619 259 2676 video,
269 2634 314 2666 nec
323 2617 436 2672 inutiles;
455 2617 579 2680 explicant
591 2616 657 2664 enim
724 2618 793 2665 1050.
806 2617 933 2681 Prqt'undi]
943 2616 1045 2666 Infiniti.
1053 2617 1147 2666 Videv.
1157 2618 1228 2667 1094.

117 2685 206 2733 futurae
215 2681 386 2747 disputationis
396 2691 574 2744 argumentum,
583 2681 657 2744 idque
724 2684 793 2730 1052.
816 2685 920 2745 Undique
930 2699 981 2730 curn
992 2681 1081 2745 uorsur]
1093 2683 1132 2730 Ita
1143 2697 1229 2731 omnes

119 2765 168 2797 non
175 2750 265 2812 inepte,
275 2748 296 2796 si
304 2747 375 2796 modo
383 2747 417 2795 ita
426 2756 454 2794 ut
463 2746 529 2795 edidi
536 2747 655 2810 legantur.
689 2746 759 2795 libri:
778 2747 912 2796 Lambinus
924 2757 1005 2796 tamen
1022 2747 1089 2822 legit,
1106 2764 1157 2796 curn
1173 2765 1228 2811 quo·

119 2815 199 2878 Fayus
211 2813 277 2876 legit,
293 2816 449 2865 Qnaeriienim
460 2816 521 2860 ratio
532 2830 560 2860 ne
577 2815 656 2869 animi,
689 2829 732 2874 quo
747 2829 826 2860 corsua
834 2832 843 2868 ,·
866 2812 986 2875 istamque
1001 2812 1139 2872 lectrouem,
1158 2822 1187 2860 ut
1203 2821 1230 2861 et

118 2879 144 2927 id
156 2887 199 2937 est,
212 2895 242 2926 an
254 2882 343 2926 animus
360 2880 465 2939 inquirit,
486 2885 527 2924 aut
545 2879 656 2925 dubitat?
690 2876 772 2925 omnia
783 2876 867 2940 inepta
879 2878 960 2942 Fayus
971 2893 1002 2940 ap
1020 2879 1097 2926 robat.

119 2952 144 2991 et
161 2952 247 3006 quarto
259 2941 339 2991 versui
358 2951 442 2990 notam
459 2940 657 3005 interrogationis
724 2943 794 2990 1055.
817 2893 1021 3004 AEterno-—rnotub
1039 2943 1085 2991 Est
1105 2941 1171 2991 enim
1188 2941 1226 2991 in-

118 3008 250 3071 subJungit
279 3009 337 3055 Non
349 3023 410 3071 opus
422 3017 459 3054 est
469 3006 517 3055 isto
526 3007 645 3054 acumine.
689 3007 788 3071 genitus
799 3017 879 3055 atomo
890 3017 978 3057 motus.
996 3010 1079 3056 Faber.

153 3073 222 3123 1047.
240 3075 366 3133 Principio,
376 3074 440 3120 nobis
451 3076 475 3119 in
487 3080 587 3129 cunctat,
599 3071 656 3135 eia]
725 3073 794 3120 1060.
813 3071 956 3134 Cooiuerint]
969 3072 1031 3120 Cum
1043 3072 1189 3136 reperissem
1201 3071 1228 3120 in

122 3138 249 3185 Infinitum
260 3153 312 3185 esse
325 3137 438 3200 spatium,
450 3136 511 3184 etin
523 3136 566 3184 illo
578 3136 657 3200 spatio
689 3136 758 3184 libris
780 3136 878 3200 scriptis
898 3137 989 3201 partim
1011 3140 1115 3196 velarint,
1137 3137 1229 3201 partim

120 3202 216 3251 infinita
236 3203 329 3251 semina
349 3201 458 3258 volitare,
482 3201 502 3249 si
522 3201 658 3264 Epicurum
690 3205 792 3259 coierint,
804 3202 894 3265 partim
905 3206 1014 3259 coierunt,
1023 3205 1147 3250 cecinerint
1156 3217 1229 3265 repo-

119 3267 210 3325 audias,
223 3277 316 3315 certum
332 3276 384 3314 est:
409 3275 434 3313 at
452 3266 478 3313 in
495 3266 568 3323 bunc,
586 3281 658 3328 quem
691 3266 742 3322 sui3
762 3282 815 3328 quae
826 3266 947 3329 scriptura
963 3265 1092 3330 perspicue
1108 3280 1167 3314 vera
1183 3275 1228 3314 est.

121 3347 166 3380 uos
178 3331 314 3389 incolimus,
326 3330 443 3378 mundum
453 3330 534 3378 omnia
543 3330 590 3378 ista
601 3330 657 3377 inli-
693 3333 820 3378 Coalescere
829 3340 911 3378 autem
920 3330 985 3378 valet
996 3346 1144 3388 concrescere,
1156 3339 1182 3378 et
1192 3347 1230 3378 ce·

122 3396 174 3444 nita
192 3395 285 3444 semina
303 3411 352 3442 non
369 3394 527 3449 coaluerunt;
556 3394 614 3455 quid
633 3393 659 3441 ni
692 3398 837 3457 egnentari,·
853 3397 949 3443 olescere
961 3393 1026 3442 enim
1036 3394 1076 3456 (ut
1086 3394 1158 3443 docet
1169 3395 1229 3444 Fes-

120 3460 195 3523 igitur
206 3460 332 3508 credamus
342 3458 435 3506 semina
444 3458 470 3505 in
479 3458 527 3505 alia
536 3458 609 3521 spatii
621 3458 669 3519 inq
693 3459 743 3520 tus)
765 3458 829 3506 valet
850 3475 966 3507 crescere:
990 3474 1039 3520 quo
1057 3460 1130 3508 verbo
1151 3460 1230 3508 utitur

120 3525 183 3572 finiti
193 3532 264 3589 parte
273 3539 402 3587 compages
410 3522 467 3570 huic
476 3531 559 3570 nostro
568 3522 660 3570 mundo
692 3522 757 3570 idem
769 3522 974 3571 Lucretiusinfra
985 3523 1070 3572 eodem
1082 3523 1151 3572 libro.
1179 3527 1229 3574 Do·

120 3589 159 3638 vel
170 3605 270 3654 prorsus
282 3587 374 3636 similes
391 3587 429 3635 vel
446 3587 576 3635 dissimiles
593 3603 659 3635 com·
692 3605 733 3636 nec
744 3587 867 3635 olescendi
877 3605 986 3636 summum
1003 3593 1099 3652 tetigere
1115 3587 1228 3640 cacumen

119 3671 218 3719 ponere,
239 3653 375 3718 prasertim
394 3668 450 3700 cum
471 3652 556 3700 eadem
575 3661 660 3700 nature
693 3651 743 3700 Ubi
767 3661 848 3700 tamen
876 3652 975 3715 quidam
1000 3653 1085 3717 legunt
1107 3657 1230 3715 alescendi,

119 3721 209 3782 ubique
221 3728 314 3783 regnat,
326 3730 352 3766 et
362 3718 388 3766 in
401 3717 513 3766 omnibus
530 3717 603 3782 spatii
620 3718 658 3765 in·
692 3718 763 3766 male.
792 3719 925 3766 Lambinus.

121 3785 184 3834 liniti
196 3785 306 3849 partibus
318 3784 404 3832 eodem
418 3785 474 3844 Jure
490 3782 575 3831 utitur.
605 3782 658 3830 Hoc
726 3783 795 3830 1061.
813 3786 917 3831 Exordin
927 3782 1027 3846 semper]
1044 3783 1167 3833 Pessime:
1184 3800 1229 3834 ne·

119 3859 290 3914 argumentum
302 3866 324 3897 v.
345 3850 381 3897 19.
399 3847 545 3896 continetur.
582 3847 614 3896 Αἵ
630 3865 660 3896 πε
691 3863 738 3910 que
751 3847 817 3896 enim
827 3865 914 3910 semper
924 3864 980 3897 cum
992 3857 1089 3911 repente·
1099 3850 1231 3899 convenire

121 3915 275 3978 γὰρἍι-ομοι
292 3913 382 3976 ἄπειροι
399 3912 474 3970 οὖσαι,
492 3911 604 3975 φέρονται
620 3912 660 3961 καὶ
691 3921 778 3976 potest.
808 3913 924 3962 Errorem
936 3923 1018 3961 autem
1029 3923 1058 3962 ut
1068 3914 1180 3963 viderent
1190 3914 1231 3963 ins

120 3979 197 4043 πόῤῥα
217 3978 311 4036 τούτου,
335 3978 375 4026 καὶ
397 3980 497 4026 ἄλλυδις
524 3977 599 4026 ἄλλαι
627 3976 660 4026 eis
692 3987 818 4043 terpretes,
831 3988 897 4027 certe
909 3979 955 4027 scri
975 3988 1036 4027 turre
1050 3979 1154 4028 varietas
1170 3979 1231 4028 satis

122 4042 269 4107 ἀπεργασίαν
287 4042 390 4102 tticum
409 4040 510 4105 ἀπείρων
527 4041 656 4105 συνέρχον-
690 4043 786 4091 efficere
798 4043 921 4092 debuerat
979 4043 1002 4090 ic
1019 4043 1085 4092 enim
1102 4059 1187 4092 versus
1203 4044 1231 4090 in

121 4123 169 4156 παι·
188 4110 216 4157 αὐ
237 4108 284 4172 γὰρ
304 4108 484 4165 reremaneret
506 4107 531 4155 ni
551 4109 658 4156 παιαῦπαι
689 4107 730 4156 lib.
751 4109 781 4156 V.
800 4108 919 4171 repetitus
939 4108 993 4166 fuit,
1013 4108 1057 4157 sed
1076 4123 1139 4155 novo
1156 4107 1231 4154 etiam

120 4171 219 4232 'Arnum
231 4175 268 4235 (ἐξ
279 4172 311 4222 ὧν
320 4173 350 4222 br
360 4171 455 4233 γένοιτο
473 4174 486 4220 5
503 4170 599 4232 Kianos
618 4169 656 4220 oi·
690 4174 780 4221 mendo
789 4173 951 4222 deformatus:
970 4172 1004 4220 sic
1013 4172 1078 4220 enim
1089 4171 1123 4219 ibi
1133 4169 1230 4233 legitur,

123 4253 171 4293 ros,
183 4237 199 4293 i
211 4238 235 4297 ἐξ
246 4237 278 4286 ὧν
288 4237 318 4286 br
328 4235 435 4296 ποιηθείη
452 4236 539 4299 ἄλλοι)
558 4237 607 4285 oirr'
625 4235 659 4286 eis
693 4240 794 4287 Tandem
805 4243 935 4288 convenient
946 4256 980 4296 ec,
992 4254 1042 4299 quae
1053 4235 1181 4297 conjuncte,
1193 4246 1230 4283 re·

124 4297 172 4359 tva,
186 4299 232 4362 (itu
243 4300 302 4364 legit
314 4301 483 4363 Meibomius,)
501 4302 550 4350 οὔτ’
568 4301 601 4351 εἷς
617 4320 659 4350 πε·
692 4311 760 4365 pente
767 4305 907 4365 Magnarum
913 4305 1053 4362 rerumflant
1061 4301 1231 4362 exordiempn
