2872 4852
237 221 299 284 152
611 219 655 285 T.
685 220 957 285 LUCRETII

316 375 406 439 Ante
422 374 533 439 oculos
547 374 663 458 aliquis
678 387 819 453 nostros,
836 388 872 439 ut
887 375 1027 439 fulminis
1044 377 1123 452 ictu,

316 478 478 554 Concidit,
493 487 527 541 et
543 500 673 561 spumas
689 479 767 561 agit,
784 479 926 562 ingemit,
944 489 977 542 et
993 479 1100 542 tremit
1116 489 1218 556 artus,

316 578 459 664 Desipit,
475 589 622 644 extentat
637 602 765 657 nervos,
780 590 962 664 torquetur,
980 579 1122 658 anhelat,

251 696 300 743 090
318 682 544 746 Inconstanter
558 692 592 746 et
606 684 639 746 in
650 684 807 768 jactando
820 684 965 746 membra
978 682 1111 766 fatigat:

316 784 489 859 Nimirum,
506 785 583 868 quia
596 785 643 847 vis
659 784 772 848 Morbi
787 785 943 849 distracta
957 806 1017 868 per
1032 794 1122 848 artus

316 886 446 950 Turbat
460 907 560 968 agens
575 886 740 963 Animum,
757 909 910 970 spumans
925 896 962 949 ut
978 887 1011 948 in
1025 907 1158 970 aequore
1174 886 1258 950 salso

316 987 499 1053 Ventorum
512 987 626 1050 validis
642 986 794 1052 fervescit
809 988 930 1052 viribus
947 987 1058 1051 Unda.
1076 1045 1079 1051 ,

314 1089 520 1173 Exprimitur
534 1110 632 1172 porro
649 1087 811 1166 Gemitus,
828 1089 904 1172 quia
917 1090 1061 1152 membra
1076 1088 1190 1154 dolore

250 1204 298 1250 495
316 1189 531 1268 Afficiuntur;
555 1201 588 1254 et
602 1191 731 1254 omnino
745 1190 834 1273 quod
850 1191 970 1253 semina
985 1190 1072 1254 vocis

315 1293 512 1378 Ejioiuntur,
528 1302 562 1355 et
576 1313 634 1356 ore
648 1291 735 1355 foras
750 1291 928 1374 glomerata
943 1289 1102 1368 feruntur,

316 1396 393 1469 Qua
407 1395 501 1479 quasi
516 1405 726 1472 consuerunt,
743 1405 777 1458 et
792 1405 868 1458 sunt
882 1394 1005 1457 munita
1020 1393 1093 1456 viai.

314 1496 520 1581 Desipientia
534 1496 583 1573 fit,
599 1498 676 1581 quia
690 1497 737 1560 vis
753 1495 874 1573 Animi,
891 1507 989 1580 atque
1005 1493 1136 1559 Animai

314 1599 547 1674 Conturbator,
563 1609 597 1662 et
612 1598 662 1681 (ut
676 1598 785 1682 docui)
801 1598 905 1661 divisa
920 1619 1067 1662 seorsum

247 1713 297 1759 500
315 1701 532 1786 Disjectatur,
548 1700 664 1764 eodem
678 1699 734 1763 illo
747 1700 905 1763 distracta
918 1721 1054 1763 veneno.

313 1802 396 1866 Inde
411 1803 467 1865 ubi
477 1802 546 1886 jam
562 1801 676 1865 Morbi
691 1823 727 1865 se
742 1800 834 1865 flexit
849 1823 959 1878 causa,
976 1802 1127 1885 reditque

312 1903 351 1967 In
364 1904 506 1968 latebras
523 1914 593 1968 ater
607 1904 754 1988 corrupti
768 1903 923 1987 Corporis
938 1904 1067 1981 humor,

311 2007 400 2071 Tum
414 2007 508 2091 quasi
523 2005 705 2089 talipedans
721 2007 860 2090 primum
875 2007 1042 2090 consurgit
1051 2032 1059 2084 ;
1084 2015 1118 2070 et
1135 2006 1256 2070 omneis

311 2107 485 2172 Paullatim
498 2108 584 2172 redit
598 2108 631 2170 in
648 2130 774 2184 sensus,
791 2109 993 2191 animamque
1009 2116 1167 2190 receptat.

245 2222 293 2268 005
311 2210 395 2274 Haec
410 2211 510 2295 igitur
525 2210 623 2274 tantis
639 2210 695 2273 ubi
711 2210 832 2274 morbis
848 2209 996 2292 Corpore
1011 2209 1132 2293 inipso

310 2312 473 2390 dactetur,
488 2312 679 2396 miserisque
694 2311 798 2376 modis
815 2311 970 2375 distracta
985 2309 1131 2374 laboret:

313 2415 381 2479 Cur
395 2415 531 2479 eandem
546 2415 652 2479 credis
669 2415 736 2478 sine
753 2413 900 2498 Corpore
915 2414 948 2476 in
963 2414 1054 2477 Aere
1069 2423 1184 2498 aperto

313 2516 396 2580 Cum
410 2516 524 2581 validis
540 2518 644 2581 ventis
660 2526 789 2581 aetatem
805 2517 925 2600 degere
941 2519 1063 2600 posset

356 2619 403 2681 Et
419 2621 570 2702 quoniam
585 2619 733 2683 Mentem
748 2620 865 2695 sanari,
882 2618 1010 2702 Corpus
1027 2629 1064 2682 ut
1078 2640 1212 2702 aegrum,

246 2733 295 2778 510
313 2720 494 2797 Cernimus,
511 2732 544 2784 et
558 2719 646 2785 flecti
660 2721 819 2784 medicina
833 2743 930 2804 posse
947 2720 1093 2788 videmus
1106 2746 1113 2797 ς

312 2822 352 2887 Id
367 2844 497 2907 quoque
513 2823 667 2906 praesagit
682 2821 850 2887 mortalem
865 2823 972 2886 vivere
989 2822 1155 2886 Mentem:

313 2922 450 2988 Addere
466 2925 550 2988 enim
564 2924 698 3008 parteis,
715 2933 772 2987 aut
787 2924 900 2988 ordine
915 2925 1065 3010 trajicere
1080 2946 1210 3007 aequum
1224 2923 1275 3000 'st,

228 3125 297 3173 Idem
309 3123 375 3172 enim
386 3124 479 3172 diceret
489 3126 587 3187 Aquam
598 3123 624 3172 10
641 3139 698 3172 vaae
716 3139 761 3172 un-
795 3124 868 3183 auris,
880 3127 974 3188 Fapm:
990 3123 1089 3173 001010.
1103 3123 1165 3172 nulli
1180 3123 1241 3172 flant
1256 3123 1332 3181 00001,

225 3189 299 3253 dique
318 3197 478 3252 conquassato
494 3204 594 3237 manere
611 3205 691 3253 posse,
709 3205 763 3252 quae
795 3189 868 3238 nulla
879 3189 1113 3253 saeduntprocelloe.
1141 3191 1236 3237 Acuta!

225 3271 283 3304 vase
294 3255 415 3319 perforato
426 3253 610 3302 diffunderetur.
827 3256 883 3303 509.
900 3257 934 3303 Et
944 3259 1049 3318 quantam
1060 3256 1168 3311 Mentem,
1180 3252 1237 3315 ete]
1249 3252 1333 3310 Sexto,

257 3322 313 3369 490.
331 3319 502 3382 Inconstanter]
515 3319 555 3368 At
567 3323 733 3367 incunctanter.
795 3335 817 3367 0.
832 3319 869 3368 16.
882 3319 991 3368 animum
1004 3320 1069 3368 huno
1086 3318 1231 3366 delirantem
1247 3326 1273 3365 00
1289 3317 1332 3365 de-

257 3386 313 3433 492.
331 3388 444 3446 Spumans
459 3393 486 3432 at
502 3389 535 3443 s‘n,
555 3383 611 3446 etc]
630 3383 689 3442 Alii,
706 3401 760 3446 spa·
795 3383 927 3448 sipientem
938 3383 1067 3433 medicinae
1078 3399 1124 3448 ope
1140 3381 1236 3431 restitui
1253 3397 1332 3446 posse,

225 3465 290 3496 mans
300 3452 376 3497 velut:
394 3449 443 3507 alii,
455 3458 585 3510 spumantes
598 3466 686 3512 aeqasre
703 3452 763 3498 salso
795 3458 821 3498 et
831 3449 857 3498 10
869 3449 997 3513 pristinam
1009 3448 1139 3498 sanitatem
1152 3447 1238 3496 reduci
1252 3446 1332 3496 cerni-

224 3520 340 3560 nentoram
351 3521 384 3572 ut,
396 3522 438 3561 etc.
457 3515 578 3572 Gisanius,
590 3523 720 3576 spumantes
736 3522 764 3562 nt
795 3530 862 3571 mua;
881 3515 937 3563 ideo
948 3515 976 3562 fit
984 3514 1065 3578 aliqua
1074 3513 1101 3561 10
1112 3512 1204 3561 Animo
1215 3511 1333 3567 mutatios

225 3579 249 3624 in
258 3593 347 3639 equare
357 3580 424 3635 salsa
436 3587 461 3626 et
469 3579 565 3627 literam
577 3578 622 3627 sin
633 3587 763 3641 spumantes
796 3595 854 3643 ergo
863 3579 985 3627 adduntur
993 3595 1063 3627 novae
1072 3587 1161 3642 partes,
1171 3577 1334 3625 detrahuntur

224 3641 332 3689 abradit:
350 3657 381 3689 en
393 3642 461 3690 litem
472 3643 637 3706 grammaticis
648 3644 760 3706 dignam!
795 3644 890 3706 aliquae,
901 3652 943 3691 aut
954 3642 1002 3690 alio
1014 3643 1099 3690 ordine
1111 3641 1236 3705 particula
1249 3640 1334 3689 Animi

257 3704 312 3754 497.
333 3709 385 3757 Qua
398 3710 465 3768 quast
481 3706 628 3769 consuerant]
646 3708 696 3763 Qui
712 3707 761 3755 ele·
795 3707 961 3761 collocantur;
988 3706 1069 3754 omnis
1088 3707 1153 3754 euim
1174 3706 1285 3754 alteratio
1304 3705 1335 3754 lit

223 3768 333 3832 gantiam
346 3769 418 3831 hujus
430 3785 514 3820 versus
530 3787 587 3819 cum
604 3771 703 3819 Gilanio
719 3772 761 3819 sd·
795 3772 836 3820 vel
846 3770 989 3833 aspectione,
1002 3771 1041 3819 vel
1057 3770 1214 3829 densatione,
1227 3770 1266 3819 vel
1282 3779 1332 3818 tra·

224 3833 351 3891 mirantur,
371 3833 413 3880 isti
430 3834 477 3882 sibi
496 3837 608 3883 habeant.
645 3835 677 3883 ld
695 3835 760 3893 novi,
791 3834 1090 3898 jectioneparticularum.
1125 3837 1160 3884 At
1176 3836 1241 3899 quod
1257 3850 1335 3884 novas

222 3897 297 3947 istum
314 3913 370 3945 curn
387 3897 454 3946 omni
472 3914 516 3947 sua
531 3908 658 3947 venustate
676 3901 761 3948 0100000
793 3909 876 3964 partes
886 3899 981 3962 recipit,
999 3901 1063 3962 quod
1079 3900 1173 3963 aliquas
1190 3900 1288 3958 amittit,
1307 3899 1333 3948 id

223 3977 301 4027 posse.
794 3965 876 4023 etiam,
886 3967 956 4026 cujus
967 3964 1073 4028 partium
1086 3965 1148 4014 situs
1160 3973 1185 4014 et
1201 3965 1261 4015 ordo
1276 3980 1331 4013 mu·

256 4029 310 4075 503.
329 4029 386 4074 Tam
394 4030 460 4088 quasi
469 4026 610 4089 talipedans]
623 4029 761 4089 Talipedare
794 4037 866 4088 tatur,
877 4029 979 4077 mortale
989 4028 1021 4077 sit
1032 4045 1130 4078 necesse
1142 4039 1186 4079 est.
1216 4029 1331 4093 8100101-

224 4100 262 4140 est
272 4090 385 4140 vacillare
396 4091 513 4155 pedibus;
532 4101 558 4140 et
568 4091 638 4153 quasi
649 4092 704 4141 talis
721 4092 759 4140 in·
794 4102 834 4142 tur
845 4092 957 4157 egrescit
967 4093 1079 4152 Animus,
1092 4104 1119 4143 ut
1130 4104 1274 4158 armamenta
1290 4109 1331 4143 au·

223 4156 323 4206 sistere:
341 4159 429 4205 Festus.
448 4156 542 4204 Omnes
553 4171 611 4205 vero
627 4157 696 4205 codd.
713 4159 759 4206 Va·
792 4157 878 4222 perias
887 4157 960 4206 allata
976 4159 1087 4222 probant,
1106 4159 1159 4208 sive
1175 4158 1332 4218 convalescit,

223 4223 313 4269 attam.
793 4237 862 4272 suam
873 4222 1046 4273 mortalitatem
1057 4224 1195 4273 confltetur.

256 4285 310 4336 007.
323 4287 384 4336 Α’ἑη
392 4284 484 4348 aperto]
495 4286 525 4333 ln
531 4283 652 4348 supremis
660 4285 759 4333 retheris
826 4289 880 4335 511.
898 4287 1012 4351 neman]
1025 4287 1084 4346 Alii,
1095 4293 1173 4336 uttam.
