2872 4852
153 224 220 288 ms
540 219 584 284 n
614 215 899 314 nocuum

243 377 338 442 Mors
353 387 475 442 aeterna
490 387 598 440 tamen
613 375 714 441 nihilo
727 378 835 441 minus
848 375 903 441 illo
916 378 1080 442 manebit:

166 493 227 540 1105
240 481 314 546 Nec
330 482 435 544 minus
450 477 510 543 lile
525 478 582 544 diu
593 480 662 565 jam
677 481 830 559 nouerit,
845 501 889 564 ex
901 479 1062 546 hodierno

243 582 381 647 Lumine
397 579 453 667 qui
467 581 565 646 linem
580 581 658 645 vitai
675 581 764 659 fecit,
779 591 815 646 et
829 581 888 646 Ille

243 685 416 752 Mensibus
431 694 530 768 atque
546 685 638 748 annis
653 685 709 768 qui
723 682 833 748 multis
846 684 965 748 occidit
979 695 1068 749 ante.

187 936 249 985 Cois
259 934 290 984 de
302 933 416 994 Materia,
428 933 528 997 ejusque
539 933 645 982 motibus
658 931 691 995 (si
723 948 796 995 quam
813 947 845 980 ex
861 931 965 994 alicujus
981 929 1044 981 alitis
1061 932 1169 982 materiae
1185 935 1265 998 parti-

154 1001 227 1050 modo
240 999 434 1065 opinionesque
445 998 628 1074 providentiam
644 997 691 1045 im·
724 997 799 1046 colis:
823 997 888 1060 quod
906 1010 965 1046 vcro
982 1011 1005 1046 v.
1025 999 1081 1046 280.
1097 998 1175 1048 tribus
1196 999 1266 1049 hisce

153 1075 266 1130 pugnent
281 1064 410 1129 excipias),
427 1065 536 1128 disputet
555 1062 691 1121 Lucretius,
724 1063 799 1110 rebus
819 1070 932 1123 quartum
957 1061 1054 1124 aliquod
1082 1062 1266 1113 innominatum

155 1130 210 1193 quis
222 1129 422 1195 philosophorum
432 1127 590 1193 prudentius,
602 1136 645 1176 aut
655 1125 692 1175 rei
724 1126 805 1183 addat,
812 1125 869 1174 ideo
875 1126 1005 1174 confltetur
1012 1126 1106 1176 nulium
1115 1142 1193 1191 genus
1200 1130 1265 1177 Cor-

154 1195 203 1260 ipsi
219 1193 442 1243 accommodasset
468 1193 508 1241 De
523 1194 597 1241 rebus
607 1206 693 1242 veroa
723 1190 791 1255 poris
802 1190 899 1255 concipi
910 1200 952 1239 aut
962 1191 1185 1257 excogitariposse,
1198 1193 1266 1256 quod

154 1275 229 1309 sensu
246 1259 354 1317 remotis,
372 1258 403 1307 de
422 1257 519 1316 Anima,
536 1259 637 1320 eiusque
655 1256 690 1304 fa·
724 1271 811 1304 sensus
821 1254 854 1304 sit
865 1255 1022 1320 principium.

153 1323 285 1373 cultatibus
303 1323 438 1372 disserente
455 1334 529 1370 nemo
545 1321 632 1370 vanior
650 1329 693 1370 sut
758 1319 896 1368 Prudenter
908 1329 990 1369 autem
1006 1318 1088 1370 tenuis
1099 1320 1185 1369 Animi
1196 1320 1265 1370 salu-

153 1388 276 1516 illiti
305 1386 693 1516 rettulitretiulit
723 1384 863 1512 irrisit
880 1384 1264 1512 liitttttt‘lltml‘t·

153 1515 693 1582 Corporeatenuis,oompositaeminutiset
724 1513 780 1565 87⁰.
814 1512 917 1578 Corpori
938 1513 1012 1562 etiam
1028 1514 1169 1563 facultatem
1184 1515 1264 1563 senti-

153 1581 301 1631 volubilibus
320 1580 447 1645 particulis
464 1580 547 1638 Aurae,
566 1579 645 1637 Aeris,
667 1591 692 1627 et
724 1576 782 1627 endi
802 1577 918 1642 largitur:
948 1579 1014 1633 Quid
1036 1588 1119 1628 autem
1144 1579 1263 1629 stultiusr

154 1646 256 1704 Caioris,
264 1651 322 1708 'quae
333 1645 368 1694 ita
384 1660 429 1709 per
441 1652 519 1692 totum
531 1642 626 1707 Corpus
638 1642 692 1692 sitae
724 1641 784 1706 quid
795 1659 809 1691 a
820 1642 943 1692 communi
956 1658 1029 1692 sensu
1040 1643 1176 1692 remotius?
1194 1645 1264 1698 Quid

153 1720 219 1768 sunt,
230 1719 259 1759 ut
269 1710 352 1774 parvis
368 1708 504 1758 intervallis
520 1708 571 1757 sint
581 1723 596 1756 s
608 1722 635 1756 se
650 1706 690 1756 in·
723 1707 829 1770 denique
840 1707 919 1772 ipsius
929 1707 1025 1771 placitis
1034 1709 1115 1757 minus
1124 1725 1264 1757 accommo-

152 1775 232 1825 sicem
243 1775 383 1836 disjunctae;
399 1773 439 1822 his
448 1772 526 1821 tribus
535 1772 610 1821 addas
618 1788 690 1835 quar-
724 1772 824 1820 datumi
854 1770 927 1820 Unde
939 1772 1006 1820 enim
1023 1774 1118 1837 Corpus
1131 1773 1164 1822 sit
1174 1789 1263 1823 sensus

153 1848 206 1888 tum
223 1839 305 1888 neseio
319 1838 377 1902 quid
392 1836 572 1886 innominatum
588 1838 690 1901 persub·
723 1835 846 1901 particeps
857 1835 897 1886 cui
914 1835 975 1884 nihil
992 1847 1085 1900 quartae
1101 1836 1172 1886 istius
1188 1837 1263 1887 inno-

152 1904 204 1963 tile,
217 1914 243 1952 et
254 1903 360 1952 maxime
371 1901 468 1965 mobile,
479 1901 581 1964 quodin
592 1910 692 1966 pectore
724 1901 822 1950 minate
836 1902 873 1951 rei
888 1901 1058 1950 immiscetur?
1086 1902 1183 1951 Deinde
1195 1903 1227 1951 ad
1239 1919 1264 1953 v.
1301 1916 1305 1921 ’

153 1969 228 2018 situm
240 1968 273 2016 sit
286 1984 372 2017 sensus
387 1966 544 2031 principium,
563 1974 588 2014 et
604 1965 690 2030 imagi-
725 1966 779 2014 396.
800 1976 885 2015 contra
904 1966 1074 2016 Democritum
1091 1966 1195 2017 feliciter
1211 1968 1264 2017 dis·

153 2049 197 2082 nes
209 2035 245 2082 ab,
255 2033 368 2082 omnibus
383 2033 456 2081 rebus
467 2029 594 2081 venientes
610 2030 690 2094 perci·
723 2039 801 2095 putet,
818 2047 863 2080 nec
880 2045 998 2106 repugno,
1015 2047 1065 2107 non
1082 2032 1148 2080 euim
1164 2031 1265 2095 inquiro

152 2097 693 2227 tia{tltultlffttntt'tlitt
724 2096 1265 2219 mitteretis}illiti?

152 2243 269 2277 araneum
292 2227 318 2276 in
340 2226 440 2292 pyxide,
462 2240 507 2292 per
524 2234 600 2274 totam
619 2225 691 2274 istius
723 2225 779 2288 pori
795 2226 990 2274 conservandum
1010 2225 1121 2284 credidit,
1138 2225 1173 2274 sic
1189 2227 1222 2275 ad
1238 2243 1263 2276 v.

152 2293 251 2358 pyxidis
260 2292 390 2342 cavitatem
402 2291 475 2341 telam
486 2300 560 2349 texat,
572 2290 689 2339 mediam·
723 2289 779 2341 417.
804 2288 921 2356 Corporis
931 2291 1066 2340 custodiam
1078 2291 1185 2340 vicissim
1197 2292 1262 2341 Ani·

153 2374 201 2422 que
212 2357 265 2422 ipse
276 2357 381 2414 incolat,
399 2355 514 2406 advolent
523 2354 612 2404 deinde
623 2368 689 2404 mus·
723 2370 765 2402 mo
786 2354 956 2403 commendet:
987 2354 1060 2404 istam
1088 2356 1191 2404 tutelam
1213 2373 1265 2406 non

153 2439 196 2482 eoe,
208 2431 233 2471 et
245 2423 286 2471 fila
296 2431 420 2481 moveant,
431 2437 479 2485 quo
490 2429 559 2470 motu
571 2420 691 2470 excitatus
723 2418 839 2476 inrideat
867 2429 1012 2483 argumenta
1032 2436 1090 2469 vero
1113 2419 1201 2483 quibus
1223 2422 1263 2487 ip-

152 2503 256 2536 araneus
269 2488 394 2536 filamenta
410 2495 503 2544 tractet,
517 2501 612 2552 muscas
629 2485 690 2533 irre·
724 2499 778 2533 sum
791 2483 909 2533 Animum
918 2500 949 2533 ex
967 2494 1050 2548 ugnat,
1062 2486 1254 2536 consideremus.

152 2551 206 2611 tiat,
223 2563 247 2601 et
263 2561 347 2616 captas
367 2551 483 2600 devoret:
506 2549 559 2598 haec
581 2548 690 2614 concipe,
757 2547 874 2607 Primum,
887 2564 902 2597 a
913 2565 936 2598 s.
948 2501 1004 2598 ias.
1016 2547 1048 2597 ad
1059 2565 1081 2599 v.
1094 2551 1149 2599 446.
1162 2559 1264 2601 tenuem

152 2626 178 2666 et
192 2617 293 2665 habebis
309 2617 442 2680 imaginem
454 2613 583 2680 Epicureae
593 2614 692 2663 Animas
724 2622 749 2662 et
773 2612 888 2662 subtilem
911 2614 1060 2678 Corporeum
1088 2615 1263 2675 Substantiam,

151 2677 564 2794 tittmlllnltsdl
582 2694 691 2792 ”tid
722 2677 950 2792 illilinimlll
966 2678 1154 2793 mittit?
1172 2679 1264 2793 itit

154 2779 467 2874 Philosophocolumentai
557 2759 599 2808 lgn
722 2806 788 2866 licet,
801 2752 1104 2873 Corgdlglusosiitdnimus,
1116 2818 1141 2857 et
1150 2758 1263 2872 qltlamvis

185 2873 302 2922 Animam
319 2889 368 2921 non
384 2888 437 2921 esse
448 2871 565 2935 Corporis
582 2872 690 2920 Harmo·
723 2887 826 2931 crassus,
847 2881 873 2921 et
891 2888 905 2920 e
923 2871 1050 2936 particulis
1068 2873 1101 2922 im
1120 2873 1182 2923 lexis
1201 2890 1262 2923 cou-

152 2937 278 2987 niamav.
291 2939 330 2986 94.
340 2937 371 2986 ad
383 2952 405 2985 v.
421 2937 473 2985 1³6.
483 2937 543 2986 satis
554 2938 691 3001 probatum.
720 2939 820 3000 Junctus
842 2936 883 2997 sit,
905 2951 963 2986 eum
989 2946 1072 2987 tamen
1112 2938 1118 2949 '
1145 2939 1263 2988 olubilem

152 3003 216 3053 Inde
228 3002 347 3065 usquead
358 3019 380 3051 v.
395 3002 448 3050 162.
460 3001 551 3050 frustra
562 3001 688 3060 Animum,
721 3002 821 3050 fatebor.

152 3067 287 3117 Dominum
304 3066 350 3116 via
369 3064 411 3116 viii
427 3080 499 3115 servo
516 3064 614 3115 Anime
630 3079 688 3114 con·
755 3067 902 3126 Secundum,
925 3081 940 3116 a
962 3083 984 3117 v.
1013 3067 1069 3116 445.
1095 3065 1127 3116 ad
1154 3083 1177 3117 v.
1200 3069 1259 3119 459.

148 3132 244 3197 jungit:
262 3131 402 3190 vehementi
417 3139 484 3180 metu
495 3146 614 3180 concusso
625 3130 688 3179 Ani-
721 3129 841 3190 Tertium,
869 3148 884 3182 a
911 3146 934 3181 v.
958 3133 1014 3181 460.
1042 3132 1074 3182 ad
1101 3149 1124 3181 s.
1149 3133 1205 3180 464.
1235 3143 1263 3183 et

150 3214 199 3256 mo,
210 3197 304 3246 laborat
316 3195 414 3254 Anima,
426 3196 510 3255 fateor,
523 3195 557 3244 sic
569 3204 689 3244 tremente
721 3197 851 3255 Quartum,
874 3212 889 3245 a
906 3213 929 3246 v.
947 3199 1004 3246 464.
1025 3198 1057 3246 ad
1078 3213 1100 3247 v.
1118 3196 1174 3248 473.
1197 3197 1262 3246 nihil

149 3262 281 3312 citharaedo
304 3261 399 3310 debitos
426 3277 498 3310 sonos
520 3260 614 3309 cithara
639 3276 689 3309 non
721 3261 849 3310 efficiunt:
878 3261 998 3310 Animum
1027 3260 1093 3310 enim
1124 3277 1173 3311 una
1203 3278 1262 3311 cum

150 3327 237 3377 reddit
272 3320 330 3375 Pari
341 3341 455 3376 successu
465 3326 622 3390 usqueadv.
634 3325 687 3377 177.
721 3326 830 3390 Corpore
852 3326 927 3385 nasci,
951 3327 1096 3384 adolescere,
1122 3335 1148 3375 et
1174 3341 1261 3375 senes-

150 3391 271 3440 Animum
287 3392 438 3456 Corporeum
455 3407 509 3440 esse
520 3390 633 3440 evincere
647 3406 688 3439 co·
721 3406 777 3440 cere
793 3390 894 3440 minime
911 3391 1043 3448 sentimur:
1067 3392 1164 3455 Corpus
1182 3390 1261 3451 nasci,

150 3456 536 3520 natur,quodeoimsrgumentis
545 3456 690 3504 confirmare
721 3456 868 3515 adolescere,
891 3465 964 3520 atque
982 3470 1109 3506 senescere
1131 3455 1262 3516 sentimus,

150 3520 242 3578 debuit,
259 3521 285 3568 id
297 3530 412 3583 tanquam
422 3529 518 3570 certum
533 3520 581 3570 sibi
597 3520 686 3576 sumite
720 3520 746 3568 in
770 3520 862 3569 Animo
880 3536 959 3585 neque
978 3521 1161 3570 decrementum
1178 3534 1262 3584 neque

150 3584 310 3648 pertinaciter
332 3585 398 3634 enim
421 3586 570 3635 affirmomiss
588 3593 687 3634 contac·
719 3584 899 3634 incrementum
920 3585 1076 3651 experimur3
1103 3595 1129 3634 at
1150 3585 1261 3636 semin

150 3658 203 3697 tum
214 3662 287 3713 posse
299 3661 353 3698 esse
364 3651 418 3698 sine
430 3651 546 3714 Corpore.
719 3649 814 3698 infante
830 3664 880 3698 non
896 3650 964 3714 viget
980 3650 1092 3708 Animus,
1105 3649 1132 3699 in
1143 3665 1203 3699 sene
1214 3651 1261 3699 de-

183 3713 251 3761 Dum
268 3727 325 3761 vero
337 3714 453 3763 Animam
468 3715 616 3778 Corpoream
633 3728 688 3762 esse
719 3713 787 3763 ficit:
805 3728 855 3776 quo
872 3716 1032 3778 trgumemol
1054 3730 1142 3780 nempe
1158 3714 1201 3763 ine
1218 3724 1262 3766 tus

149 3776 258 3826 nondum
274 3778 422 3840 probaverit,
434 3779 534 3841 quidde
550 3776 685 3826 illiussub·
719 3787 758 3827 est
777 3791 846 3842 puer,
868 3786 894 3826 et
911 3793 987 3828 senex
1007 3779 1104 3844 desipit
1140 3779 1166 3829 Sl
1193 3779 1262 3830 ⁸’ter

148 3841 237 3891 tilitate
255 3857 332 3904 usque
350 3842 380 3890 ad
399 3859 422 3891 v.
441 3844 496 3891 231.
513 3841 685 3905 inquiramus?
719 3842 838 3891 artificem
853 3842 1029 3906 peritissimum
1044 3843 1071 3893 in
1083 3845 1196 3894 machina
1207 3846 1260 3894 coi-‘

150 3906 287 3956 Fatendum
315 3913 397 3954 tamen
430 3906 530 3955 Poetam
559 3904 688 3955 evidenter
718 3907 791 3966 loces,
807 3906 861 3955 aliae
877 3922 935 3956 vero
951 3917 1034 3972 partes
1050 3909 1121 3958 istius
1138 3909 1262 3960 msebime

149 3973 327 4021 demonstrasse
362 3970 459 4019 Anima
497 3969 686 4035 porticulum
719 3970 793 4020 nimis
808 3971 939 4034 rigescant,
956 3972 1010 4020 alise
1026 3973 1076 4021 sint
1092 3989 1161 4037 aequo
1174 3973 1259 4023 flacci-

147 4037 220 4087 modo
231 4036 267 4084 Co
312 4050 355 4084 rea
370 4033 446 4098 foret)
457 4035 546 4083 debers
557 4049 610 4082 esse
626 4037 684 4084 sub-
716 4035 805 4094 diores,
821 4037 964 4086 deterantur
979 4037 1040 4096 alie,
1054 4038 1108 4086 sliae
1119 4047 1202 4087 autem
1219 4039 1260 4088 ni-

148 4101 205 4151 tiies
216 4052 385 4157 etvdldbilem
402 4113 448 4148 nec
464 4099 501 4174 de·
509 4098 685 4174 compositione
716 4100 764 4149 mis
776 4109 932 4164 turgescant:
949 4110 975 4149 et
984 4102 1073 4151 deinde
1083 4103 1157 4152 stulte
1166 4117 1259 4168 expec-

147 4167 245 4217 Animae
253 4181 330 4229 usque
341 4165 372 4214 ad
383 4181 405 4214 v.
419 4166 473 4213 323.
485 4164 616 4227 negemus,
627 4177 684 4213 nam
717 4164 780 4214 tabis
802 4164 927 4214 ordinatos
948 4175 1035 4224 motus,
1064 4167 1122 4216 licet
1150 4168 1260 4219 maxime

148 4242 180 4282 es
197 4231 276 4290 A'e‘ris,
294 4231 377 4288 Aurae,
393 4239 419 4279 et
436 4227 530 4278 caloris
550 4226 683 4278 seminibus
716 4229 824 4279 elaboret
839 4230 1003 4294 peritissimus
1019 4231 1168 4281 illesrtiiex.
1204 4233 1259 4282 De-

148 4310 197 4345 non
220 4297 302 4346 minus
323 4304 380 4361 apte
407 4301 537 4359 componat
563 4291 683 4342 Animum
715 4292 773 4343 inde
799 4310 876 4356 emas,
904 4295 1046 4360 luctumque
1068 4296 1171 4360 suscipit
1192 4299 1257 4348 Aui-
