2872 4852
229 224 272 286 52
587 236 592 244 '
611 221 652 286 T.
686 220 957 287 LUCRETII

250 389 297 436 99⁵
318 377 472 443 Partibus
487 379 520 442 in
535 379 673 455 cunctis,
689 389 876 464 aeternaque
892 379 1145 464 suppeditantur

319 479 375 544 Ex
390 480 524 546 Infinito
539 482 602 546 cita
617 502 756 565 corpora
770 479 934 546 Materiai.

361 582 534 647 Postremo
547 594 623 647 ante
639 581 751 649 oculos
766 605 835 647 rem
849 605 902 647 res
917 582 1011 648 finire
1026 583 1174 662 videtur3

317 683 393 752 Aer,
404 686 542 770 dissepit
557 684 688 763 Colleis,
705 696 803 770 atque
814 684 910 749 ’Αὸιο
924 684 1070 762 Montes,

316 787 424 853 Terra
440 788 547 866 Mare,
563 799 597 852 et
611 798 725 853 contra
739 787 836 852 Mare
850 787 974 852 Terras
991 789 1141 853 terminat
1156 791 1297 856 omneis:

243 900 304 947 1000
317 889 427 955 Omna
441 892 574 975 quidem
589 913 666 955 vero
681 889 762 954 nihil
776 902 827 955 est
841 891 931 974 quod
945 889 1038 954 finiat
1052 901 1156 956 extra.

317 993 383 1058 Est
396 994 496 1078 igitur
511 1004 629 1058 natura
643 992 716 1070 loci,
733 992 938 1077 spatiumque
954 991 1120 1077 profundi,

316 1095 417 1168 Quod
432 1118 538 1181 neque
554 1095 640 1161 clara
656 1118 715 1161 suo
732 1117 924 1180 percurrere
939 1094 1072 1159 flumina
1086 1117 1186 1161 cursu
1247 1115 1250 1123 ·

317 1197 483 1283 Perpetuo
497 1199 623 1283 possint
639 1199 699 1263 aevi
713 1197 855 1262 labentia
870 1207 995 1262 tractu:

316 1300 392 1365 Nec
405 1322 556 1385 prorsum
572 1301 692 1377 facere,
707 1311 745 1365 ut
759 1310 861 1365 restet
876 1301 980 1364 minus
995 1300 1055 1378 ire,
1069 1299 1224 1365 meando:

242 1414 304 1460 1005
317 1402 433 1487 Usque
448 1403 531 1470 adeo
546 1403 667 1487 passim
681 1412 774 1487 patet
788 1403 903 1487 ingens
919 1403 1013 1487 copia
1027 1404 1139 1481 rebus,

313 1503 449 1569 Finibus
464 1507 624 1591 exemptis
639 1507 673 1569 in
687 1516 821 1570 cunctas
837 1507 982 1589 undique
997 1506 1130 1590 parteis.

358 1607 435 1691 Ipsa
450 1607 581 1671 modum
595 1629 695 1690 porro
710 1607 773 1672 sibi
787 1629 896 1672 rerum
912 1607 1044 1672 Summa
1058 1618 1176 1691 parare
1237 1664 1240 1670 .

314 1708 369 1771 Ne
384 1709 499 1792 possit,
515 1708 646 1772 Natura
660 1718 769 1772 tenet:
794 1710 871 1792 quia
886 1709 1015 1794 Corpus
1032 1709 1137 1787 Inani,

315 1808 361 1873 Et
376 1810 466 1894 quod
480 1809 582 1875 Inane
598 1821 706 1875 autem
721 1810 772 1888 ’st,
787 1808 874 1875 finiri
889 1810 1036 1896 Corpore
1052 1813 1158 1897 cogit3

241 1924 304 1972 1010
316 1911 365 1975 Ut
380 1913 425 1976 sic
440 1910 573 1976 alternis
589 1911 721 1978 Infinita
735 1912 841 1975 omnia
855 1912 985 1976 reddat.

315 2013 387 2079 Aut
402 2015 509 2093 etiam,
526 2013 717 2079 alterutrum
731 2015 793 2078 nisi
809 2014 959 2078 terminet
974 2012 1111 2080 alterum
1126 2037 1250 2095 eorum,

259 2234 314 2282 995.
326 2233 636 2300 AEterrmquc]1afernaqae,
647 2236 676 2285 B.
688 2244 713 2285 et
723 2235 765 2285 alii
797 2236 950 2301 probaverat,
961 2237 1071 2298 Corpora
1081 2249 1138 2284 vero
1147 2232 1224 2292 finita,
1235 2241 1264 2282 ut
1273 2233 1341 2282 Sto'r'-

226 2297 336 2354 codices3
354 2300 421 2348 nullo
433 2316 514 2350 sensu.
797 2301 833 2350 cis
840 2301 940 2365 placuit,
950 2300 1141 2349 dissolverentur
1151 2297 1246 2354 omnim
1262 2307 1340 2362 rupta

259 2362 314 2415 997.
322 2366 439 2414 Postremo
446 2363 571 2429 antarta]
579 2364 637 2414 Alio
645 2364 684 2414 his
693 2381 715 2414 v.
727 2367 764 2414 10.
798 2364 864 2414 enim
875 2364 956 2414 subito
968 2380 1092 2428 compage,
1105 2363 1176 2412 finita
1186 2361 1281 2412 semina
1290 2378 1341 2426 per

225 2427 303 2476 utitur
317 2439 475 2493 argumento:
493 2430 617 2494 Quicquid
631 2430 698 2479 enim
715 2441 764 2479 ter·
797 2430 944 2479 immensum
974 2430 1051 2478 Inane
1074 2429 1258 2492 dissiparentur,
1284 2427 1340 2476 imo

188 2518 192 2524 ·
224 2492 333 2542 minatur
354 2496 385 2543 ab
402 2495 483 2558 aliquo
503 2497 568 2559 quod
585 2505 655 2544 extra
672 2511 699 2544 se
719 2504 763 2554 est,
797 2510 922 2558 nunquam
932 2493 1086 2552 coaluissent,
1096 2509 1153 2541 cum
1164 2492 1234 2541 finita
1242 2490 1341 2541 semina

225 2557 322 2614 linitum
335 2557 370 2606 sic
378 2561 420 2607 a'e'r
428 2559 544 2608 terminat
551 2570 653 2617 montes,
662 2567 687 2608 et
693 2575 763 2607 mon-
796 2559 823 2606 in
839 2559 912 2607 Inani
929 2559 1026 2606 infinito
1038 2558 1116 2606 semel
1125 2557 1236 2622 dispersa
1245 2572 1338 2620 perpe·

225 2625 361 2679 tenerem,
378 2639 445 2672 mare
462 2633 547 2682 terras,
563 2631 587 2672 et
601 2633 673 2672 terra
688 2639 764 2672 mare.
797 2632 1005 2688 tuovagarentun
1039 2623 1101 2670 Hac
1119 2622 1202 2670 omnia
1213 2621 1342 2686 Epicurus

224 2687 260 2733 At
271 2686 325 2748 quis
336 2685 427 2735 dixerit
437 2685 530 2750 aliquid
547 2703 601 2736 esse
618 2697 688 2737 extra
704 2687 761 2736 Uni·
796 2685 850 2751 ipse
870 2689 902 2736 ad
925 2688 1096 2736 Herodotum:
1118 2686 1167 2735 stre
1187 2685 1235 2749 γὰρ
1256 2684 1288 2743 ἣν
1306 2685 1341 2734 rb

224 2750 765 2878 ‘tt‘trttlffiltttlttstt⁰533?
798 2747 1340 2876 {ilbiillilssiiiffltiim

224 2882 285 2927 versi
306 2894 370 2942 pars,
394 2879 542 2928 Universum
566 2879 632 2928 enim
655 2881 765 2929 continet
796 2899 852 2943 pero
864 2880 926 2929 rard
939 2879 969 2929 rb
983 2880 1080 2943 ἄπειρον
1090 2879 1160 2929 aruba
1170 2883 1240 2928 διεσπ
1267 2897 1286 2939 μ
1314 2898 1340 2939 α,

224 2959 296 2991 omne
312 2944 376 3006 quod
388 2947 442 2993 estl
472 2944 602 2993 Concludit
614 2945 690 3008 igitur
705 2948 763 2994 Um·-
798 2946 841 2994 aba
853 2943 944 3008 ἔχόντιι
953 2945 985 2994 τὰ
994 2944 1153 3008 ὑπερε1δοντα,
1165 2944 1205 2993 acl
1215 2961 1247 2994 στ
1260 2953 1337 2994 λλον-

223 3024 311 3056 aarum
334 3024 388 3056 esse
409 3009 564 3068 immensum,
588 3025 690 3072 eamque
714 3009 761 3058 im·
796 3028 829 3058 rs
839 3009 902 3059 κατὰ
911 3009 956 3059 τὰς
967 3007 1103 3060 ἀντικοπάς.

223 3072 379 3120 mensitatem
408 3073 525 3138 praeclara
552 3074 690 3138 periphrasi
719 3074 761 3123 de·
830 3076 900 3123 1010.
918 3078 950 3124 Ut
962 3079 997 3124 εἰσ
1011 3073 1121 3138 alternis]
1139 3077 1213 3136 thue
1226 3076 1259 3122 stt
1274 3076 1336 3124 alte-

223 3136 315 3186 scribit
795 3143 852 3197 rius,
865 3139 1004 3188 B.frustra

258 3203 327 3251 1002.
341 3203 460 3266 Flamina]
471 3203 554 3266 Aliqui
566 3203 630 3262 libri,
643 3213 671 3252 ut
680 3214 706 3252 et
714 3204 761 3253 Na.
830 3205 979 3263 1011,1012.
991 3207 1042 3252 Ant
1052 3208 1128 3263 ettam,
1141 3206 1279 3252 alterutram
1289 3207 1340 3254 ttici

223 3269 347 3322 Fulminat
363 3269 415 3317 haeo
427 3285 475 3317 vox
487 3277 511 3316 et
524 3268 643 3317 Lambino
659 3269 763 3318 etGifa·
795 3273 903 3319 innaret
918 3272 1015 3318 alterum
1032 3286 1115 3328 eorum,
1128 3271 1235 3330 Saaplt'ce
1249 3276 1338 3318 natura

222 3332 263 3381 nio
278 3333 417 3410 displicuit;
435 3350 489 3383 eam
504 3334 584 3383 Faber
598 3332 761 3398 amplectitur,
795 3342 818 3383 et
831 3342 915 3396 pateat
929 3343 1020 3383 tantam
1033 3332 1221 3397 Immodaratam]
1240 3334 1279 3382 De
1295 3333 1339 3383 bia

222 3411 253 3445 an
265 3410 360 3457 mento,
369 3399 482 3461 judicent
491 3399 541 3448 alii.
794 3398 890 3449 duobus
901 3399 1012 3449 versibus
1023 3398 1091 3448 varia
1107 3398 1202 3453 critici;
1219 3397 1338 3462 inpriori

257 3463 326 3510 1003.
338 3463 443 3527 Possint]
454 3466 568 3523 Possunt,
580 3465 636 3512 MS.
649 3474 675 3513 et
685 3463 735 3513 Gis.
794 3468 816 3513 si
825 3481 872 3528 pro
882 3469 928 3514 nisi
939 3464 999 3528 legit
1010 3465 1037 3512 P.
1046 3479 1091 3512 nec
1102 3463 1213 3527 agnoscit
1221 3462 1338 3526 copulam

257 3527 326 3575 1004.
344 3531 391 3586 Ire,
407 3529 512 3592 meando]
530 3533 560 3578 In
576 3532 703 3589 remeando,
715 3529 760 3579 ali-
794 3537 817 3578 et
839 3529 866 3578 in
886 3528 1016 3594 posteriori
1040 3544 1119 3577 versu
1154 3528 1185 3576 ln
1205 3526 1337 3591 posteriori

222 3589 272 3651 qui,
284 3600 312 3638 ut
323 3602 407 3640 monet
418 3593 468 3641 Gif.
794 3609 840 3658 pro
852 3602 950 3652 tautum,
966 3602 1048 3651 tamen,
1061 3594 1090 3641 B.
1104 3594 1131 3641 P.
1144 3593 1194 3640 Gif.
1212 3594 1268 3641 Par.
1280 3608 1336 3641 om-

257 3654 326 3706 1007.
338 3658 392 3718 Ipsa
403 3660 499 3714 modum,
508 3657 564 3720 ete]
576 3658 677 3716 Iterum,
687 3674 710 3707 v.
723 3661 760 3707 13.
795 3673 887 3720 resque
899 3659 973 3706 MSS.
986 3667 1014 3706 ut
1028 3657 1119 3706 fatetur
1134 3657 1275 3715 Lambinus,
1288 3672 1337 3706 nec

226 3721 360 3768 Universum
370 3736 423 3768 esse
434 3720 559 3770 infinitum
570 3723 657 3785 probat
669 3723 761 3770 Lucre·
795 3731 931 3785 agnoscunt
957 3721 1070 3786 copulam
1096 3730 1127 3771 ct.
1169 3722 1337 3771 Posteriorem

221 3783 278 3842 tius,
289 3783 346 3846 quia
358 3785 453 3848 Corpus
467 3795 492 3833 et
511 3785 588 3834 Inane
604 3801 658 3835 sese
675 3796 760 3834 mutuo
794 3801 891 3835 versum
919 3785 1082 3835 adulterinum
1110 3802 1164 3835 esse
1192 3786 1337 3836 existimant

221 3848 361 3906 terminant,
373 3864 405 3896 ex
420 3849 468 3897 ista
481 3859 563 3898 autem
574 3860 660 3898 mutua
675 3850 760 3898 termi-
793 3849 907 3899 Gifanius
924 3861 949 3898 et
964 3851 1064 3909 Parcus,
1081 3850 1186 3914 ideoque
1202 3851 1335 3914 rejiciunt:

220 3912 320 3962 natione
325 3929 424 3961 necesse
429 3924 467 3962 est
472 3922 499 3961 ut
504 3913 655 3962 immensitas
660 3913 761 3974 oriatur,
793 3915 902 3963 Auratus
913 3914 982 3978 legit,
992 3919 1043 3964 Aut
1051 3920 1128 3975 etiam,
1141 3920 1277 3965 atterutrum
1287 3920 1337 3966 atat

220 3977 335 4039 quoniam
346 3987 467 4037 neutrum,
479 3993 558 4040 neque
568 3979 670 4042 Corpus,
681 3993 760 4041 neque
794 3983 900 4028 terminet
916 3982 1014 4030 altarum
1025 3998 1108 4039 eorum,
1124 3983 1231 4043 Simpb'rc
1248 3989 1337 4032 actara

222 4043 299 4092 Inane
315 4052 464 4107 potestesse
482 4041 604 4102 ultimum,
616 4045 685 4104 cujus
702 4058 760 4092 vero
790 4052 873 4105 puteat
886 4047 1155 4095 Totums'mmoderatum.
1190 4046 1239 4094 Per
1252 4048 1336 4095 Totus·

220 4107 286 4156 nidls
294 4123 352 4172 pars
359 4116 439 4171 potest
447 4122 500 4156 esse
510 4106 611 4164 Ultima,
618 4107 644 4155 id
651 4107 759 4171 profecto
791 4108 946 4173 iutelligitrb
957 4111 1017 4159 πᾶνι
1035 4112 1100 4173 quod
1116 4110 1177 4159 alias
1195 4110 1337 4174 appellatur

219 4172 350 4221 inlinitum.
385 4172 412 4220 Si
428 4181 510 4220 autem
527 4171 672 4220 alterutrum
685 4171 757 4234 (Cor-
794 4177 871 4222 Omna.
905 4177 1167 4224 Immoderctumaatem
1178 4174 1335 4237 simplicem-

253 4254 266 4286 s
282 4235 341 4300 viz.)
358 4253 407 4285 non
424 4236 507 4286 finuet
522 4236 627 4285 alterum
645 4236 757 4298 (Inane),
791 4247 852 4296 tura,
863 4238 1033 4289 estinfinitum
1043 4255 1092 4288 una
1101 4249 1189 4289 natura
1198 4239 1243 4288 viu
1253 4242 1334 4291 Inani.

218 4253 297 4352 iliano
309 4311 391 4352 autem
403 4312 468 4352 essct
478 4300 609 4362 infinitum,
622 4302 688 4364 quod
699 4301 757 4350 olim
792 4303 825 4351 Et
841 4303 904 4353 hanc
915 4303 1046 4354 lectionem
1057 4304 1213 4369 amplectitur
1224 4305 1336 4355 Gassen.
