2872 4852
217 257 283 327 306
596 259 639 326 T.
671 250 944 326 LUCRETII
971 276 977 286 ’

306 416 500 502 Impendent
515 426 594 482 atrae
609 416 789 481 formidinis
804 439 862 481 ora
878 437 1030 502 superne,
1059 410 1062 413 ’

310 519 393 583 Cum
408 517 583 584 commoliri
598 529 776 604 tempestas
792 511 925 584 fulmina
939 528 1073 604 coeptat.

245 632 292 678 255
351 621 529 699 Praeterea,
546 639 694 706 persaepe
709 623 803 707 niger
817 637 948 706 quoque
963 644 1024 706 per
1038 610 1131 686 mare*
1141 620 1301 699 Nimbus,
1314 637 1320 670 :

311 723 359 788 Ut
373 726 453 809 picis
469 747 487 789 e
503 725 585 790 coelo
601 726 776 790 demissum
790 726 922 803 flumen,
938 726 972 789 in
985 725 1090 788 undas
1222 739 1224 743 “

309 826 364 891 Sic
380 829 478 906 cadit,
494 839 528 893 et
542 827 646 891 fertur
661 828 804 893 tenebris
820 826 946 914 procul,
963 837 997 892 et
1012 826 1112 890 trahit
1126 836 1231 890 atram

309 927 511 994 Fulminibus
526 929 693 1014 gravidam
707 940 945 1015 tempestatem,
962 939 1060 1013 atque
1075 920 1240 1013 procellis,

311 1030 459 1116 Ignibus
475 1055 514 1098 ae
528 1033 632 1097 ventis
648 1032 832 1117 cumprimis
847 1033 919 1117 ipse
934 1031 1078 1116 repletus
1091 1056 1099 1113 ς

247 1143 295 1192 260
310 1132 349 1197 In
365 1144 452 1199 terra
468 1156 598 1219 quoque
613 1144 653 1198 ut
665 1131 866 1211 horrescant,
883 1156 920 1199 ac
935 1144 1021 1199 tecta
1035 1132 1212 1216 requirant.

309 1236 363 1300 Sic
378 1237 477 1322 igitur
492 1258 611 1320 supera
625 1246 773 1308 nostrum
787 1246 887 1320 eaput
900 1258 973 1301 esse
988 1235 1170 1320 putandum
1184 1233 1226 1298 ’st

309 1336 555 1422 Tempestatem
571 1337 684 1403 altam:
707 1342 814 1423 neque
828 1338 913 1401 enim
927 1336 1064 1423 caligine
1078 1346 1170 1402 tanta

309 1440 499 1505 Obruerent
513 1451 630 1518 terras,
646 1440 708 1505 nisi
722 1439 918 1504 inaedificata
933 1451 1075 1524 superne

310 1542 419 1608 Multa
434 1544 540 1607 forent
554 1541 663 1607 multis
679 1553 807 1607 exemto
821 1540 947 1607 Nubila
963 1541 1050 1606 sole:
1092 1548 1094 1552 ’

246 1655 293 1702 265
308 1643 383 1709 Nec
399 1654 490 1708 tanto
504 1653 640 1729 possent
653 1643 726 1710 haee
740 1655 844 1710 terras
860 1643 1043 1729 opprimere
1057 1643 1163 1721 imbri,

157 1742 158 1746 ’
310 1745 459 1809 Flumina
473 1746 641 1810 abundare
656 1756 694 1811 ut
708 1745 864 1824 facerent,
879 1767 1077 1831 camposque
1092 1755 1216 1824 natare,

314 1840 430 1913 Sinon
446 1849 620 1912 exstructis
636 1847 721 1913 foret
735 1849 800 1914 alte
814 1849 971 1914 Nubibus
987 1848 1100 1914 aether.

328 1991 329 1994 =
354 1950 418 2014 His
434 1950 676 2034 igitur‘Ventis,
694 1961 791 2037 atque
806 1950 942 2037 Ignibus
958 1951 1064 2016 omnia
1078 1950 1175 2035 plena

313 2053 413 2131 Sunt3
436 2052 511 2118 ideo
525 2054 648 2138 passim
662 2051 821 2131 fremitus,
838 2063 871 2118 et
887 2052 1018 2139 fulgura
1030 2051 1136 2117 fiunt:

249 2166 297 2218 270
312 2151 446 2240 Quippe
462 2155 580 2220 etenim
595 2176 715 2240 supera
730 2147 837 2234 docui,
853 2155 1014 2241 permulta
1026 2146 1156 2240 vaporis

311 2257 442 2323 Semina
455 2256 578 2322 babere
594 2280 691 2322 cavas
705 2259 840 2336 nubeis3
865 2269 898 2323 et
912 2257 1014 2322 multa
1027 2280 1163 2324 necesse
1176 2258 1218 2323 ’st

313 2359 494 2444 Concipere
509 2381 552 2424 ex
565 2357 650 2423 Solis
666 2357 777 2437 radiis,
794 2360 976 2444 ardoreque
992 2382 1115 2425 eorum.

313 2461 379 2526 Hic
394 2462 452 2526 ubi
466 2461 595 2527 Ventus
609 2483 665 2525 eas
675 2461 765 2526 idem
779 2463 836 2548 qui
849 2453 936 2547 cogit
951 2463 984 2526 in
999 2485 1099 2527 unum

313 2563 412 2628 Forte
427 2562 533 2629 locum
548 2564 703 2649 quemvis,
719 2564 882 2649 expressit
896 2563 997 2629 multa
1011 2566 1140 2650 vaporis

250 2676 297 2728 27⁵
313 2665 455 2743 Semina,
472 2688 572 2750 seque
589 2663 682 2730 simul
696 2688 769 2732 cum
784 2688 824 2731 eo
839 2667 1040 2733 commiscuit
1054 2669 1142 2753 igni3

314 2767 501 2832 Insinuatus
516 2768 562 2831 ibi
576 2766 706 2833 Vortex
720 2778 870 2834 versatur
884 2770 917 2833 iu
932 2768 1009 2847 alto,

317 2869 365 2933 Et
379 2869 491 2934 calidis
505 2871 593 2934 acuit
606 2869 744 2935 Fulmen
758 2870 943 2937 fornacibus
961 2872 1067 2955 intus:

314 2970 403 3035 Nam
416 2969 539 3055 duplici
549 2972 674 3036 ratione
689 2973 888 3051 accenditur,
905 2973 983 3059 Ipse
1000 2996 1148 3039 suanam

229 3132 232 3139 .
248 3095 251 3100 ·
315 3072 501 3139 Mobilitate
515 3072 658 3151 calescit,
675 3084 708 3139 et
722 3096 743 3140 e
756 3078 949 3159 contagibus
964 3077 1060 3161 ignis.

230 3189 232 3191 ’
252 3188 300 3237 280
314 3175 397 3240 Inde
406 3175 469 3240 'ubi
482 3174 642 3261 percaluit
655 3174 703 3240 vis
718 3175 830 3254 Venti,
846 3176 898 3242 vel
912 3178 1020 3261 gravis
1036 3177 1127 3262 Ignis

317 3278 463 3363 Impetus
479 3279 632 3357 incessit;
655 3288 816 3343 maturum
830 3289 899 3343 tum
914 3281 1007 3363 quasi
1023 3275 1160 3345 Fulmen

318 3379 503 3451 Perscindit
517 3381 625 3447 subito
640 3380 784 3458 Nubem,
800 3379 968 3464 ferturque
984 3382 1127 3447 coruscis

321 3481 440 3546 Omnia
454 3482 628 3548 luminibus
642 3481 783 3548 lustrans
798 3481 1026 3568 loeapereitus
1042 3482 1159 3548 ardor:

257 3683 312 3735 257.
330 3685 370 3731 Sta
381 3689 452 3743 cadit,
464 3693 488 3734 et
492 3685 573 3749 fertur
589 3688 689 3734 tenebis
703 3703 758 3748 pro-
791 3685 917 3749 primuut:
942 3701 988 3734 uec
1005 3685 1077 3735 video
1093 3700 1138 3734 eur
1154 3682 1212 3734 huic
1230 3683 1334 3734 lectioni

224 3746 274 3811 cul]
287 3748 383 3805 Fateor,
395 3764 474 3811 neque
486 3765 525 3798 me
536 3749 602 3798 illius
613 3749 696 3825 pudet,
709 3765 760 3797 non
791 3750 936 3814 preferatur
947 3749 1002 3807 alia,
1019 3753 1069 3799 Nec
1085 3754 1146 3799 tanti
1158 3757 1251 3814 possent
1268 3753 1334 3799 sens·-

222 3811 341 3874 intelligo,
354 3812 412 3873 quid
430 3814 476 3861 boc
493 3814 526 3862 sit
543 3815 643 3876 negotii,
662 3816 760 3862 Nimbus
792 3822 855 3864 entes
866 3818 992 3876 oppetam
1002 3819 1092 3864 imbres.

217 3876 298 3940 serta
314 3879 413 3924 tenebris
427 3881 524 3937 procul:
549 3877 605 3940 lego
622 3888 711 3936 autem,
728 3882 761 3927 Et
826 3877 881 3929 276.
899 3879 997 3942 [salto]
1012 3878 1121 3929 lucaris
1133 3877 1178 3928 via.
1191 3888 1216 3928 et
1229 3877 1334 3943 profun-

219 3941 300 4006 fertur
312 3943 411 3989 tenebris
419 3944 518 4002 procul:
537 3941 622 3990 Faber.
646 3941 700 4006 Ego
717 3958 760 3991 au·
795 3942 833 3992 dis
843 3941 945 3992 nubium
956 3943 1087 4008 speluncis.

223 4014 272 4056 tem
291 4005 376 4054 videor
394 4004 552 4064 intellexisse,
572 4021 668 4070 nempe,
682 4006 764 4070 sertus
828 4006 883 4058 278.
901 4010 953 4070 Ipse
964 4025 1007 4057 sua
1021 4009 1087 4072 nam]
1104 4007 1165 4068 Alii,
1182 4012 1231 4070 s'psa
1245 4017 1338 4071 suapte,

222 4072 430 4121 snldeteaetrosus
442 4087 486 4131 per
501 4086 571 4127 mare,
586 4074 669 4132 praem
685 4075 715 4120 ab
733 4076 763 4121 is's
795 4071 883 4121 melius
901 4072 990 4132 forsan,
1009 4088 1059 4121 nou
1080 4073 1146 4122 euim
1164 4072 1246 4138 placet
1269 4072 1339 4124 vocis

223 4140 264 4200 qui
275 4140 299 4184 tn
309 4143 372 4184 terra
383 4137 486 4183 collocati
496 4137 636 4183 torrescunt.
794 4135 866 4185 istius
877 4154 930 4186 nam
940 4137 1052 4200 repetitas
1063 4153 1145 4187 sonus.

259 4202 314 4264 26⁵.
331 4201 616 4262 Nectantopossentlsaee
631 4208 707 4249 terras
721 4218 761 4263 op-
827 4200 882 4253 279.
903 4200 1056 4265 Coniugibus]
1077 4205 1134 4252 Oont
1165 4218 1190 4251 es
1205 4200 1336 4251 stibi-Lu-

222 4270 323 4328 primere
333 4263 415 4328 imbri]
428 4264 490 4313 Haee
499 4263 544 4312 ria
556 4263 647 4322 nubila,
656 4274 684 4313 ut
695 4266 762 4314 enim
794 4264 892 4324 cretius,
904 4265 950 4314 viz.
967 4265 1010 4314 lib.
1030 4267 1082 4316 111.
1093 4283 1116 4318 r.
1133 4269 1150 4316 4
1167 4269 1189 4316 2.
1202 4268 1258 4319 tat.
1277 4266 1335 4319 ⁷41.

224 4331 331 4380 obruunt
343 4339 432 4379 terram
444 4327 555 4392 caligine,
570 4328 607 4378 ita
622 4327 701 4379 imbre
716 4345 760 4395 op·
795 4329 820 4379 id
832 4338 878 4389 est,
889 4339 1011 4380 contactu
