2872 4852
474 254 643 328 LIBER
680 260 905 326 SEXTUS.
1176 257 1239 324 atr

220 420 394 488 Ulceribus
408 421 500 485 tetris
516 440 619 504 prope
630 419 710 502 jam,
727 417 880 500 sordlque
897 414 1033 501 sepulta.

157 535 219 586 1270
263 526 383 590 Omnia
398 524 537 607 demque
554 531 666 586 sancta
682 517 791 585 Derim
807 517 945 582 delubra
959 517 1102 602 replerat

137 636 140 640 '
222 626 423 713 Corporibus
438 642 524 688 mors
541 622 708 698 exanimis,
724 622 921 704 onerataque
937 619 1058 704 passim

220 729 349 794 Cuncta
363 727 576 794 cadaveribus
593 723 773 789 Coelestum
789 721 910 806 templa
924 721 1113 784 manebant:

219 829 416 915 Hospitibus
431 829 502 892 loca
517 849 590 911 quae
606 823 806 908 complerant
820 822 1042 886 AEdituentes.

219 932 291 998 Nec
302 935 370 1017 jam
386 930 512 1015 relligio
528 927 660 1003 Divirm,
678 948 737 990 nec
753 925 896 989 Numina
911 925 1019 1008 magni

145 1045 206 1095 1275
220 1033 471 1098 Pendebantur:
496 1031 580 1095 enim
595 1050 739 1114 praesens
758 1026 863 1091 Dolor
877 1027 1107 1109 exsuperabat.

262 1135 337 1199 Nec
351 1156 420 1198 mos
435 1132 487 1197 ille
505 1130 691 1214 Sepulturae
706 1128 894 1193 remanebat
907 1128 941 1189 in
956 1127 1050 1201 urbe,

220 1236 268 1299 Ut
282 1238 372 1320 prius
387 1234 441 1299 hic
456 1231 597 1317 populus
613 1251 741 1314 semper
755 1238 928 1294 consuerat
942 1227 1086 1292 humari:

221 1336 438 1400 Perturbatus
454 1335 539 1398 enim
554 1344 641 1397 totus
655 1331 853 1414 trepidabat,
870 1340 903 1394 et
918 1351 1002 1394 unus

220 1437 369 1521 Quisque
385 1458 478 1501 suum
494 1456 556 1519 pro
569 1456 604 1498 re
621 1444 804 1497 consortem
820 1441 956 1496 moestus
970 1431 1137 1495 humabat.

147 1552 208 1600 128⁰
264 1539 437 1623 Multaque
453 1540 499 1602 vis
517 1538 635 1614 subita,
651 1547 684 1600 et
699 1545 876 1620 paupertas
892 1534 1026 1597 horrida
1042 1534 1152 1598 suasit.

218 1643 370 1725 Namque
387 1664 463 1706 suos
479 1640 736 1724 consanguineos
753 1637 856 1701 aliena
873 1659 1028 1722 rogorum

220 1745 360 1828 Insuper
375 1745 535 1807 instructa
548 1741 672 1826 ingenti
686 1738 825 1804 clamore
840 1738 1002 1815 locabant,

221 1847 479 1929 subdebantque
495 1843 605 1920 faceis,
621 1840 723 1905 multo
738 1864 811 1906 cum
828 1842 984 1925 sanguine
1001 1862 1088 1923 saepe

218 1949 378 2012 Rixantes
393 1948 514 2031 potius,
530 1967 626 2029 quam
642 1965 780 2027 corpora
795 1944 1036 2008 desererentur.

168 2198 237 2248 1270.
252 2201 334 2245 Omnia
351 2200 545 2259 deniquesauotu,
562 2192 621 2254 etc]
638 2191 673 2240 Τὰ
706 2192 783 2253 Νόμοι
802 2211 831 2240 τε
854 2189 942 2242 πάντες
965 2189 1184 2254 συνεταράχθησαν,
1208 2188 1243 2242 οίε

134 2261 160 2310 δὲ
170 2261 220 2323 ίερὰ
232 2263 257 2309 ἐν
265 2259 300 2310 ols
312 2260 452 2317 ἐσκήνηντο,
465 2261 552 2320 νεκρῶν
560 2256 625 2306 πλέα
635 2255 672 2314 ἦν,
707 2258 813 2318 ἐχρῶντο
829 2256 945 2319 πρότερον
955 2257 1008 2317 περί
1018 2256 1062 2305 τὰς
1072 2257 1157 2317 ταφὰς,
1170 2255 1241 2305 ἔθαπ-

137 2327 210 2374 aoros
221 2321 450 2382 ἐναποθνησκόντων.
464 2322 573 2385 Thucyd.
705 2338 749 2368 τον
761 2319 787 2368 δὲ
804 2322 835 2370 ὡς
846 2318 947 2369 ἕκαστος
963 2319 1071 2379 ἠδύνατο.
1097 2320 1142 2368 Kal
1153 2321 1242 2370 πολλοὶ

171 2389 240 2439 1273.
258 2386 416 2450 AEditueutes]
435 2386 543 2435 AEditui:
570 2384 673 2443 Gellius,
707 2383 740 2433 είς
750 2383 923 2446 ἀναισχύντους
932 2384 1005 2442 θήκας
1012 2384 1149 2448 ἐτράποντο,
1159 2383 1244 2434 σπάνει

137 2455 178 2503 lib.
189 2455 213 2501 Χ
217 2455 252 2501 11.
265 2468 317 2518 cap.
330 2455 366 2501 10.
376 2452 447 2500 Titus
454 2460 535 2499 autem
546 2449 674 2498 Lucretius
706 2451 754 2496 τῶν
761 2447 904 2507 ἐπιτηδείων,
914 2449 952 2497 διὰ
958 2449 987 2497 τὸ
994 2448 1098 2511 συχνοὺς
1104 2450 1149 2508 ἤδη
1157 2468 1242 2512 προτε-

136 2518 163 2567 in
179 2517 287 2567 carmine
304 2533 348 2566 suo
366 2533 411 2580 pro
430 2519 523 2564 <edituis
540 2519 674 2563 oeditwntes
707 2511 788 2562 θνάναι
798 2511 890 2575 σφίσιν,
903 2514 941 2561 ἐπὶ
958 2513 1032 2576 πυράς
1042 2513 1089 2575 γὰρ
1105 2513 1241 2577 ἀλλοτρίας,

137 2583 250 2649 appellat.
706 2576 843 2640 φθάσαντες
858 2578 914 2628 τοὺς
925 2577 1050 2636 ubemur,
1064 2578 1087 2626 οί
1095 2576 1140 2639 μὲν
1152 2577 1241 2628 ἐπιθέν-

172 2648 241 2699 1274,
254 2647 359 2709 Necjom
371 2648 468 2708 relligio,
481 2642 536 2706 eta]
549 2643 673 2705 ’Τπερβια-
706 2661 748 2692 τες
768 2641 812 2691 τὸν
831 2643 921 2691 ἑαυτῶν
937 2644 1020 2705 νεκρὸν
1036 2645 1152 2702 ὑφῆπτον,
1169 2645 1192 2692 ol
1208 2642 1241 2702 δὲ,

137 2711 235 2774 ξομένου
250 2711 297 2774 γὰρ
307 2713 352 2760 τοῦ
368 2711 449 2767 κακοῦ,
462 2709 485 2757 οιΙ
501 2709 616 2772 άνθροιποι
632 2709 675 2756 οὐκ
707 2706 831 2768 καιομένου
846 2708 931 2765 άλλου,
947 2708 1036 2757 άνυθεν
1047 2707 1204 2763 ἐπιβαλόντες
1214 2708 1242 2758 ον

138 2777 237 2840 ἔχοντες
260 2775 273 2824 ὅ
295 2795 319 2825 τι
346 2773 469 2835 γένωνται,
497 2775 521 2822 ἐς
548 2771 676 2835 ὀλιγωρίαν
707 2770 808 2832 φέροιεν,
821 2769 936 2835 ἀπῄεσαν.
954 2773 1063 2835 Tbucyd.

137 2840 274 2904 ἐτράποντο,
292 2840 331 2890 καί
349 2841 416 2902 ίερῶν
433 2838 471 2887 καί
491 2837 563 2886 ὁσίαν
579 2835 671 2897 ὁμοίως.
741 2836 810 2887 1277.
844 2840 876 2885 Ut
900 2836 979 2900 prius]
1009 2837 1067 2895 Alii,
1099 2841 1148 2890 Quo
1172 2841 1242 2900 pius:

137 2907 245 2971 Thucyd.
705 2901 814 2958 frustm
842 2917 898 2949 nam
921 2903 1030 2966 Thucyd.
1063 2901 1105 2951 Οἷς
1127 2902 1241 2966 πρότερον

170 2972 239 3023 1276.
264 2973 314 3020 Nec
332 2986 378 3018 mos
396 2971 436 3016 ille
457 2969 593 3030 Sepultura,
615 2965 671 3029 eta]
707 2967 819 3028 ἐχρῶντο.

834 3161 1240 3168 mm

170 3293 272 3339 Murra
281 3291 308 3339 in
314 3292 360 3339 hoc
369 3291 431 3338 libro
441 3288 677 3353 proeclaredisputa··
739 3291 778 3336 De
796 3290 915 3338 Meteoris
926 3300 1008 3338 autem
1024 3306 1096 3339 nemo
1107 3291 1243 3340 accuratius

138 3356 174 3403 vit
189 3355 326 3413 Lucretius,
339 3364 364 3402 at
376 3353 467 3402 excidit
482 3353 614 3416 proposito,
629 3368 672 3400 ne·
706 3353 804 3416 collegit
815 3363 925 3402 veterum
936 3354 1136 3418 philosophorum
1147 3355 1242 3418 opinio·

138 3435 184 3481 que
205 3420 270 3467 enim
293 3419 324 3466 de
347 3417 504 3466 Providentia
525 3416 672 3481 opinionem,
706 3433 757 3474 nes,
775 3434 847 3465 nemo
859 3418 954 3466 acutius
966 3418 1092 3482 exposuit;
1109 3419 1148 3468 his
1164 3436 1242 3483 pauca

138 3499 209 3544 quam
221 3483 372 3547 oppugnavit
389 3482 446 3530 totis
458 3482 557 3540 viribus,
571 3497 672 3530 concus-
706 3481 853 3530 addiderunt
869 3483 1016 3530 recentiores
1032 3483 1178 3547 philosophi,
1192 3501 1241 3533 uon

138 3547 183 3602 sit;
201 3547 233 3594 sit
243 3547 323 3595 omnis
335 3548 465 3595 Meteoror
471 3546 534 3594 ratio
545 3546 673 3609 perspicue
707 3546 819 3601 meliora;
839 3547 979 3609 etprofecto
988 3557 1015 3595 ut
1023 3549 1075 3596 lraec
1085 3559 1166 3597 nostra
1175 3559 1241 3607 retas,

138 3610 259 3659 declarata
271 3611 370 3669 tonitru,
380 3611 468 3674 fulgur,
480 3610 580 3668 fulmen,
591 3621 672 3658 terrae-
706 3609 741 3658 ita
750 3610 832 3673 plures
844 3622 900 3674 post
911 3620 1019 3659 nostram
1031 3613 1172 3661 memoriam
1184 3630 1240 3663 nas·

138 3685 218 3724 motus
227 3675 387 3739 explicentur,
397 3674 589 3737 omniadenique
598 3689 671 3736 agan-
706 3684 789 3723 centes
813 3674 870 3736 (isto
894 3675 1024 3739 Vitruvius)
1047 3694 1102 3725 cum
1127 3679 1241 3727 Lucretio

137 3749 178 3788 tur
194 3739 300 3788 naturali
316 3740 424 3795 ratione;
442 3739 550 3788 utnulla
566 3755 673 3802 unquam
706 3739 854 3788 videbuntur
876 3739 944 3788 velut
965 3757 1045 3790 coram
1069 3742 1099 3789 de
1123 3744 1242 3792 Meteoris

136 3805 190 3854 siue
201 3805 315 3862 Domino,
323 3804 409 3852 saltem
417 3804 549 3852 Dominum
557 3805 611 3867 ipsa
620 3805 672 3852 Nu·
705 3803 837 3867 disputare.

137 3884 192 3918 tura
200 3885 248 3917 non
257 3868 362 3933 respuit;
372 3869 529 3917 naturaenim
537 3877 574 3916 est
581 3870 671 3916 eabru-
739 3870 777 3915 De
788 3877 949 3927 terrae-motu,
961 3880 986 3917 et
998 3870 1059 3917 mari
1071 3886 1099 3918 ea
1109 3872 1179 3919 docet
1189 3887 1242 3933 qua

137 3946 168 3982 te
179 3934 287 3983 materiae
297 3933 470 3997 particularum
477 3932 612 3996 dispositio,
620 3949 673 3995 quae
705 3947 744 3981 res
761 3933 815 3996 ipsa
831 3935 979 3997 comprobat,
997 3935 1045 3982 nisi
1061 3936 1126 3997 quod
1143 3936 1241 3998 quidam

136 3999 194 4046 iacit
206 4008 234 4047 ut
242 3999 281 4047 isti
295 3999 405 4047 oriantur
413 3997 519 4055 effectus,
529 4012 589 4059 quos
600 4013 671 4045 voca·
705 4007 870 4046 terrae-motus
878 3998 1014 4060 (dequibus
1023 3999 1104 4046 forsan
1111 3999 1242 4060 aliquando

137 4078 191 4110 mus
203 4063 332 4111 naturales.
357 4062 403 4109 llla
414 4072 496 4110 autem
507 4061 641 4125 dispositio,
652 4062 673 4110 si
706 4061 815 4126 copiose)
828 4063 893 4110 vires
909 4078 1044 4119 causarum,
1056 4079 1115 4125 quas
1127 4064 1242 4126 assignat,

138 4141 195 4174 casu
203 4127 302 4176 inducta
314 4127 353 4185 sit,
366 4142 415 4174 non
424 4127 521 4184 refutat,
534 4128 556 4174 si
565 4126 672 4189 pruden·
706 4142 821 4190 superare
833 4127 968 4175 videantur.

139 4189 173 4238 tia
189 4191 221 4238 sit
236 4192 375 4249 constituta,
393 4192 520 4239 confirmat
538 4191 672 4239 Providen-
738 4191 814 4239 AEtna
837 4192 918 4240 nobile
941 4202 978 4239 est
998 4199 1176 4253 argumentum,
1199 4192 1243 4239 sed

139 4253 204 4301 tiam.
219 4255 552 4321 ltasingulaeexplioationes,
560 4255 673 4319 physicos
706 4255 818 4311 difficile;
838 4266 862 4303 et
877 4256 903 4303 in
915 4257 961 4302 hoc
973 4254 1056 4302 deficit
1069 4256 1157 4310 Poeta;
1175 4264 1200 4303 at
1211 4256 1241 4304 de

98 4349 105 4365 .
140 4317 259 4366 delectare
270 4331 379 4383 possunt,
392 4322 476 4370 atheos
488 4337 536 4369 non
544 4323 640 4384 juvant.
707 4320 760 4368 Nili
772 4320 930 4378 incremento,
939 4321 969 4367 de
980 4319 1092 4376 Averuis,
1103 4327 1127 4366 et
1136 4319 1166 4366 de
1176 4320 1240 4368 Fon·
