2872 4852
428 213 597 278 arasa
626 213 903 302 QUARTUS.
1158 210 1223 274 oea

202 373 434 445 Exterrentur,
450 380 540 434 etex
556 369 688 447 Somno,
704 370 798 453 quasi
812 367 965 433 mentibu’
979 369 1078 452 capti,

199 474 268 539 Vix
283 474 324 537 ad
341 492 377 536 se
389 472 530 537 redeunt
545 472 684 556 permoti
698 472 844 555 corporis
859 481 952 535 aestu.
980 478 984 484 '

198 574 335 639 Flumen
349 575 427 638 item
442 573 574 650 sitiens,
590 584 647 637 aut
662 572 784 636 fontem
799 582 933 657 propter
948 594 1111 636 amoenum

200 676 354 753 Adsidet,
370 686 403 740 et
419 686 523 739 totum
538 697 641 759 prope
657 674 806 739 faucibus
821 683 960 758 occupat
975 697 1110 738 amnem.

127 792 190 839 1020
203 780 284 843 Pusi
299 800 388 862 saepe
402 776 509 842 lacum
523 787 670 862 propter,
686 788 734 853 se,
749 799 786 841 ac
800 776 889 840 dolia
902 787 1006 854 curta,
1084 788 1087 793 '

201 881 322 945 Somno
337 880 479 944 devincti
494 880 632 944 credunt
647 878 804 944 extollere
820 890 954 955 vestem,

198 981 317 1048 Totius
331 982 501 1046 humorem
517 992 680 1046 saccatum
695 992 732 1045 ut
747 981 883 1065 corpori'
899 968 1056 1045 fundant:

200 1085 285 1150 Cum
299 1084 499 1168 Babylonica
514 1081 686 1167 magnifico
702 1081 876 1167 splendore
891 1083 1049 1166 rigantur.

244 1187 343 1262 Tum,
359 1185 478 1270 quibus
494 1185 599 1249 aetatis
614 1184 699 1249 freta
713 1185 861 1270 primitus
876 1183 1091 1260 insinuantur,

132 1300 194 1348 1⁰2⁵
207 1289 325 1353 Semen
340 1289 398 1352 ubi
412 1288 484 1371 ipsa
499 1287 576 1350 dies'
585 1287 738 1351 membris
752 1297 880 1351 matura
892 1286 1032 1363 creavit;
1052 1301 1054 1307 '

203 1390 408 1455 Conveniunt
424 1388 604 1454 Simulacra
618 1388 732 1452 forise
747 1410 884 1472 corpore
900 1410 1043 1473 quoque,

203 1493 330 1558 Nuntia
344 1489 491 1576 praeclari
506 1490 624 1568 voltus,
640 1489 834 1575 pulchrique
850 1489 987 1555 coloris:

204 1596 272 1669 Qui
284 1597 348 1659 ciet
362 1594 497 1658 inritans
511 1591 584 1658 loca
598 1593 731 1678 turgida
745 1592 865 1658 semine
881 1590 994 1670 multo,

203 1697 263 1775 Ut,
279 1697 375 1783 quasi
389 1697 560 1761 transactis
577 1718 665 1781 saepe
682 1695 822 1761 omnibu’
837 1695 928 1760 rebu’
942 1693 1143 1780 profundant

130 1812 192 1859 10³0
204 1799 359 1865 Fluminis
375 1799 535 1884 ingenteis
551 1799 684 1876 fluctus,
697 1807 885 1882 vestemque
898 1807 1083 1862 cruentent.

247 1901 447 1967 Sollicitatur
462 1901 496 1964 id
511 1901 544 1963 in
559 1902 665 1978 nobis,
681 1901 771 1986 quod
787 1901 927 1964 diximus
943 1910 1030 1977 ante,
1121 1917 1124 1922 ’

204 2005 341 2082 Semen;
366 2001 479 2067 adulta
493 2014 572 2067 aetas
589 2026 663 2067 cum
677 2003 816 2087 primum
830 2003 963 2066 roborat
978 2012 1087 2066 artus:

203 2107 357 2189 Namque
374 2103 452 2167 alias
468 2102 556 2167 aliud
571 2125 623 2166 res
640 2113 831 2179 commovet,
848 2113 945 2186 atque
960 2101 1107 2181 lacessit3

206 2208 262 2271 Ex
276 2207 406 2270 homine
422 2205 599 2269 humanum
616 2204 734 2268 Semen
750 2205 813 2268 ciet
827 2225 893 2268 una
908 2203 1058 2268 Hominis
1074 2205 1131 2268 vis.

159 2423 228 2470 1020.
252 2420 323 2485 Pusi]
346 2424 412 2481 Posi,
430 2425 494 2484 puri,
514 2425 590 2482 pueri,
612 2421 661 2484 legi
730 2423 800 2470 lota
824 2424 888 2479 Tam,
907 2425 988 2484 quibus
1006 2424 1090 2480 etatis,
1109 2420 1165 2484 eta]
1183 2420 1232 2469 Ubi

123 2486 493 2551 potest‚eademenimomnium
503 2485 660 2550 significatio;
694 2486 792 2548 quidam
810 2487 920 2536 Lucretii
936 2486 1122 2545 immodestiam,
1140 2485 1174 2535 ibi
1188 2501 1233 2549 ego

21 2559 24 2564 '
124 2555 207 2601 Faber.
694 2549 760 2599 illius
772 2559 849 2600 artem
861 2567 967 2616 agnosco
978 2561 1003 2599 et
1016 2551 1136 2615 suspicio:
1155 2566 1233 2613 neque

158 2617 220 2664 Ibid.
233 2618 304 2664 Dolio
315 2614 394 2678 curto]
410 2616 440 2664 In
452 2616 512 2663 urbe
522 2614 660 2679 populosis·
694 2616 802 2679 prolecto
819 2616 861 2664 ille
872 2632 979 2679 unquam
992 2616 1083 2679 aliquid
1101 2617 1131 2665 de
1147 2616 1233 2677 hujus·
1294 2664 1298 2669 ,

123 2680 192 2738 sima,
205 2681 274 2744 siqua
285 2696 392 2744 unquam
404 2680 451 2728 tuit
459 2680 574 2742 (Romam
587 2678 662 2744 dico),
695 2681 762 2728 modi
777 2680 914 2738 insomniis,
931 2681 979 2729 nisi
996 2682 1026 2730 ad
1041 2681 1235 2730 connectendam

123 2744 189 2793 dolia
200 2745 226 2793 in
236 2744 331 2808 angulis
342 2745 479 2808 platearum
488 2754 565 2802 erant,
574 2744 601 2793 in
608 2761 663 2808 quae
695 2755 838 2808 sequentem
850 2747 880 2794 de
896 2745 999 2794 libidine
1012 2755 1037 2794 et
1053 2761 1136 2794 amore
1148 2745 1232 2810 dispu-

124 2810 248 2873 peregrini
265 2809 385 2866 homines,
397 2809 436 2857 vel
447 2809 513 2858 cives
525 2809 567 2872 qui
579 2809 609 2857 de
626 2810 660 2857 fa·
696 2810 812 2858 tationem
825 2811 962 2860 necessaria
974 2810 1060 2859 fuisset
1075 2810 1178 2860 istorum
1190 2827 1233 2860 ex·
1274 2862 1277 2867 ⁴

124 2873 211 2922 ciendo
224 2874 290 2922 domi
301 2873 360 2922 lotio
373 2874 420 2937 (sic
430 2873 495 2922 enirn
507 2872 573 2936 loqui
584 2874 664 2923 solent
694 2875 801 2938 plicatio.

125 2937 221 3002 Latini)
241 2947 370 3001 antequam
388 2938 415 2986 in
434 2938 559 3002 publicum
579 2939 662 3002 prodi-
730 2939 792 2987 Ibid.
811 2938 988 3003 AEtotiasreto]
1007 2941 1098 2990 AEtatis
1114 2950 1195 3001 astus,
1209 2949 1236 2989 et

124 3012 189 3060 rent,
201 3019 251 3051 non
262 3004 404 3066 cogitirant,
418 3003 522 3052 vesicam
530 3019 663 3052 exonerare
696 3005 784 3062 fervor,
796 3005 961 3054 adolescentia
971 3006 1072 3054 scilicet.
1089 3009 1172 3055 Faber.

125 3067 192 3116 soliti
213 3068 326 3116 fuerunt:
352 3067 423 3116 unice
445 3068 476 3115 ad
497 3068 563 3116 hunc
583 3068 664 3117 locum
730 3070 930 3133 1026.Ecorpore
942 3070 1041 3134 quoque]
1055 3074 1164 3133 Quotquot,
1177 3071 1227 3119 Gis.

125 3131 184 3180 facit
194 3133 259 3195 quod
275 3133 340 3196 apud
357 3132 510 3181 Macrobium
526 3132 607 3196 legere
619 3141 663 3191 est,
732 3136 801 3182 1029.
833 3137 1118 3184 Transactis—omnibu
1156 3135 1234 3198 reto’]

126 3197 167 3244 lib.
191 3198 227 3245 11.
251 3212 303 3260 cap.
327 3199 364 3244 12.
389 3196 509 3245 Saturnal.
551 3200 610 3245 Inde
632 3201 665 3246 od
696 3198 773 3253 Quasi
793 3199 839 3257 τὴν
860 3200 1003 3262 Ἀφροδίτην
1023 3198 1176 3257 τελέσαντες,
1198 3200 1236 3248 uti

126 3264 240 3310 comitiam
252 3265 346 3319 vadant,
358 3278 385 3309 ne
402 3264 464 3309 litem
479 3278 544 3309 soom
552 3262 664 3322 sociatu,-
697 3263 816 3326 optimum
835 3264 987 3328 scriptorem,
1005 3273 1030 3312 et
1048 3265 1134 3311 harum
1152 3279 1235 3312 rerum

127 3326 185 3375 dum
202 3335 269 3384 eunt,
290 3329 354 3374 nulla
374 3334 408 3374 eat
424 3330 449 3374 in
466 3325 595 3390 angiporto
612 3343 663 3374 am·
696 3327 804 3391 peritum
820 3328 887 3390 loqui
903 3328 1000 3376 scimus
1019 3331 1102 3376 Faber.
1118 3328 1235 3377 Theocri-

126 3390 211 3454 phora,
231 3407 298 3453 quom
320 3408 364 3438 non
384 3394 501 3452 impleant,
522 3395 604 3452 quippe
625 3395 665 3452 qui
698 3402 745 3449 tus,
759 3392 829 3454 Idyll.
844 3395 865 3439 2.
877 3389 1000 3455 Ἐπράχθη
1011 3391 1043 3439 τὰ
1052 3390 1163 3452 μέγιστα.

126 3458 224 3503 vesicam
238 3459 330 3517 plenam
341 3459 389 3504 vini
399 3459 505 3504 habeant.
536 3458 609 3504 Curta
620 3471 663 3503 au·
733 3458 803 3504 1030.
815 3456 944 3520 Flaminia]
957 3457 1016 3514 Alii,
1028 3460 1133 3506 Seminis.

127 3528 185 3577 tem,
203 3519 348 3579 semifracta,
360 3520 443 3569 adeas
455 3535 513 3568 usus
530 3519 589 3568 satis
601 3527 665 3583 apta
733 3522 803 3569 1031.
828 3524 971 3569 Sollicitatur
993 3525 1020 3569 id
1041 3525 1066 3569 in
1086 3526 1157 3579 nobis,
1179 3523 1236 3586 eta]

128 3585 250 3633 Ceterum
269 3585 334 3633 dolia
351 3584 395 3632 illa
411 3595 480 3633 erant
497 3584 610 3644 lateritia,
626 3585 666 3633 vel
699 3586 763 3633 Tota
778 3585 861 3644 libido,
879 3594 928 3634 tam
940 3601 994 3648 quoe
1005 3586 1036 3634 ad
1053 3585 1168 3645 animum,
1186 3596 1238 3637 tam

128 3648 207 3712 figlini
218 3649 307 3714 operis,
316 3664 366 3698 non
377 3649 465 3713 lignea
484 3653 568 3698 Fater.
700 3667 754 3713 quae
766 3650 796 3698 ad
812 3666 900 3715 eorpus
917 3660 1018 3714 spectat,
1030 3667 1053 3699 v.
1073 3653 1109 3700 18.
1128 3653 1236 3728 explica-

133 3746 135 3750 >
164 3715 233 3762 1022.
257 3717 381 3762 Humorem
403 3713 530 3777 saccatum]
555 3715 667 3764 Honeste
700 3724 753 3764 tur:
781 3715 886 3764 formosa
902 3714 947 3763 via
965 3715 1112 3765 simulachra
1128 3733 1238 3766 animum

128 3778 236 3842 positum
253 3795 298 3842 pro
310 3782 363 3827 lotio
372 3799 380 3834 ,·
398 3779 485 3827 iisdem
497 3779 597 3828 vocibus
617 3780 666 3828 uti·
700 3789 861 3838 commovent,
871 3780 913 3828 ille
921 3795 980 3829 vero
991 3797 1074 3829 semen
1084 3797 1115 3829 ex
1124 3783 1238 3832 omnibus

128 3852 169 3892 tur
180 3844 321 3893 Arnobius:
339 3852 424 3891 notum
436 3844 494 3906 quid
504 3844 536 3892 sit
553 3862 632 3894 roomo
643 3853 668 3893 et
700 3845 816 3894 membris
838 3845 864 3894 in
886 3855 968 3910 partes
990 3846 1110 3909 genitales
1131 3847 1238 3910 deducit,

129 3916 234 3957 soccatus
242 3924 298 3957 cum
310 3909 341 3956 de
352 3908 409 3956 vino
421 3917 446 3956 et
457 3908 569 3957 laticibus
580 3923 665 3972 per-cot
700 3925 754 3972 quae
769 3920 852 3974 partes
869 3919 971 3967 tument,
987 3920 1012 3958 et
1028 3911 1117 3959 deinde
1128 3927 1168 3960 res
1184 3911 1239 3976 ipsa

129 3972 209 4022 landis
225 3971 312 4037 agitur.
332 3973 471 4029 Martialis;
499 3976 596 4023 Caecabo
614 3990 665 4023 rac·
699 3975 831 4039 peragitur.
867 3976 960 4023 Praeter
980 3975 1032 4024 haec
1050 3991 1095 4024 nec
1113 3977 1237 4024 Venerem

129 4047 224 4095 centur,
236 4054 329 4100 quoquo
340 4055 413 4086 onnus
425 4041 487 4086 coeit
498 4042 574 4100 opimi.
699 4054 745 4088 nec
756 4039 903 4104 Cupidinem
917 4048 1038 4104 expectes.

133 4126 136 4130 ⁴
165 4104 234 4151 1023.
246 4105 302 4152 Com
313 4105 457 4166 Babylonico
465 4106 665 4166 mogoiieorpltn·
734 4106 804 4152 1034.
825 4108 877 4152 Una
892 4107 1000 4152 Hominis
1016 4104 1063 4167 oie]
1080 4104 1138 4152 Sive
1157 4103 1239 4167 imago

130 4165 197 4230 dore]
222 4167 372 4231 babylonica
393 4176 470 4216 strata
492 4167 622 4231 magnifica
644 4177 670 4216 et
702 4168 801 4217 formosi
817 4168 926 4233 corporis
943 4183 1099 4217 commovens
1122 4166 1238 4226 animum,

130 4230 267 4342 splepdida,
277 4241 305 4281 ut
312 4233 377 4297 apud
384 4233 453 4296 Virg.
466 4235 543 4295 Equos
551 4236 669 4295 mattae
702 4232 754 4346 {inp
766 4232 862 4282 animus
878 4233 932 4297 ipse
948 4248 1032 4281 semen
1044 4249 1058 4281 e
1075 4240 1126 4280 toto
1137 4245 1239 4294 corpore

130 4312 184 4344 otoo
194 4314 209 4344 τ.
719 4314 732 4346 e
750 4313 831 4346 ucens.

806 4375 851 4423 ⁰8
