2872 4852
648 229 685 299 ix

115 397 269 463 ridiculos
284 397 365 476 fore,
382 399 409 461 si
423 420 496 463 cum
511 406 633 463 aeterno
650 400 714 464 sint
729 399 811 464 Otia
829 400 941 464 donati
954 400 1134 488 ¹turbarent
1156 411 1223 467 om-

116 517 180 593 nia,
198 526 232 580 et
247 513 542 580 tumultuarentur?
585 517 652 582 Sed
668 517 856 602 Incomptus
878 527 928 580 est
950 528 984 581 et
1005 517 1134 596 Larua
1157 540 1223 584 non

115 633 216 698 habet
238 657 401 714 numeros,
426 648 483 700 aut
509 637 713 730 perspicuam
735 635 865 719 Virgilii
888 636 1097 701 brevitatem:
1129 637 1223 720 quasi

115 774 180 816 non
194 754 340 838 iniquum
353 756 569 840 etindignum
584 765 671 821 esset
685 757 719 819 in
739 776 839 840 opere
861 754 1062 839 imperfecto,
1077 766 1111 819 et
1133 755 1223 839 quod

114 869 259 936 ultimam
281 875 404 938 autoris
425 897 555 938 manum
577 873 786 950 desideravit,
809 895 865 938 eas
886 895 1021 938 veneres
1044 874 1222 956 requirere,

114 1012 190 1073 quae
203 991 237 1054 in
252 991 411 1057 Poemate
422 993 560 1056 maxime
574 991 741 1057 elaborato
757 1003 833 1056 sunt
848 991 1053 1076 spectabiles,

159 1109 248 1175 Huic
262 1110 439 1175 Calumniae
453 1113 499 1175 ita
513 1111 696 1196 profligata
712 1112 858 1177 succedit
872 1110 933 1176 alia
948 1110 1062 1176 elatior
1074 1120 1223 1194 aspectu,

114 1218 149 1293 et
163 1251 242 1293 voce
265 1229 497 1309 truculentior3
522 1229 687 1295 clamitans
703 1253 857 1296 vesanum
879 1252 963 1306 esse,
984 1230 1222 1306 immodestum,

114 1346 259 1430 impium,
276 1346 451 1431 voluptatis
472 1349 673 1432 magistrum,
689 1352 775 1414 omni
798 1350 937 1445 denique
961 1348 1126 1432 spurcitie,
1149 1369 1223 1430 quae

115 1465 212 1530 decet
226 1487 361 1549 porcum
376 1488 418 1530 ex
440 1466 577 1551 Epicuri
599 1489 700 1552 grege
721 1469 940 1552 inquinatum:
964 1489 1027 1550 ego
1042 1488 1119 1530 vero
1142 1488 1223 1529 nun-

114 1606 212 1668 quam
233 1584 373 1648 animum
402 1607 509 1649 meum
531 1586 685 1650 inducere
707 1586 802 1670 potui
824 1595 860 1650 ut
885 1584 1026 1663 credam,
1051 1585 1223 1669 Pomponii

55 1711 56 1714 ’
115 1699 229 1778 Attici,
246 1703 417 1767 castissimi
432 1703 492 1767 viri
504 1703 701 1781 familiarem,
718 1705 889 1788 utriusque
902 1703 1068 1768 Ciceronis
1077 1703 1222 1780 delicias,

115 1831 148 1884 et
169 1820 320 1884 eximium
344 1844 413 1885 suae
434 1823 540 1886 aetatis
562 1832 786 1887 ornamentum
808 1832 857 1886 tot
879 1822 963 1886 vitiis
979 1822 1033 1904 (de
1055 1823 1221 1906 impietate

114 1938 221 2022 aptior
244 1939 307 2002 erit
329 1940 461 2005 dicendi
485 1939 589 2025 locus)
613 1941 782 2005 foedatum.
828 1939 950 2005 Testes
972 1941 1072 2024 igitur
1098 1963 1222 2025 quaero,

114 2057 173 2122 sed
196 2057 310 2122 nullibi
330 2059 500 2137 inveniam,
525 2060 646 2143 scripta
667 2057 792 2136 evolve,
812 2067 846 2121 at
868 2059 901 2122 in
921 2057 983 2122 illis
999 2061 1105 2124 omnia
1126 2061 1222 2146 longe

114 2175 302 2254 dissimilia;
333 2176 434 2241 multa
457 2177 613 2241 adversus
635 2187 757 2241 metum
779 2175 918 2253 fortiter,
941 2177 1221 2261 intemperantiam

113 2314 236 2370 severe,
250 2293 416 2358 libidinem
431 2305 520 2359 caste
534 2294 755 2378 disputantur,
771 2313 846 2376 quae
860 2293 985 2357 hortari
999 2294 1042 2358 ad
1058 2295 1220 2373 Virtutes,

114 2412 159 2474 ab
173 2411 332 2487 Avaritia,
347 2408 545 2489 Ambitione,
563 2411 712 2475 Luxuria
725 2410 853 2495 possint
868 2409 1046 2486 deterrere,
1062 2410 1200 2495 plurima
1212 2439 1220 2478 z

114 2531 216 2614 etqui
229 2531 272 2594 ad
287 2527 374 2593 illius
387 2540 554 2614 praecepta
567 2531 665 2594 vitam
679 2542 850 2614 moresque
861 2530 1036 2613 componit,
1052 2529 1139 2595 illum
1156 2533 1222 2616 prl-

114 2649 179 2712 vati
195 2648 364 2713 habebunt
378 2649 620 2732 integerrimum
635 2648 784 2725 amicum,
799 2648 900 2712 civem
915 2646 1128 2732 Respublica.

157 2766 225 2832 Sed
245 2789 318 2833 eum
339 2767 477 2852 Epicuri
498 2776 676 2832 sectatores
700 2788 766 2830 non
786 2774 852 2830 tam
876 2788 937 2829 sua
954 2781 1051 2850 quam
1074 2769 1220 2852 magistri

112 2884 243 2950 ini'amia
267 2885 428 2962 laborant,
456 2885 546 2949 haud
571 2885 699 2968 integra
720 2884 783 2948 erit
804 2883 919 2948 Poetae
941 2885 1044 2949 nostri
1066 2885 1219 2969 dignitas,

113 3006 175 3068 nisi
186 3005 276 3069 Illius
289 3005 387 3069 etiarn
400 3003 505 3068 honos
521 3003 720 3068 vindicetur:
744 3025 818 3066 nam
833 3001 915 3068 male
931 3013 1074 3067 moratus
1091 3003 1221 3070 Scholos

113 3123 356 3208 Philosophicae
381 3123 551 3206 Princeps
577 3132 614 3186 ut
637 3121 725 3186 Fons
749 3120 929 3186 lutulentus
949 3121 1091 3186 canalem
1112 3135 1217 3201 suum,

112 3243 247 3307 obducit
260 3243 353 3326 quasi
375 3241 461 3318 limo,
478 3252 512 3305 et
532 3251 733 3325 conspurcat
749 3239 950 3324 Discipulos.
997 3239 1088 3312 Quid
1111 3251 1219 3305 autem

113 3359 293 3444 Epicurum
313 3358 480 3423 laudarem
495 3359 584 3443 apud
605 3359 663 3435 Te,
678 3359 736 3442 qui
750 3359 894 3421 moribus
909 3358 1049 3441 vitaeque
1070 3358 1219 3423 instituto

112 3500 148 3542 es
163 3479 205 3541 ab
220 3477 286 3553 illo,
302 3497 398 3560 quem
413 3475 529 3559 vulgus
546 3476 607 3539 sibi
621 3475 726 3558 fingit,
743 3497 840 3558 quam
855 3474 991 3538 maxime
1007 3472 1152 3540 alienus?
1180 3476 1220 3541 ln

113 3590 233 3672 Deum,
251 3594 458 3677 Patriamque
473 3594 559 3677 piuS,
573 3590 697 3657 Amicis
711 3592 809 3669 fidus,
825 3593 1004 3670 modestae,
1020 3602 1217 3677 temperans,

110 3715 276 3780 literarum
292 3713 557 3791 studiosissimus,
574 3713 607 3776 in
621 3722 717 3777 notos
739 3712 913 3796 benignus
934 3713 1053 3795 ignotis
1068 3713 1217 3778 omnibus

110 3832 298 3909 benevolus,
323 3841 356 3896 et
379 3831 527 3895 omnibus
550 3831 689 3895 vicissim
711 3830 841 3908 charus,
865 3831 1026 3914 despicias
1044 3831 1218 3914 aderisque

110 3964 243 4016 necesse·
266 3960 318 4015 est
339 3950 482 4034 impium,
505 3949 652 4027 infidum,
677 3950 913 4025 immodestum,
938 3948 1217 4033 intemperantem,

110 4069 225 4133 rudem
247 4066 490 4151 disciplinarum
512 4079 754 4144 contemtorem,
778 4068 936 4131 universis
959 4066 1166 4142 invidentem,
1184 4076 1218 4129 et
1306 4122 1308 4127 ⁴

109 4185 267 4250 universis
282 4187 405 4270 pariter
420 4185 566 4251 invisum.
613 4184 769 4250 Attamen
783 4184 847 4250 hoc
868 4183 943 4249 Tibi
953 4184 1136 4270 jucundum
1148 4182 1217 4247 fore

110 4301 269 4381 existimo,
285 4306 342 4388 qui
355 4306 465 4389 justus
480 4326 659 4390 aequusque
674 4326 782 4369 rerum
798 4305 920 4372 arbiter
936 4326 1029 4368 suum
1044 4301 1217 4385 unicuique

654 4415 670 4461 b
