2872 4852
449 211 619 276 LIBER
649 210 925 285 QUARTUS.
1160 156 1240 282 ’203

217 365 273 431 An
289 367 372 432 Sciri
387 366 501 450 possit,
518 367 575 450 qui
590 388 625 431 re
640 367 685 432 nil
699 367 791 433 Scire
805 365 944 433 fatetur:

217 467 317 533 Hunc
331 469 430 552 igitur
444 479 559 533 contra
572 469 696 534 mittam
710 470 908 535 contendere
923 492 1065 550 oausam,

217 569 286 642 Qui
299 571 406 654 capite
421 570 492 654 ipse
508 593 568 635 suo
581 571 722 636 instituit
736 571 873 656 vestigia
887 582 987 638 retro.

151 681 199 732 4⁷⁵
215 671 263 736 Et
277 683 385 736 tamen
400 671 463 737 hoc
478 695 609 757 quoque
623 672 673 736 uti
687 673 863 739 concedam
879 675 973 752 scire,
988 684 1023 740 st
1037 675 1071 740 id
1086 675 1193 760 ipsum

217 775 382 852 Quaeram,
399 773 509 859 (quom
522 775 556 838 iu
571 776 669 839 rebus
685 776 753 840 veri
767 774 813 839 nil
826 776 946 841 viderit
960 777 1061 861 unte,)

217 875 316 942 Unde
333 878 424 954 sciet,
439 878 518 961 quid
535 879 576 942 sit
592 877 696 955 Scire,
711 887 745 942 et
760 877 899 943 Nescire
913 879 1072 944 vicissim:

214 978 375 1043 Notitiam
388 979 457 1043 veri
471 1002 546 1063 quae
560 1002 626 1057 res,
642 978 781 1063 falsique
796 979 934 1059 crebrit3

216 1079 265 1145 Et
277 1081 412 1146 dubium
426 1091 517 1146 certo
532 1102 673 1165 quaeres
688 1080 821 1146 differre
836 1081 1007 1166 proberis?

151 1195 200 1242 480
258 1181 407 1249 Invenies
423 1184 533 1267 primis
549 1183 592 1247 ab
609 1182 768 1247 Sensibus
783 1204 856 1248 esse
871 1194 1014 1249 creatam

214 1283 375 1348 Notitiam
389 1286 469 1362 veri,
485 1306 592 1368 neque
608 1284 732 1348 Sensus
747 1306 846 1367 posse
858 1283 979 1361 refelli:

215 1385 303 1450 Nam
317 1388 439 1472 majore
454 1386 521 1452 lide
536 1388 637 1451 debet
651 1387 825 1470 reperirier
838 1384 932 1464 illud,

217 1486 342 1571 Sponte
358 1511 417 1552 sua
432 1489 516 1552 veris
531 1488 621 1572 quod
636 1489 740 1572 possit
754 1488 883 1553 vincere
898 1487 990 1554 falsa.

215 1587 307 1667 Quid
321 1591 443 1675 majore
457 1589 524 1654 {ide
539 1611 650 1675 porro,
663 1612 761 1674 quom
774 1612 890 1655 sensns
905 1589 1021 1657 haberi

150 1701 199 1751 aso
215 1691 349 1757 Debet?
372 1714 414 1756 sn
428 1693 471 1757 sb
486 1715 585 1759 sensu
600 1691 682 1758 falso
697 1692 798 1757 Ratio
812 1703 885 1757 orta
899 1691 1019 1757 valebit

215 1792 336 1859 Dicere
352 1816 409 1859 eos
425 1806 549 1874 contra,
565 1819 640 1881 quae
651 1805 725 1861 'tota
739 1797 782 1861 ab
798 1796 958 1862 Sensibus
973 1805 1046 1861 orta
1060 1795 1122 1862 *etl

215 1895 284 1969 Qui
298 1898 359 1961 nisi
374 1899 439 1962 sint
453 1900 532 1976 veri,
548 1898 649 1963 Ratio
664 1920 795 1983 quoque
810 1897 893 1963 falsa
906 1898 946 1962 fit
959 1899 1072 1962 omnis.

216 1997 272 2063 An
286 2009 442 2084 poterunt
457 2000 581 2065 Oculos
597 1999 708 2064 Aures
723 2000 988 2084 reprehenderet
1011 2022 1054 2063 en
1067 1998 1189 2064 Aureis

215 2098 365 2165 Tactus?
388 2123 431 2164 an
445 2101 647 2185 hunoporro
662 2099 805 2164 Tectum
820 2100 927 2184 Sapor
942 2111 1059 2185 arguet
1073 2102 1162 2165 oris?

152 2211 201 2258 490
216 2198 272 2264 An
287 2200 503 2265 confutabunt
517 2201 639 2279 Nares,
656 2201 794 2267 Oculive
810 2203 997 2267 revincent?

216 2300 296 2365 Non
312 2299 360 2383 (ut
375 2303 502 2385 opinor)
517 2303 563 2365 its
577 2303 636 2379 'st;
659 2325 734 2365 nam
750 2323 895 2366 seorsum
911 2303 1054 2385 quoique
1070 2312 1216 2386 potestas

217 2402 335 2467 Divisa
349 2404 407 2467 ’stz
432 2425 490 2467 sus
504 2403 553 2466 ris
568 2403 710 2487 quoique
726 2403 784 2481 ’st;
805 2403 945 2487 ideoque
961 2425 1096 2468 necesse
1112 2403 1163 2480 ἐν,

217 2504 319 2577 Quod
334 2503 440 2582 molle,
455 2515 512 2568 aut
528 2504 646 2569 durum
661 2514 722 2581 est,
733 2503 887 2588 gelidum,
900 2503 1080 2582 fervensve,
1094 2527 1240 2572 seorsum

216 2606 256 2670 Id
271 2605 377 2683 molle,
394 2617 451 2671 aut
466 2606 596 2684 durum,
611 2605 766 2691 gelidum,
782 2607 952 2672 fervensve
966 2606 1087 2686 videri3

128 2787 200 2847 scire,
218 2790 310 2853 pariter
328 2791 450 2856 ignorant,
469 2801 535 2842 etse
554 2793 668 2857 ignorare
700 2791 1088 2856 susquidcorrigstautrelellat?
1099 2791 1237 2842 AnRatiot

129 2854 272 2916 gloriantur.
702 2856 1176 2920 Ratioautemasensibustotapendet.
1197 2859 1239 2907 An

163 2918 218 2969 472
230 2918 289 2981 Qus]
302 2919 442 2983 Aliiqcmt
450 2921 667 2984 Gassendusquosr.
700 2921 742 2970 alii
757 2937 844 2970 sensus
855 2920 916 2971 alios
927 2921 1092 2970 convincent?
1124 2922 1179 2970 Hoc
1191 2922 1237 2971 mi·

162 2982 218 3034 47³.
231 2986 301 3032 Hunc
313 2988 394 3048 igitur,
407 2985 463 3048 etc]
474 2986 528 3034 Hos
539 2987 600 3034 duos
612 3001 666 3034 ver·
701 2986 767 3033 nime
789 2985 935 3040 dicendum3
964 3000 1021 3034 narn
1041 2985 1131 3049 singuli
1152 3002 1239 3036 sensus

129 3062 172 3096 sus
188 3063 273 3096 omnes
289 3049 358 3097 codd.
378 3062 521 3112 agnoscunt,
542 3059 668 3114 suspectos
700 3050 765 3098 circa
775 3050 875 3114 propria
886 3066 930 3098 sua
939 3051 1034 3112 objecta
1045 3059 1180 3109 versentur,
1192 3067 1239 3100 neo

130 3119 213 3160 tamen
235 3113 310 3162 habet
327 3114 468 3173 Lambinus,
492 3116 590 3164 tandem
610 3131 668 3164 vero
701 3115 759 3178 quid
769 3115 810 3162 alii
827 3131 914 3164 sensus
925 3124 1008 3178 agunt,
1020 3123 1115 3173 curam,
1127 3124 1170 3164 out
1180 3131 1239 3178 cog·

129 3175 197 3240 legit,
205 3180 274 3225 Hunc
284 3181 357 3240 igitur
365 3187 444 3227 contro
452 3179 568 3241 quidnam
577 3188 667 3228 eonten-
700 3188 818 3227 noscunt:
837 3179 877 3227 An
894 3179 969 3227 iidem
986 3178 1061 3242 igitur
1072 3194 1158 3227 sensus
1171 3179 1237 3243 seip-

130 3244 183 3290 dere
195 3244 295 3290 cureml
325 3242 383 3290 Alia
394 3253 432 3291 est
448 3243 521 3293 Fabri
538 3243 667 3302 sententia,
701 3259 741 3291 sos
761 3244 911 3291 emendent?
948 3242 979 3290 ld
1001 3243 1055 3290 fieri
1078 3258 1127 3290 non
1149 3252 1239 3306 potest,

130 3305 172 3368 qui
184 3305 235 3354 brec
249 3307 334 3355 habet:
352 3306 433 3356 Locus
450 3317 487 3355 est
502 3308 667 3356 luculentissi·
701 3307 816 3370 quonism
825 3307 936 3355 sensibus
945 3321 1015 3368 aequs
1022 3306 1083 3354 fides
1093 3315 1131 3354 eat
1142 3321 1239 3371 semper

130 3384 199 3427 mus,
216 3370 266 3425 Qui
278 3371 390 3420 menibus
403 3371 576 3435 ingrediuntur
592 3387 669 3435 prono
701 3370 845 3420 adhibenda
891 3369 1002 3433 Simplici
1023 3367 1099 3432 igitir
1122 3386 1239 3420 rensuum

129 3432 157 3482 in
168 3443 258 3483 terrsm
267 3435 355 3499 capite,
365 3437 429 3496 qood
441 3437 587 3484 histrionum
598 3435 669 3499 pueri
701 3433 911 3498 representationi
923 3433 960 3496 (id
975 3442 1012 3483 est
1025 3438 1109 3495 pristis
1123 3435 1238 3498 uentu)

130 3498 204 3562 vulgo
222 3499 322 3558 faciunt,
339 3515 389 3548 non
406 3500 454 3548 nisi
470 3509 538 3548 retro
555 3500 669 3548 incedere
701 3498 834 3547 fidendum
868 3498 993 3562 Epicurus
1004 3498 1102 3554 docum
1126 3497 1239 3564 Κριτήριε

130 3573 247 3626 possuut;
273 3565 338 3627 quod
359 3563 430 3613 facile
451 3564 481 3612 ad
500 3564 669 3628 explicandum
701 3561 814 3622 ἀληθεία
831 3560 890 3612 εἶναι
909 3561 953 3612 eds
969 3560 1096 3622 αἰσθήσεις,
1114 3564 1162 3612 οὐδ’
1180 3562 1239 3615 εἶναι

131 3627 240 3676 Lucretii
262 3628 410 3677 sententiam
427 3629 559 3678 transferre
581 3629 668 3692 possis.
701 3627 731 3677 rb
743 3625 871 3688 δυνάμενον
882 3627 954 3677 αὐτὸς
965 3624 1091 3688 bremens.

130 3692 317 3742 'linusferamua
332 3693 414 3758 igitur,
427 3703 452 3742 et
462 3694 514 3742 brec
525 3693 558 3742 sit
568 3703 668 3742 senten·
734 3694 790 3741 481.
798 3695 879 3755 Neque
887 3690 983 3754 marm]
992 3693 1237 3752 saumsirmio:

130 3757 180 3814 tias
198 3758 256 3806 Non
266 3767 305 3806 est
316 3758 491 3822 disputandum
501 3774 557 3806 cum
573 3758 617 3806 illo
627 3758 670 3822 qui
700 3756 823 3821 imperite

130 3822 214 3870 omnia
229 3822 355 3887 pervertit,
367 3823 432 3885 quod
449 3839 525 3872 novos
537 3823 668 3873 Academi·
734 3821 791 3873 487.
813 3824 885 3870 aaut
905 3838 993 3934 proquo
1012 3819 1034 3884 s

129 3902 174 3936 eos
184 3887 271 3937 iecisse
282 3896 376 3935 sertum
388 3896 432 3936 est
701 3888 754 3936 uris
764 3885 812 3949 γὰρ
821 3884 895 3946 λόγος
920 3885 952 3935 πὸ
962 3888 1011 3935 τῶν
1022 3885 1154 3944 αἰσθήσεων
1164 3888 1237 3951 ἤρνη-

164 3953 220 4000 480.
234 3954 337 4001 laomim
345 3955 427 4014 primis
439 3955 470 4000 ab
485 3953 599 4010 mbos,
611 3951 669 4014 ato]
702 3970 749 4010 roa,
760 3951 829 4000 ritca
838 3948 864 3999 ol
876 3951 984 4009 αἴσθησιν
996 3949 1093 4011 ἄλογον.
1107 3951 1238 4015 Epicurus.

131 4016 189 4064 Jsm
200 4017 297 4065 tandem
309 4032 332 4066 v.
345 4018 384 4065 m.
402 4032 489 4066 sensim
500 4032 553 4065 esse
565 4016 671 4065 criteria
735 4018 791 4065 488.
808 4018 847 4064 As
859 4018 1084 4077 poterant-Aures,
1100 4014 1157 4077 eto]
1175 4016 1239 4066 Οὔτε

132 4080 252 4130 Veritatis
262 4081 419 4130 demonstrat.
451 4081 558 4129 Idenim
570 4081 667 4129 Verita-
700 4077 1239 4141 ἧδμοινγινὴεαῖσθησιεόμοιννενῆδιελέγεω

129 4144 164 4194 tis
176 4144 300 4194 Griterioa
315 4145 349 4194 sit
364 4161 464 4195 neeesse
480 4155 524 4203 est,
541 4145 607 4209 quod
622 4145 667 4193 t'al-
699 4143 798 4194 struo
808 4143 847 4193 ne
856 4144 902 4202 τὴν
914 4142 1069 4201 ἰσοσθένειαν,
1080 4143 1136 4192 othe
1150 4141 1167 4199 ri
1182 4140 1237 4191 ἆνε-

130 4209 355 4285 mmcorrigereet
369 4210 476 4259 refutare
491 4211 583 4274 possit:
604 4209 669 4259 illud
701 4209 827 4290 puoparbs
842 4208 888 4266 rip
903 4207 1067 4282 ἄνομειογενῆ,
1086 4207 1114 4257 ot
1129 4206 1177 4267 γὰρ
1190 4207 1239 4257 τᾶν

131 4287 191 4322 vero
201 4272 398 4324 sacrumsensua
434 4276 597 4339 lpsosautem
611 4291 667 4324 sen·
702 4274 780 4324 sim
790 4271 898 4335 κριτικαί
933 4271 1063 4335 Epicurus
