2872 4852
704 243 727 290 V

100 445 103 449 .
159 393 193 447 et
207 405 280 449 cum
295 386 435 470 antiquis
451 397 559 451 ament
573 385 680 471 loqui3
704 411 810 472 neque
831 391 963 474 quidem
986 391 1190 456 diffitendum
1212 416 1267 458 an-

160 503 257 586 tiquis
277 507 420 583 vocibus,
441 517 474 571 et
492 517 637 572 veterum
659 506 814 591 loquendi
836 509 994 588 formulis,
1015 510 1170 593 (horridae
1191 511 1267 577 licet

159 621 329 687 videantur
343 635 377 689 et
392 624 548 704 incultae,)
563 627 626 690 vim
640 637 673 690 et
687 648 879 710 generosam
902 630 1065 713 quandam
1087 628 1269 713 pulchritu-

158 739 267 805 dinem
281 743 398 808 inesse.
436 743 542 809 Novae
557 744 698 829 placent,
711 768 849 831 namque
861 746 1020 826 delicatae,
1034 750 1093 813 sed
1102 749 1267 834 languidae

158 869 192 923 et
206 860 338 938 inertes,
354 862 417 926 ista
432 874 511 927 aetas
531 887 605 948 quae
627 863 779 948 perpolit,
805 863 942 944 emollit;
975 889 1080 950 neque
1105 866 1199 931 aliam
1222 869 1266 933 ob

158 1001 289 1044 causam
300 980 418 1046 fluidas
434 982 466 1046 in
483 982 603 1047 Ovidio
620 982 762 1061 delicias,
786 985 819 1047 in
840 983 978 1069 Virgilio
1001 1007 1168 1050 nervosam
1191 985 1268 1051 Ma·

76 1086 79 1091 ⁵
153 1099 307 1184 jestatem
323 1101 529 1178 admiramur,
545 1124 641 1186 quam
656 1103 745 1187 quod
761 1101 843 1166 alter
862 1125 935 1168 cum
951 1105 1025 1169 viris
1048 1087 1174 1169 tantum
1197 1127 1266 1170 suoe

59 1299 62 1303 Ι
157 1219 262 1282 aetatis
278 1218 485 1302 loquebatur,
509 1218 592 1285 alter
613 1243 678 1284 non
704 1244 779 1285 suos
804 1222 936 1305 quidem
961 1220 1116 1306 neglexit,
1142 1224 1200 1288 sed
1225 1225 1264 1287 iis

156 1337 328 1402 immiscuit
343 1338 500 1422 Majores.
540 1340 618 1403 Non
634 1363 711 1404 vero
727 1341 832 1404 tenuis
847 1339 940 1404 labor
952 1350 1014 1418 est,
1026 1364 1134 1419 voceS,
1145 1343 1264 1426 quibus

157 1454 298 1532 Ennius,
314 1453 439 1533 Attius,
455 1457 602 1532 Naevius,
619 1469 681 1522 etc.
699 1458 749 1522 usi
766 1467 852 1534 sunt,
869 1458 1052 1522 reconditas
1068 1459 1264 1544 penitusque

150 1575 299 1658 jacentes
314 1576 468 1653 invenire,
485 1576 648 1661 explicare
663 1577 829 1654 inventas;
852 1575 1022 1641 evolvendi
1046 1587 1122 1641 sunt
1136 1587 1263 1641 veteres

157 1692 379 1771 Grammatici,
404 1694 581 1759 Poetarum
605 1697 813 1780 interpretes,
838 1694 940 1759 multo
965 1695 1105 1780 denique
1132 1718 1206 1773 usu,
1230 1706 1264 1760 et

154 1814 226 1898 pari
240 1814 418 1878 attentione
437 1837 531 1900 opus.
607 1850 611 1857 ·

197 1932 298 2005 Quod
318 1932 346 1995 si
367 1931 464 2015 plana
487 1933 603 1997 fuisset
628 1942 662 1997 et
687 1943 801 2018 aperta
825 1932 948 2009 Dictio,
973 1932 1130 1998 Materies
1155 1945 1263 2000 tamen

155 2048 293 2114 difficilis
309 2059 342 2113 et
356 2051 523 2134 impedita,
537 2072 597 2116 nec
613 2049 745 2115 cuilibet
760 2051 856 2115 obvia
867 2061 919 2114 est
935 2050 1074 2136 Epicuri
1083 2053 1184 2131 ratio;
1207 2075 1263 2117 ex-

152 2171 239 2253 perti
253 2168 374 2233 nbrunt
390 2167 481 2234 Illius
500 2169 745 2256 Philosophiam
768 2170 936 2256 postulare
960 2172 1130 2236 subactum
1152 2182 1185 2237 et
1207 2195 1265 2256 pa-

156 2287 239 2352 tiens
264 2288 439 2371 ingenium,
465 2288 554 2371 quod
578 2286 683 2351 nullas
707 2288 895 2352 reformidet
920 2288 1138 2366 difficultates,
1165 2301 1199 2354 et
1223 2292 1265 2355 sit

157 2405 257 2468 totius
272 2414 399 2468 naturae
414 2427 536 2490 capax;
567 2427 674 2490 neque
697 2428 774 2470 vero
796 2405 981 2481 tacendum,
1006 2407 1095 2489 quod
1120 2406 1190 2485 Ille,
1209 2410 1266 2493 qui

154 2520 275 2587 nullam
290 2522 488 2588 foelicitatem
505 2524 573 2588 sine
590 2524 670 2590 Otio
685 2547 769 2602 esse,
786 2535 819 2589 et
836 2523 904 2588 sola
920 2547 978 2587 sua
994 2525 1135 2591 Ratione
1152 2538 1185 2591 et
1205 2526 1265 2590 Sa-

154 2643 275 2728 pientia
290 2642 523 2708 beatitudinem
539 2641 662 2728 acquiri
677 2665 775 2728 posse
791 2643 992 2721 decreverat,
1007 2643 1202 2709 laboriosam
1216 2646 1264 2710 in-

155 2761 260 2826 stituit
288 2760 501 2846 disciplinam,
529 2773 563 2827 et
587 2785 672 2847 quae.
689 2762 740 2826 sui
763 2762 927 2826 studiosos
951 2785 1117 2847 nunquam
1140 2765 1263 2849 patitur

155 2881 276 2945 otiosos
291 2903 382 2946 esse:
407 2882 528 2967 quippe
544 2905 564 2946 a
580 2882 749 2958 Sensibus
765 2882 798 2945 in
814 2882 932 2966 quibus
948 2880 1112 2946 hominum
1136 2883 1271 2948 desidia

153 3000 377 3086 utplurimum
393 3000 551 3077 subsistit,
568 3000 719 3079 abducit;
743 3001 828 3085 rapit
849 3023 909 3085 per
924 3000 1025 3064 Inane
1048 3001 1210 3078 insensile,
1227 3012 1261 3067 et

153 3119 186 3183 in
202 3120 287 3183 omni
301 3118 527 3204 explicatione,
551 3128 600 3182 tot
615 3128 648 3183 et
671 3128 736 3182 tam
754 3120 885 3183 minutis
902 3121 1004 3183 utitur
1025 3119 1259 3196 instrumentis,

153 3247 190 3301 ut
212 3237 265 3302 illa
280 3237 431 3322 colligere
454 3260 627 3323 operosum
651 3237 702 3317 sit,
725 3236 935 3322 contemplari
956 3261 1076 3320 gravet
1104 3238 1262 3302 utColo-

152 3377 234 3432 rum,
250 3355 422 3441 Saporum,
439 3356 629 3421 Odorumve
645 3355 864 3432 variationem,
882 3355 928 3438 (hi
949 3366 1024 3419 sunt
1038 3354 1188 3440 vulgares
1203 3380 1260 3422 na·

153 3483 236 3538 turae
246 3474 363 3557 lusus)
373 3472 545 3558 intelligas,
562 3475 789 3559 perspicienda
800 3484 850 3537 est
862 3487 1006 3538 motuum
1016 3475 1259 3562 figurarumque

152 3592 277 3658 infinita
292 3595 441 3670 varietas
458 3614 636 3669 connexus,
656 3591 727 3666 viae,
749 3593 938 3672 intervalla3
962 3593 1041 3657 nihil
1061 3595 1095 3658 in
1116 3594 1178 3661 hac
1194 3597 1259 3662 dis-

152 3714 269 3800 ciplina
300 3713 447 3799 simplex,
477 3724 510 3777 et
539 3714 628 3797 quod
657 3735 722 3777 uno
752 3715 845 3797 quasi
878 3715 996 3778 intuitu
1027 3703 1260 3799 comprehendi

151 3837 273 3920 possit:
308 3834 361 3898 alii
386 3834 514 3898 interim
539 3832 731 3918 Philosophi
755 3834 805 3910 iis,
831 3857 912 3918 quas
937 3833 1105 3898 sensibiles
1130 3847 1258 3930 vocant,

151 3953 361 4038 qualitatibus
383 3953 532 4017 instructi
548 3954 653 4016 omnia
673 3963 798 4017 naturae
814 3975 915 4037 opera
929 3954 1121 4039 compendio
1144 3954 1261 4018 transi-

150 4083 243 4157 gunt,
260 4094 391 4155 unoque
411 4071 547 4157 Spiritu,
571 4080 724 4155 tanquam
738 4071 878 4136 vesicam
901 4072 1063 4150 inflarent,
1086 4074 1259 4146 instituunt

152 4191 398 4276 Philosophum.
445 4190 521 4256 Hoc
536 4191 625 4275 quod
648 4191 723 4255 dico
746 4191 837 4256 Idem
861 4190 919 4255 Ille
943 4191 1186 4266 demonstravit,
1203 4187 1260 4272 qui

152 4308 252 4372 multa
267 4333 285 4374 a
309 4310 499 4376 Democrito
516 4334 645 4377 sumens
662 4321 711 4376 tot
727 4309 941 4376 voluminibus
964 4309 1127 4375 inchoavit
1149 4307 1258 4392 potius
