2872 4852
773 233 798 281 X

232 382 343 460 tribui,
374 380 689 468 neque'queuquam
717 384 921 447 innocentem
946 380 1111 447 calumniis
1143 381 1281 466 opprimi
1306 392 1340 446 et

234 500 372 565 obtundi
386 499 476 566 velis.

239 617 243 624 “
277 618 378 692 Quod
400 620 567 705 negaverit
588 620 698 684 Deum
713 619 860 685 effecisse
877 620 993 697 omnia,
1010 629 1043 683 et
1064 618 1353 684 humanacurare-

232 737 365 822 impium
388 748 542 824 agnosco,
566 748 600 804 et
622 760 688 803 non
711 760 773 823 ego
796 740 823 802 is
849 761 920 802 sum
943 739 1000 823 qui
1022 760 1231 818 excusarem,
1264 738 1340 804 licet

232 855 309 922 huic
320 855 423 922 errori
436 857 609 922 humanam
623 857 874 923 imbecillitatem
887 868 1070 942 praetexere
1083 859 1340 944 potuerim‚·cum

233 997 345 1041 omnes
371 974 505 1060 Physici
528 985 602 1041 ante
623 975 866 1060 Anaxagoram,
892 973 1100 1053 Aristoteles,
1125 998 1186 1041 nec
1210 976 1339 1042 Stoicos

232 1095 403 1179 excipiam,
428 1095 546 1178 quibus
568 1094 692 1161 Fatum
709 1106 780 1161 erat
804 1117 865 1179 pro
888 1093 1110 1171 Providentia,
1136 1095 1200 1158 sint
1223 1094 1340 1159 eodem

233 1213 364 1276 crimine
386 1211 549 1296 impliciti:
577 1213 751 1279 AEternam
773 1216 950 1291 materiam,
971 1213 1038 1278 Dei
1061 1234 1204 1278 sororem
1225 1224 1262 1278 ut
1284 1236 1340 1278 vo-

232 1341 319 1410 cant,
336 1333 511 1416 objicerem
532 1330 720 1413 Platonicis,
736 1344 770 1398 et
784 1333 867 1398 Mali
888 1332 1082 1417 principium
1102 1333 1225 1416 pariter
1244 1343 1340 1416 aeter·

230 1473 328 1529 num;
353 1451 609 1516 demonstrarem
624 1453 713 1536 quod
728 1451 805 1537 Ipse
819 1452 986 1536 Epicurus
1001 1473 1067 1515 non
1081 1451 1186 1515 miuus
1207 1451 1339 1516 honori·

231 1564 294 1634 fiee
316 1569 359 1633 de
381 1568 458 1632 Deo
481 1569 629 1646 senserit,
652 1591 750 1653 quam
771 1569 832 1634 lsti
846 1569 903 1654 qui
924 1569 1027 1632 videri
1042 1567 1154 1632 volunt
1169 1568 1338 1653 (Socineos

231 1685 406 1770 intelligas)
427 1686 581 1770 piissimi:
613 1687 753 1771 denique
775 1687 865 1772 quod
879 1685 1013 1751 ‘Deum¹
1036 1684 1135 1750 coluit
1156 1686 1245 1752 nulla
1267 1710 1338 1772 spe,

232 1801 442 1889 nullo'pretio
464 1805 629 1882 inductus,
646 1806 704 1870 sed
727 1816 863 1891 propter
878 1807 949 1890 ejus
966 1805 1176 1889 Majestatem
1190 1806 1339 1872 eximiam

233 1921 482 2008 supremamque
491 1933 656 1989 naturam:
682 1924 820 1989 sedistis
833 1924 958 1989 omissis
971 1922 1189 2008 contemplare
1200 1924 1339 1988 obsecro

233 2039 415 2127 Epicurum
432 2039 591 2127 tanquam
612 2043 647 2106 in
668 2043 762 2107 trivio
784 2043 938 2126 positum,
962 2041 1064 2106 Stoici
1077 2048 1153 2106 cum'
1171 2064 1233 2106 suo
1254 2041 1340 2107 Fato

232 2159 428 2224 obsidebant
459 2159 544 2225 hanc
568 2161 663 2238 viam,
691 2181 800 2244 aqua
827 2159 949 2244 refugit
972 2157 1134 2225 Voluntas
1153 2157 1271 2222 >libera
1304 2169 1339 2224 et

231 2277 322 2343 Fatis
335 2279 450 2344 avulsa
455 2306 464 2358 ;
487 2277 574 2343 illam
585 2275 767 2362 'implebant
777 2277 863 2342 Boni
878 2279 1031 2342 adversas
1048 2299 1101 2342 res
1115 2275 1338 2360 deplorantes,

145 2374 147 2378 Ι
231 2395 379 2481 Malique
389 2399 551 2483 jactantes
568 2397 741 2474 secundas,
754 2418 863 2480 neque
885 2395 958 2461 illac
974 2406 1045 2461 erat
1060 2393 1153 2458 facile
1168 2404 1339 2459 transeun-

231 2513 320 2592 dum,
337 2516 371 2578 in
386 2515 533 2580 Tertiam
547 2516 647 2598 igitur
661 2515 787 2579 fervido
802 2515 895 2578 nimis
910 2523 945 2578 et
959 2512 1200 2578 inconsiderato
1214 2513 1339 2598 impetu

232 2630 381 2714 prosiluit
395 2658 403 2710 ;
425 2632 578 2696 miserere
593 2641 693 2695 tantae
708 2630 929 2708 infoelicitatis‚
944 2631 1007 2694 nisi
1021 2628 1112 2694 malis
1129 2629 1283 2695 oblivisci.

236 2746 238 2751 ⁸
276 2747 388 2813 Patria
410 2749 487 2814 Deo
509 2750 667 2833 proxima,
684 2751 820 2834 ejusque
835 2749 932 2813 saluti
947 2772 1041 2814 suum
1057 2749 1157 2813 otium
1179 2760 1255 2835 post
1278 2749 1336 2815 ha-

231 2866 303 2931 buit
318 2867 495 2951 Epicurus,
513 2867 620 2951 siquid
635 2867 859 2933 interveuerit¹
874 2890 1065 2933 accessurus
1082 2869 1124 2932 ad
1143 2866 1338 2951 Rempubli-

231 3007 319 3051 cam:
343 3009 409 3051 non
422 2987 617 3072 impotenter
632 2989 809 3073 appetebat
823 2988 1003 3072 imperium,
1019 3011 1125 3072 neque
1141 2988 1225 3072 fugit
1236 2988 1337 3051 admi-

230 3105 452 3169 nistrationem
475 3127 548 3169 cum
570 3102 754 3169 invitaverit
780 3106 918 3183 occasio,
942 3103 1007 3171 leni
1029 3107 1162 3190 mitique
1188 3127 1336 3170 secessus

230 3219 413 3308 placuit,‘et
430 3245 504 3303 cum
526 3223 570 3288 Se
593 3224 787 3288 abstinuerit
797 3204 828 3287 ⁸a
849 3224 949 3287 rebus
972 3224 1117 3289 civilibus
1140 3226 1337 3309 praeparavit

230 3343 430 3427 principem:
453 3339 639 3409 Amicitias⁸
653 3364 718 3406 non
733 3342 878 3407 oratione
894 3341 1008 3421 solum,
1029 3344 1088 3408 sed
1110 3343 1211 3408 multo
1233 3344 1336 3428 magis

230 3460 307 3537 vita,
323 3470 357 3524 et
369 3460 462 3526 factis
475 3462 666 3527 et'moribus
679 3461 919 3546 comprobavit;
943 3460 1132 3528 familiares*
1147 3462 1230 3526 fame
1246 3461 1336 3525 labo-

230 3586 341 3642 rantes
364 3580 527 3657 sustinuit,
550 3580 689 3664 partitus
705 3601 778 3644 cum
800 3581 879 3664 ipsis
896 3581 938 3644 ad
961 3601 1130 3645 numerum
1145 3579 1257 3644 fabas:
1287 3578 1336 3642 et⁵

229 3695 294 3759 ista
316 3698 552 3762 commendatio
573 3719 760 3782 puerorum,
782 3698 936 3762 memoria
957 3708 990 3762 et
1013 3697 1153 3762 charitas
1177 3695 1334 3774 amicitiae,

230 3829 426 3881 summorum
440 3816 617 3882 officiorum
633 3819 667 3881 in
681 3826 827 3881 extremo
843 3814 975 3900 spiritu⁰
990 3815 1192 3880 conservatio
1214 3815 1335 3880 indicat

228 3932 370 3999 innatam
384 3956 456 4000 esse
471 3934 592 4000 homini
608 3936 805 4020 probitatem
820 3935 1005 4020 gratuitam,
1020 3956 1086 3998 non
1101 3934 1266 3998 invitatam
1280 3957 1336 3998 vo·

261 4146 270 4179 ¹
283 4146 376 4196 Seneca
385 4147 416 4196 dc
428 4148 489 4196 Bau.
500 4147 542 4197 lib.
556 4149 602 4198 1v.
615 4164 667 4213 cap.
679 4150 717 4198 19.
831 4147 842 4180 ⁴
854 4147 999 4197 Plutarchus
1010 4147 1037 4195 in
1049 4146 1100 4196 vita
1111 4147 1239 4197 Demetrii.

260 4225 339 4287 wid.
351 4237 416 4278 ratas
425 4229 559 4279 sententias
571 4231 636 4296 apud
648 4231 728 4280 Lairt.
832 4230 842 4262 ⁶
854 4229 948 4285 Cicero,
960 4227 1002 4277 lib.
1016 4229 1052 4276 ΙΙ.
1065 4228 1096 4277 de
1108 4229 1162 4277 Fin.
1244 4299 1247 4303 ,

232 4304 234 4309 ’
259 4306 376 4372 ’Cicera
388 4309 429 4361 lib.
442 4309 463 4361 1.
475 4310 505 4360 de
518 4309 573 4360 Fiu.
830 4309 907 4359 ⁸Vid.
920 4309 988 4358 ‘l'est
1001 4308 1104 4373 Epicuri
1116 4310 1182 4374 apud
1194 4310 1273 4359 Lairt
